4118 6276
508 339 630 402 3θῦ
1873 321 2188 386 GEORGII

2236 325 2272 382 (ζ
2285 323 2568 386 EDREN]
3749 335 3844 396 396

501 472 750 531 nasticm
771 467 1174 525 traditionem.
1200 463 1419 528 Quodsi
1451 477 1601 534 quos
1631 463 1810 516 etiam
1839 463 2146 514 extraneos

2266 474 2386 528 γοις
2429 453 2868 513 διαϐεϐαιοῦνται
2925 457 3160 533 ἀρχαίαν
3209 457 3297 513 καὶ
3354 457 3694 530 ἀποπολικήν
3739 449 3852 520 ιιίναι

503 565 688 617 testes
717 556 1056 623 laudemus,
1085 553 1226 608 vitio
1257 551 1428 608 nobis
1459 551 1519 606 id
1575 551 1722 606 verti
1778 565 1899 604 non
1956 545 2154 602 debet.

498 651 667 706 Plato
694 644 941 720 proinde
973 660 1152 716 quam
1175 658 1308 698 rara
1331 641 1452 696 sint
1470 657 1540 696 ea
1563 656 1694 710 quae
1715 637 1990 695 absoluta
2019 641 2158 692 sunt

501 733 962 804 indicans,haud
992 731 1248 789 absurde
1271 731 1353 786 ita
1371 729 1611 786 scribit:
1639 750 1668 780 ι(
1716 729 1841 784 Non
1872 726 2018 780 mihi
2071 725 2152 779 vi-

503 828 720 884 dentur
748 823 1047 889 homines,
1078 820 1196 876 nisi
1227 820 1420 891 pauci,
1455 818 1611 873 beati
1643 833 1710 872 ac
1759 815 1966 871 felices
2025 814 2154 869 ﬁeri

501 932 700 990 posse,
755 913 1110 984 quantisper
1166 910 1321 965 hanc
1375 908 1554 962 vitam
1607 906 1929 962 ducimus:
1980 903 2154 959 multi

505 1006 667 1062 enim
699 1007 837 1058 sunt
858 998 1316 1071 virgiferi,pauci
1349 1001 1548 1052 autem
1564 1000 1622 1050 et
1650 994 1769 1050 rari
1791 992 2150 1066 philosophi.

505 1099 682 1152 Recte
706 1097 904 1149 autem
938 1089 1193 1146 traditur
1240 1104 1308 1144 ac
1359 1086 1620 1142 creditur
1678 1089 1942 1140 mortuos
1999 1082 2158 1138 bona

503 1181 810 1253 consequi.
840 1202 860 1229 ο
898 1179 996 1234 His
1021 1177 1201 1232 infert
1228 1177 1316 1231 vir
1335 1175 1567 1230 sincero
1596 1173 1798 1229 animo
1837 1177 2015 1242 atque
2055 1187 2151 1243 ge-

503 1269 985 1341 neroso,qualem
1010 1265 1317 1338 Eschylus
1347 1261 1919 1334 describit,prasmiis
1949 1277 2017 1316 ac
2051 1259 2155 1315 do-

506 1363 600 1417 nis
631 1360 947 1416 afﬁcietur.
973 1356 1081 1422 Qui
1111 1355 1343 1411 videtur
1369 1353 1506 1410 talis
1528 1369 1678 1408 esse.
1711 1351 1888 1422 Atqui
1946 1351 2010 1405 in
2063 1349 2156 1404 in-

507 1455 669 1506 certo
698 1447 1139 1520 est,justititene
1171 1461 1247 1500 an
1278 1460 1416 1499 vero
1441 1458 1758 1498 munerum
1781 1445 1841 1496 et
1860 1441 2155 1494 honorum

501 1555 680 1597 causa
714 1537 854 1594 talis
875 1537 969 1592 sit.
1005 1533 1326 1590 Nudandus
1357 1532 1536 1604 igitur
1579 1529 1856 1585 omnibus
1903 1534 2012 1596 est,
2045 1528 2152 1583 ita-

502 1646 616 1700 que
647 1623 1007 1698 redigendus
1029 1629 1094 1679 ut
1123 1623 1196 1678 sit
1221 1621 1349 1693 ejus
1395 1636 1574 1692 quem
1623 1619 1790 1690 prius
1839 1616 2156 1688 descripsi-

503 1735 638 1774 mus
669 1715 1022 1773 contrarius.
1057 1712 1230 1769 Nulla
1261 1711 1420 1767 enim
1463 1727 1526 1764 re
1578 1707 1865 1780 praeditus
1921 1706 2153 1778 opinio-

509 1825 647 1864 uem
676 1806 895 1863 habeat
919 1819 1168 1860 summae
1199 1800 1528 1873 injustitiie,
1559 1804 1628 1854 ut
1656 1799 1739 1854 ita
1783 1797 2152 1868 exploratum
2183 1821 2230 1886 Β

506 1899 583 1954 sit
613 1913 748 1953 eum
779 1911 909 1951 esse
919 1895 1312 1966 justum,cum
1343 1907 1461 1945 non
1477 1889 1647 1945 cedat
1668 1889 1924 1944 sinistrm
1955 1887 2148 1954 famas,

505 2003 700 2059 neque
721 1983 1050 2042 ambitione
1071 1987 1172 2037 aut
1187 1980 1260 2035 iis
1289 1996 1421 2051 quas
1444 1977 1582 2034 inde
1619 1977 1893 2033 oriuntur
1916 1975 2150 2048 propel-

504 2076 682 2140 latur,
715 2073 821 2130 sed
838 2073 916 2128 sit
931 2069 1256 2136 mutabilis,
1280 2073 1404 2124 toto
1425 2067 1558 2122 vita:
1581 2067 1772 2138 spatio
1795 2082 1930 2121 cum
1976 2070 2150 2136 pute-

507 2169 602 2220 tur
630 2179 760 2219 esse
792 2161 1070 2233 injustus.
1102 2161 1173 2213 Et
1201 2157 1443 2230 quidem
1475 2157 1656 2212 etiam
1701 2157 1988 2220 Socrates,
2020 2154 2150 2224 ejus

502 2257 856 2324 praeceptor,
875 2250 957 2304 ita
974 2249 1122 2306 857
1149 2263 1286 2302 eum
1306 2244 1688 2317 interrogavit
1709 2261 1724 2312 ;
1749 2246 1837 2299 An
1863 2242 2151 2298 debemus

503 2339 658 2411 vulgi
691 2338 762 2393 de
803 2335 976 2392 nobis
996 2334 1224 2407 judicia
1253 2339 1517 2389 metuere
1539 2333 1566 2386 ‘2
1585 2337 1687 2388 aut
1712 2329 2151 2403 potius,spretis

501 2427 780 2484 omnibus
801 2425 1092 2496 aliis,ejus
1110 2422 1403 2494 judicium
1417 2421 1671 2477 revereri
1695 2420 1796 2492 qui
1810 2419 1862 2476 ei
1885 2418 2042 2490 quod
2063 2434 2152 2474 re-

502 2521 665 2572 ctum
687 2520 776 2570 est
797 2513 1169 2585 obtemperet
1189 2512 1217 2568 ?
1235 2511 1330 2566 cui
1351 2509 1466 2566 nisi
1489 2525 1822 2582 pareamus,
1838 2508 2050 2579 ingens
2069 2507 2150 2562 si-

505 2620 638 2660 mus
672 2604 958 2660 damnum
989 2601 1348 2674 percepturi.
1382 2601 1507 2654 Non
1540 2597 1837 2669 equidem,
1869 2597 2018 2652 heus
2064 2601 2148 2661 tu,

505 2691 836 2748 curandum
860 2690 1032 2746 nobis
1053 2695 1143 2746 est
1171 2687 1314 2760 quid
1334 2687 1502 2760 plebs
1526 2685 1884 2758 judicet,sed
1901 2683 2042 2756 quid
2061 2700 2154 2739 ve-

504 2779 652 2834 ritas
682 2777 914 2850 probet,
950 2777 1333 2848 quaajustum
1361 2773 1434 2830 ab
1453 2773 1674 2845 injusto
1705 2771 2150 2826 discernit.Hasc

501 2868 814 2940 perspicue
843 2867 1030 2938 magis
1061 2863 1421 2921 conveniunt
1451 2863 1672 2918 nostris
1731 2861 1914 2916 sacris
1971 2864 2148 2930 atque

502 2957 844 3028 apostolicis
897 2954 1292 3012 sermonibus.
1353 2954 1496 3008 Nam
1554 2951 1772 3006 Paulus
1828 2950 1912 3005 ita
1953 2949 2148 3020 loqui-

505 3054 604 3102 tur
635 3045 679 3082 “
715 3063 780 3100 :«
813 3046 1006 3101 Armis
1028 3044 1278 3116 justitias
1310 3042 1534 3098 dextris
1591 3047 1650 3096 et
1705 3039 1985 3104 sinistris,
2043 3055 2150 3110 per

497 3135 749 3208 gloriam
776 3141 834 3190 et
851 3133 1373 3208 iguominiam,per
1392 3131 1710 3203 opprobria
1735 3129 2148 3186 etmoestitiam

498 3229 782 3294 tanquam
801 3223 1178 3294 impostores,
1210 3238 1345 3276 cum
1379 3221 1619 3291 quidem
1651 3219 1838 3274 simus
1888 3235 2146 3286 veraces,
2179 3192 2221 3259 θ

499 3315 784 3382 tanquam
833 3309 1038 3381 ignoti,
1071 3325 1205 3364 cum
1262 3309 1450 3363 simus
1507 3308 1654 3376 noti,
1714 3313 1996 3378 tanquam
2027 3323 2148 3362 mo-

505 3399 748 3466 rientes,
781 3414 917 3453 cum
949 3397 1192 3468 quidem
1221 3397 1504 3466 vivamus,
1539 3401 1604 3450 ut
1629 3395 1730 3466 qui
1787 3396 2150 3468 castigamur

502 3503 702 3559 neque
735 3493 934 3542 tamen
954 3501 1240 3541 necamur
1269 3507 1298 3535 ››
1331 3490 1442 3540 etc.
1473 3485 1632 3538 Hanc
1669 3483 1740 3538 de
1792 3483 2026 3555 justitia
2081 3500 2149 3538 ac

501 3577 635 3630 vitas
664 3576 898 3631 ratione
935 3577 1048 3630 Deo
1071 3579 1326 3646 acceptas
1353 3572 1684 3629 doctrinam
1701 3571 2002 3644 principes
2024 3571 2150 3644 phi-

503 3664 890 3736 losophorum
921 3663 1188 3718 Socrates
1217 3679 1286 3718 ac
1314 3662 1480 3718 Plato
1537 3659 1927 3728 tradiderunt,
1958 3660 2152 3716 admi-

504 3753 756 3810 rabilem
786 3752 1072 3826 profecto,
1107 3758 1166 3807 et
1191 3751 1368 3807 laude
1397 3751 1740 3820 dignam,ut
1768 3766 1898 3822 quas
1923 3749 1999 3804 sit
2054 3766 2148 3806 ra-

504 3842 650 3897 tioni
681 3842 943 3898 hominis
997 3841 1250 3897 naturali
1302 3846 1720 3896 consentanea.
1773 3839 2008 3894 Etenim
2041 3838 2148 3895 do-

507 3933 700 3987 ctrina
744 3947 974 3986 morum
1032 3947 1241 3986 omnes
1291 3931 1564 3985 homines
1629 3929 1702 3984 ab
1760 3929 1890 4000 ipsa
1935 3934 2148 3984 natura

501 4021 916 4076 instituuntur.
949 4019 1176 4092 Quippe
1235 4021 1387 4075 Deus
1419 4035 1554 4074 cum
1603 4018 1931 4073 humanum
1960 4033 2146 4089 genus

495 4110 882 4175 condidisset,
900 4109 1029 4181 ejus
1047 4115 1273 4166 naturae
1295 4107 1451 4164 bona
1472 4124 1539 4164 ac
1561 4107 1720 4163 mala
1766 4106 2143 4162 discernendi

489 4201 784 4256 rationem
819 4199 1075 4268 indidit;
1108 4198 1388 4270 idemque
1439 4204 1646 4270 gentes
1675 4197 1894 4253 erudiit
1947 4201 2005 4252 et
2032 4197 2142 4251 ho-

488 4289 717 4344 minem
773 4289 1110 4360 cognitione
1163 4287 1394 4342 imbuit.
1468 4287 1672 4357 Itaque
1729 4302 1850 4340 non
1911 4289 2142 4340 tantum

483 4376 760 4432 Socrates
790 4377 958 4430 Plato
993 4376 1218 4446 aliique
1275 4374 1552 4430 nonnulli
1613 4375 1796 4430 Graaci
1855 4373 2136 4446 injustam

487 4469 625 4516 sunt
653 4463 980 4518 abominati
1012 4463 1215 4532 vitam,
1242 4463 1344 4518 sed
1394 4468 1453 4518 et
1495 4462 1890 4518 Barbarorum
1943 4462 2135 4518 multi.

487 4549 714 4622 Quippe
753 4551 1162 4623 Hyperboreos
1233 4551 1413 4607 etiam
1486 4552 1806 4622 perhibent
1863 4551 2208 4620 habitareD

480 4643 648 4694 trans
659 4639 892 4710 Ripaeos
913 4640 1409 4712 montesjustitiaa
1428 4640 1625 4696 studio
1641 4639 1880 4696 assiduo
1905 4640 2130 4694 incum-

482 4726 693 4782 bentes
718 4744 732 4796 ;
756 4743 893 4783 nam
914 4744 1108 4798 neque
1131 4727 1409 4784 carnibus
1431 4733 1832 4794 vescuntur,et
1849 4727 2128 4783 arborum

479 4815 774 4871 fructibus
791 4815 1033 4872 aluntur
1053 4833 1387 4888 aquamque
1403 4816 1636 4872 bibunt.
1651 4819 1720 4870 Et
1736 4815 2128 4871 Brachmanas

481 4905 544 4960 in
559 4904 720 4961 silvis
737 4905 890 4962 358
905 4905 1391 4977 degere,corpora
1408 4905 1565 4962 foliis
1599 4911 1803 4973 tectos,
1843 4921 1911 4961 ac
1938 4905 2125 4960 virtu-

483 4994 558 5048 tis
595 4995 810 5068 majori
835 5011 1012 5066 quam
1033 5011 1138 5066 pro
1152 4995 1414 5050 humana
1443 4995 1785 5050 conditione
1806 4993 2000 5050 studio
2028 4994 2126 5049 de-

475 5084 1048 5156 ditos.§Anacharsin
1078 5101 1314 5156 quoque
1371 5085 1649 5157 Scytham
1706 5084 2124 5156 philosophum

476 5171 659 5230 fuisse
681 5175 869 5241 aiunt,
897 5175 980 5230 ila
1014 5190 1217 5230 amore
1247 5174 1552 5246 sapientia;
1582 5173 2015 5230 inﬂammatum
2060 5178 2126 5228 ut

477 5259 552 5314 ob
581 5262 876 5334 insignem
907 5266 1034 5336 ejus
1062 5263 1552 5320 exercitationem
1582 5268 1757 5336 atque
1792 5269 2124 5336 temperan-

476 5347 618 5404 tiam
649 5351 726 5405 sit
753 5352 1196 5408 celeberrimus.
1242 5354 1366 5408 Non
1425 5353 1584 5408 enim
1643 5353 1888 5426 vigilans
1945 5354 2122 5410 modo

477 5437 664 5492 animi
682 5439 939 5496 motibus
959 5440 1371 5498 obluctabatur
1394 5447 1589 5498 tacens
1609 5447 1786 5514 atque
1807 5442 2121 5513 quiescens

544 5617 586 5655 ¹¹
623 5616 675 5674 ll
703 5614 835 5672 Cor.
859 5631 932 5686 τι,
965 5618 1018 5685 7,
1050 5617 1102 5672 8.

2260 545 2360 614 τήν
2387 548 2484 600 τοῦ
2517 548 2794 622 μονήρους
2857 547 2981 623 βίου
3038 543 3358 621 παράδοσιν.
3392 546 3451 603 Ei
3499 545 3552 602 δὲ
3598 549 3678 603 καὶ
3723 571 3847 616 τινας

2259 638 2368 688 τῶν
2422 634 2646 710 θύραθεν
2707 635 2782 699 είς
2823 636 3022 707 ταύτην
3081 637 3181 705 τήν
3225 637 3510 712 μαρτυρίαν
3562 639 3844 713 παράξομεν,

2265 719 2460 794 μηδεὶς
2493 725 2788 801 μεμφέσθω
2809 725 2966 798 ἡμῖν.
2995 722 3238 786 Εἰκότως
3270 724 3359 778 οὗν
3390 725 3416 779 ὁ
3468 723 3674 781 Πλάτων
3703 727 3845 800 ὑπεμ-

2263 810 2468 886 φαίνων
2497 816 2605 866 τῶν
2661 811 2884 868 τελείων
2943 813 3004 867 τὸ
3063 813 3289 868 σπάνιον
3337 811 3566 890 ἔφασκεν·
3622 811 3743 870 «ού
3770 837 3848 889 μοι

2261 895 2412 954 δοκέῖ
2443 896 2664 956 δυνατὸν
2723 901 3030 974 ἀνθρώποις
3074 901 3362 976 μακαρίοις
3389 922 3445 956 τε
3473 902 3559 956 καὶ
3611 901 3846 976 εὐδαίμοσι

2261 988 2518 1062 γειέσθαι,
2558 988 2706 1060 πλὴν
2739 988 2962 1066 ὀλίγων.
3023 992 3203 1066 Μὲχρι
3260 1011 3357 1066 περ
3410 991 3466 1046 ἂν
3510 995 3689 1064 ζῶμεν,
3712 998 3843 1050 τοῦτο

2262 1075 2596 1154 διορίζομεν⁸
2637 1083 3042 1158 ναρθηκοφόροι
3097 1081 3196 1155 μὶν
3251 1082 3351 1156 γὰρ
3405 1080 3623 1152 πολλοὶ,
3650 1082 3844 1160 φιλόσο-

2261 1189 2356 1246 φοι
2386 1167 2442 1224 δὶ
2474 1171 2693 1224 σπάνιοι
2719 1169 2809 1225 καὶ
2841 1167 3046 1246 ὀλίγοι.
3105 1169 3260 1241 Καλὴ
3296 1168 3351 1226 δὲ
3380 1172 3559 1241 πρᾶξις
3588 1171 3670 1226 καὶ
3695 1171 3840 1236 πίστις

2259 1257 2660 1329 τελευτήσαντα
2740 1264 2928 1334 τυχεῖν
3015 1257 3287 1315 ἁπάντων.
3325 1284 3352 1312 ››
3419 1261 3570 1317 Ὃθεν
3623 1261 3846 1339 ὲπήγαγεν

2261 1341 2426 1421 ἄνδρα
2471 1345 2680 1402 ἁπλοῦν
2715 1347 2805 1402 καὶ
2835 1353 3080 1422 γενναῖον
3110 1350 3228 1404 κατ’
3297 1347 3590 1427 Αἰσχύλον.
3645 1351 3848 1406 Ἔσονται

2261 1434 2408 1508 αύτῷ
2440 1437 2597 1509 τιμαὶ
2625 1436 2716 1491 καὶ
2757 1435 2955 1512 δωρεαὶ
2987 1433 3241 1493 δοκοῦντι
3271 1438 3500 1510 τοιούτῳ
3553 1438 3690 1495 εἶναι,
3712 1437 3848 1510 "A81;-

2264 1524 2358 1580 λον
2389 1525 2482 1580 οὗν
2515 1523 2622 1580 ε’ίτε
2660 1531 2756 1580 τοῦ
2802 1523 3017 1582 δικαίου
3048 1525 3156 1582 εἷ’τε
3180 1531 3285 1582 τῶν
3321 1523 3531 1601 δωρεῶν
3583 1527 3666 1580 καὶ
3711 1529 3854 1600 τιμῶν

2261 1607 2414 1668 ἕνεκα
2440 1613 2688 1677 τοιοῦτός
2727 1613 2862 1670 ἐστι.
2905 1615 3222 1688 Γυμνωτέος
3279 1613 3345 1686 δή
3378 1615 3583 1670 πάντων
3634 1613 3758 1684 πλὴν
3785 1611 3852 1669 δι-

2259 1703 2552 1773 καιοσύνης
2586 1745 2601 1771 ,
2661 1707 2751 1758 καὶ
2803 1704 3067 1774 ποιητέος
3125 1703 3384 1766 ἐναντὶως
3433 1701 3742 1778 διακείμενος
3789 1707 3852 1776 τῷ

2260 1791 2534 1867 προτέρῳ.
2593 1791 2776 1864 Μηδὲν
2831 1793 2930 1868 γὰρ
2990 1792 3136 1873 ἔχων
3209 1792 3367 1868 δόξαν
3417 1794 3581 1873 ἐχέτω
3636 1794 3850 1870 μεγίστης

2259 1877 2489 1952 ἀδικίας,
2538 1882 2629 1936 ἳνα
2678 1877 3138 1956 βεϐασανισμένος
3193 1886 3228 1953 ἦ
3287 1883 3366 1946 εἷς
3425 1881 3754 1953 δικαιοσύνην,
3797 1881 3846 1937 τὸ

2263 1972 2338 2044 μή
2387 1970 2625 2026 τίθεσθαι
2678 1971 2782 2026 ὑπὸ
2837 1969 3154 2043 κακοδοξίας
3207 1972 3243 2042 ἢ
3294 1971 3599 2048 φιλοδοξίας
3649 1971 3728 2026 καὶ
3779 1970 3848 2026 ὑπ’

2259 2059 2428 2128 αὐτῆς
2459 2059 2790 2135 γινομένων,
2843 2058 2970 2116 ἀλλ’
3027 2055 3166 2116 ἔστω
3227 2062 3552 2134 μετάστατος
3582 2061 3728 2138 μέχρι
3771 2060 3847 2114 θα-

2257 2148 2415 2202 νάτου
2447 2146 2620 2202 δοκῶν
2662 2145 2848 2210 ἄδικος
2909 2150 3049 2205 εἶναι
3105 2147 3194 2204 διά
3227 2149 3373 2226 βίου.
3405 2151 3508 2206 Καὶ
3537 2147 3600 2219 δὴ
3651 2148 3730 2203 καὶ
3762 2155 3852 2204 Σω-

2257 2234 2463 2310 κράτης
2491 2237 2520 2290 ὁ
2553 2233 2878 2299 διδάσκαλος
2947 2237 3111 2294 αὐτοῦ
3166 2239 3304 2313 πρὸς
3359 2239 3516 2294 αὐτὸν
3545 2237 3702 2300 οὕτως
3747 2232 3848 2313 ἔφη’

2258 2323 2486 2400 πότερον
2537 2327 2636 2396 τὴν
2663 2329 2770 2380 τῶν
2817 2324 3045 2381 πολλῶν
3080 2323 3233 2400 δόξαν
3289 2324 3377 2383 δεῖ
3433 2329 3574 2401 ἡμᾶς
3617 2325 3844 2382 πείθεσθαι

2257 2413 2348 2466 καὶ
2387 2409 2670 2490 φοϐεῖσθαι
2699 2414 2733 2484 ἢ
2765 2415 2865 2484 τὴν
2914 2419 3009 2470 τοῦ
3062 2416 3200 2483 ἑνὸς,
3258 2414 3312 2470 εἷ’
3365 2437 3446 2478 τις
3503 2413 3633 2471 ἔστιν
3681 2412 3845 2470 ἐπαΐων

2259 2504 2322 2558 οὗ
2381 2500 2505 2574 δεῖ,
2561 2505 2652 2559 καὶ
2710 2501 2994 2582 φοϐεῖσθαι
3053 2507 3142 2561 καὶ
3199 2505 3549 2582 αἰσχύνεσθαι
3604 2501 3844 2579 μᾶλλονῆ

2257 2591 2564 2666 ξύμπαντας
2594 2595 2721 2657 τοὺς
2774 2593 3020 2666 ἃλλουςς
3074 2599 3140 2676 ᾮ
3195 2596 3240 2651 εί
3301 2599 3383 2670 μή
3439 2596 3846 2666 ἀκολουθήσομεν,

2260 2679 2450 2744 δεινῶς
2491 2677 2882 2756 λωϐησομεθα.
2916 2683 3032 2740 Οὐκ
3061 2684 3163 2760 ἄρα
3201 2706 3280 2760 γε,
3316 2685 3362 2740 ὦ
3419 2685 3668 2762 βέλτιστε,
3715 2701 3846 2760 φρον-

2255 2773 2465 2828 τιστέον
2498 2775 2634 2845 ἡμῖν
2664 2773 2717 2828 τί
2755 2774 2963 2849 ἐροῦσιν
3022 2778 3158 2849 ἡμῖν
3220 2775 3269 2830 οἷ
3331 2775 3558 2846 πολλοὶ,
3587 2773 3712 2831 ἃλλὰ
3732 2777 3773 2829 τί
3795 2773 3842 2826 τὸ

2257 2860 2444 2917 ἐπαΐον
2477 2867 2558 2935 τῷ
2587 2861 2780 2937 δικαίῳ
2834 2865 2925 2920 καὶ
2981 2862 3172 2938 ἀδίκῳ,
3231 2865 3357 2936 ἥτις
3417 2862 3826 2936 ἐστίνήἀλήθεια.

2258 2954 2441 3008 Ταῦτα
2496 2949 2553 3006 δὲ
2596 2959 2840 3031 φανερῶς
2895 2952 3102 3009 ἒοίκασι
3161 2960 3280 3018 τοῖς
3336 2955 3620 3030 ἡμετέροις
3665 2949 3824 3025 μᾶλλον

2256 3041 2424 3114 ἱεροῖς
2456 3041 2547 3096 καὶ
2589 3042 2980 3105 ἀποστολικοῖς
3011 3041 3222 3119 λόγοις,
3255 3043 3309 3098 ἐν
3369 3047 3455 3108 οἷς
3488 3066 3638 3122 φησιν
3667 3039 3836 3113 ὸμέγας

2265 3129 2498 3192 Παῦλος·
2536 3153 2563 3182 ι(
2595 3131 2692 3186 Διᾶ
2719 3136 2828 3186 τῶν
2860 3130 3048 3188 ὅπλων
3069 3140 3170 3203 τῆς
3205 3130 3558 3203 δικαιοσύνης
3583 3137 3676 3188 τῶν
3704 3127 3844 3201 δεξιῶν

2258 3219 2349 3272 καὶ
2393 3219 2713 3294 ἀριστερῶν,
2768 3218 2856 3276 διά
2909 3219 3069 3291 δόξης
3127 3223 3217 3276 καὶ
3255 3223 3500 3297 ἀτιμίας,
3548 3221 3630 3278 διὰ
3687 3217 3850 3294 δυσφη-

2263 3306 2389 3378 μίας
2447 3308 2539 3362 καὶ
2597 3306 2832 3380 ἀθυμίας
2867 3352 2882 3378 ,
2971 3309 3044 3372 ὡς
3118 3307 3318 3366 πλάνοι
3379 3313 3471 3366 καὶ
3530 3310 3749 3381 ἀληθεῖς,
3795 3305 3852 3365 ὡς

2257 3393 2614 3470 ἀγνοούμενοι
2645 3397 2731 3452 καὶ
2805 3397 3320 3473 ἐπιγινωσκόμενοι,
3357 3401 3430 3463 ὡς
3482 3400 3852 3468 ἂποθνήσκοντιε

2256 3484 2347 3538 καὶ
2403 3481 2524 3540 ἰδοὺ
2593 3490 2796 3558 ζῶμεν,
2827 3487 2903 3549 ὡς
2955 3486 3374 3562 παιδευόμενοι,
3405 3490 3494 3544 καί
3527 3512 3598 3562 μη
3643 3479 3858 3542 θανατοῦ-

2262 3593 2436 3644 μενοι,
2470 3597 2498 3626 ››
2529 3575 2620 3629 καὶ
2651 3575 2718 3629 τὰ
2747 3575 2892 3645 ἑξῆς.
2923 3575 3198 3648 Τοιαύτην
3235 3579 3330 3632 οὗν
3388 3581 3511 3654 περὶ
3571 3571 3858 3638 δικαιοσύνης

2257 3661 2346 3715 καὶ
2396 3662 2683 3738 θεαρέστου
2741 3663 3024 3729 πολιτείας
3079 3665 3218 3720 πάνυ
3277 3668 3577 3744 Σωκράτης
3629 3663 3711 3720 καὶ
3740 3658 3856 3718 Πλά-

2255 3770 2364 3804 των
2398 3747 2749 3807 διδασκαλίαν
2806 3751 3156 3825 ἒποιήσαντο,
3207 3757 3525 3829 θαυμαστήν
3590 3750 3745 3813 ὅντως
3791 3743 3861 3802 καί

2257 3838 2558 3912 ἀξιέπαινον
2585 3840 2808 3912 ἀληθῶς
2839 3846 2908 3915 τῇ
2961 3843 3164 3918 λογικῇ
3224 3844 3379 3923 φύσει
3445 3849 3554 3900 τῶν
3613 3840 3852 3915 ἀνθρώπων

2258 3925 2679 4002 συμϐαίνουσαν.
2729 3933 2810 3989 Τὰ
2839 3932 2940 4007 γάρ
2996 3935 3164 4002 ἡθικά
3223 3936 3524 4008 μαθήματα
3579 3931 3757 3990 πάντας
3789 3925 3857 3980 ἀν·

2256 4019 2509 4094 θρώπους
2547 4021 2581 4088 ἡ
2619 4019 2775 4099 φύσις
2825 4018 3122 4079 ἐπαίδευσε.
3179 4022 3493 4084 Διαπλάσας
3522 4025 3620 4097 γάρ
3644 4040 3722 4074 τοι
3767 4019 3852 4070 τῶν

2254 4109 2554 4182 ἀνθρώπων
2585 4109 2646 4164 τὸ
2705 4109 2860 4183 γένος
2893 4111 2922 4165 ὁ
2954 4111 3083 4174 Θεὸς
3141 4109 3405 4174 ἐντέθεικε
3461 4115 3530 4187 τῇ
3586 4109 3726 4190 φύσει
3770 4106 3855 4159 τῶν

2251 4195 2469 4270 ἀγαθῶν
2499 4197 2590 4252 καὶ
2632 4201 2740 4252 τῶν
2795 4197 3050 4253 ἐναντίων
3081 4201 3178 4268 τὴν
3241 4197 3562 4275 διάγνωσιν,
3593 4200 3620 4253 ὁ
3646 4195 3726 4251 καὶ
3752 4211 3855 4246 παι-

2253 4282 2420 4339 δεύων
2449 4279 2573 4355 ἔθνη
2605 4284 2695 4340 καί
2741 4283 3012 4340 διδάσκων
3071 4287 3354 4362 ἄνθρωπον
3413 4294 3628 4362 γνῶσιν.
3694 4283 3856 4354 Διόπερ

2251 4373 2312 4428 ού
2347 4372 2511 4446 μόνον
2545 4375 2842 4446 Σωκράτης
2867 4375 2956 4430 καὶ
2989 4375 3218 4430 Πλάτων
3253 4377 3344 4432 καὶ
3395 4376 3560 4433 ἄλλοι
3587 4374 3717 4435 τινὲς
3762 4371 3850 4423 τῶν

2247 4461 2534 4532 Ἐλλήνων
2594 4463 2684 4518 τὸν
2745 4460 2931 4518 ἄδικον
2992 4460 3346 4537 ἐϐδελύξαντο
3409 4465 3547 4541 βίον,
3603 4460 3735 4518 ἀλλὰ
3781 4452 3854 4512 καὶ

2237 4549 2449 4606 πολλοὶ
2487 4556 2594 4607 τῶν
2655 4547 2966 4628 βαρϐάρων.
3019 4554 3120 4611 Καὶ
3173 4555 3278 4630 γάρ
3344 4555 3475 4618 τοὺς
3536 4547 3854 4628 ὕπερϐορέους

2243 4641 2336 4712 μὲν
2385 4641 2552 4696 οἰκεῖν
2615 4641 2747 4716 ὑπὲρ
2795 4642 2864 4697 τά
2917 4648 3138 4698 Ῥιπαῖα
3197 4641 3298 4718 ὅρη
3360 4645 3544 4722 φασὶν,
3603 4644 3766 4698 ἀσκεῖν
3813 4631 3860 4688 δὲ

2239 4728 2592 4802 δικαιοσύνην
2627 4733 2702 4805 μή
2735 4738 3211 4808 κρεωφαγοῦντας,
3259 4737 3344 4809 [Ρ.
3399 4737 3528 4808 204]
3577 4731 3697 4789 ἄλλ’
3723 4729 3858 4801 ἀκρο-

2237 4814 2421 4894 δρύοις
2451 4819 2542 4874 καὶ
2590 4816 2747 4874 ὕδασι
2808 4821 3132 4898 χρωμένους
3213 4823 3317 4879 Καὶ
3373 4821 3502 4883 τοὺς
3563 4819 3853 4895 Βραχμᾶνας

2237 4907 2290 4962 ἐν
2321 4913 2440 4972 ταῖς
2496 4907 2654 4969 ὕλαις
2715 4906 2942 4984 διάγειν,
2989 4909 3226 4988 φύλλοις
3285 4912 3348 4967 τὸ
3409 4916 3570 4984 σῶμα
3611 4905 3852 4964 κάλύπτον

2235 5017 2334 5058 τας
2389 4997 2480 5051 καὶ
2566 4997 2698 5071 ὑπὲρ
2739 4997 3022 5072 ἄνθρωπον
3080 5001 3397 5062 ἀσκοῦντας.
3461 4999 3559 5054 Καὶ
3616 4995 3851 5068 Ἀνάχαρ·

2239 5106 2320 5139 σιν
2349 5082 2405 5140 δὲ
2434 5085 2524 5140 τὸν
2556 5084 2762 5141 Σκύθσν
2795 5086 3097 5164 φιλόσοφον
3146 5095 3465 5164 γεγενῆσθαι
3521 5087 3744 5162 λέγουσι,
3773 5076 3848 5134 καὶ

2236 5175 2409 5236 οὕτως
2448 5173 2609 5229 αὐτὸν
2669 5175 2696 5229 ὁ
2753 5183 2854 5245 τῆς
2914 5175 3246 5257 φιλοσοφίας
3297 5172 3436 5252 ἔρως
3489 5175 3746 5250 ἐπύρωσεν
3791 5167 3853 5226 ὡς

2235 5263 2665 5337 ὀνομαστότατον
2697 5261 2784 5319 διὰ
2833 5263 3054 5334 πολλὴν
3109 5265 3335 5337 ἄσκησιν
3383 5265 3476 5320 καὶ
3535 5258 3852 5340 σωφροσύνην

2233 5350 2500 5426 γενέσθαι.
2537 5350 2615 5408 Οὐ
2649 5351 2752 5428 γὰρ
2809 5351 2976 5425 μόνον
3007 5359 3294 5430 γρηγορῶν
3345 5355 3481 5428 πρὸς
3539 5352 3606 5408 τὰ
3654 5355 3744 5417 τῆς
3766 5347 3857 5430 (IN-

2235 5447 2345 5516 χῆς
2374 5441 2671 5516 ἠγωνίζετο
2711 5442 2856 5513 πάθη
2929 5429 3150 5499 σιωπῶν
3208 5443 3298 5498 καὶ
3367 5443 3676 5517 ἡσυχάζων,
3731 5429 3854 5489 ἀλλά
