4118 6288
320 386 432 445 39Ἷ

1454 382 1816 444 HISTORIA
1832 383 2009 444 RUM
2052 381 2579 448 COMPENDIUM
2591 433 2604 447 .

3614 382 3736 465 σοι

310 516 398 571 καὶ
453 512 730 579 καθεύδων
789 515 856 569 τὰ
911 517 1010 583 τῆς
1091 512 1444 588 σωφροσύνης
1504 514 1596 568 καὶ
1656 512 1965 589 ἐγκρατείας

2096 515 2183 570 sed
2216 517 2394 573 etiam
2427 518 2731 574 dormiens
2762 517 2931 592 signa
2962 517 3371 591 temperantia
3388 520 3565 590 atque
3596 535 3742 576 con—
3786 500 3791 501 ί

316 602 517 674 έδήλου
561 609 786 676 σημεῖα.
822 603 1018 669 Εἰώθει
1046 604 1148 678 γὰρ
1195 608 1265 678 τῇ
1319 603 1412 676 μὲν
1463 602 1594 675 λαιᾷ
1623 604 1773 679 χειρὶ
1802 602 1869 660 τὰ
1898 602 1978 657 αἲ-

320 692 437 749 δοῖα
465 694 741 772 κατέχειν,
773 697 843 767 τῇ
888 690 1032 763 δεξιᾷ
1071 689 1129 747 δὲ
1176 694 1242 746 τα
1291 691 1455 766 χείλη
1507 691 1776 772 συνέχειν,
1809 692 1977 765 ὑπεμ-

322 784 517 862 φαίνων
551 784 626 845 ὡς
659 782 860 855 πολλῷ
895 783 1078 856 μεῖζόν
1129 781 1270 836 ἐστιν
1329 784 1364 851 ἡ
1425 781 1636 856 ἀγωνία
1662 789 1763 851 τῆς
1796 780 1976 856 γλώτ-

321 896 417 943 της
442 873 535 929 καὶ
591 871 853 934 πλείονος
910 871 1227 946 ἐπικουρίας
1286 871 1362 932 εἷς
1422 869 1722 949 ἀσφᾶιλειαν
1783 869 1975 926 δεῖται.

326 965 423 1019 Καὶ
456 963 547 1017 τὸν
598 961 843 1037 Χείρωνα
898 957 955 1015 δὲ
1009 961 1315 1033 Κένταυρον
1369 958 1680 1032 ἴστοροῦσιν
1708 959 1980 1030 ’Έλληνες

330 1050 677 1121 δικαιοσύνης
745 1050 836 1104 καὶ
903 1048 1119 1125 ἁγνείας
1177 1050 1419 1124 γενέσθαι
1489 1045 1837 1120 διδάσκαλον,
1905 1049 1979 1110 ὡς

330 1142 419 1196 καὶ
450 1142 704 1215 Ὅμηρος
738 1142 999 1213 μαρτυρεῖ
1043 1141 1235 1193 τοῦτον
1306 1136 1646 1193 δικαιότατον
1692 1137 1981 1218 πεφηνέναι

333 1229 677 1299 Κενταύρων,
736 1224 825 1282 διὰ
895 1224 1113 1295 πολλὴν
1201 1223 1469 1297 δήπουθεν
1548 1226 1829 1302 καρτερίαν
1891 1223 1981 1281 καὶ

332 1318 643 1395 ἐγκράτειαν
676 1317 769 1372 καὶ
828 1317 1080 1389 σώματος
1138 1313 1521 1392 δουλαγωγίαν
1554 1317 1642 1373 καὶ
1674 1317 1982 1391 σύμμετρον

330 1406 672 1480 ἐπιμέλειαν.
702 1408 865 1470 ’Ὁθεν
893 1403 961 1475 δὴ
995 1404 1223 1461 Πλάτων
1283 1405 1524 1481 ἐναργῶς
1577 1405 1727 1468 αὖθις
1768 1403 1982 1461 ἐκδιδά-

327 1518 471 1553 σκων
500 1496 684 1573 φησίν’
717 1493 1129 1567 Ἐπιμελεῖσθαι
1189 1492 1247 1549 δὲ
1303 1495 1557 1566 σώματος
1617 1498 1802 1569 ψυχῆς
1831 1492 1982 1549 ἕνεκα

324 1584 610 1659 ἁρμονίας,
643 1582 713 1637 δι’
747 1584 809 1637 οὗ
844 1584 996 1658 βιοῦν
1055 1604 1114 1638 τε
1166 1580 1277 1638 ἔστι
1333 1583 1423 1637 καὶ
1472 1581 1648 1657 ὀρθῶς
1683 1584 1858 1657 βιοῦν,
1891 1583 1980 1637 καὶ

322 1670 717 1750 καταγγέλλειν
770 1674 870 1740 τῆς
926 1671 1185 1741 ἀληθείας
1242 1673 1306 1726 τὸ
1360 1674 1638 1747 κήρυγμα.
1689 1675 1858 1727 Τοῦτο
1890 1670 1981 1726 καὶ

324 1762 351 1816 6
383 1767 531 1825 θεῖος
564 1755 667 1840 ἔφη
703 1758 944 1823 Παῦλος’
1004 1785 1032 1812 (ι
1066 1761 1394 1829 ἰ’πωπιάίζω
1452 1781 1558 1833 μου
1589 1760 1652 1816 τὸ
1683 1764 1841 1832 σῶμα
1888 1761 1977 1815 καὶ

325 1846 755 1926 δουλαγωγῶ,››
813 1850 1057 1904 τουτέστι
1114 1849 1251 1922 πρὸς
1307 1848 1533 1919 ἄσκησιν
1588 1850 1678 1903 καὶ
1731 1851 1980 1903 σύστασιν

328 1941 459 1996 αὐτὸ
522 1943 636 2014 μετ’
677 1940 990 2014 ἐπιστήμης
1047 1939 1137 1995 καὶ
1195 1942 1512 2014 φρονήσεως
1567 1938 1846 2013 γυμνάζω,
1896 1939 1987 1994 καὶ

325 2030 462 2104 πρὸς
494 2030 593 2097 τήν
649 2034 760 2083 τῶν
820 2028 1145 2103 κρειττόνων
1207 2028 1515 2102 συνεργίαν,
1549 2027 1612 2081 ού
1664 2026 1801 2101 πρὸς
1826 2025 1989 2081 ἀσέλ-

330 2120 478 2194 γείαν
533 2117 959 2192 προνοούμενος.
1015 2118 1427 2193 Σνδμπεφώνηκε
1482 2116 1662 2171 τοίνυν
1718 2117 1809 2170 καὶ
1856 2114 1987 2171 τού-

332 2228 447 2269 τοις
494 2209 523 2262 ὁ
568 2207 805 2262 Πλάτων
854 2206 913 2260 εὖ
966 2204 1115 2279 μάλα
1159 2211 1278 2267 τοῖς
1329 2207 1644 2279 ἡμετέροις,
1695 2207 1794 2275 τήν
1829 2205 1990 2277 ἀναγ,

326 2297 481 2352 καίαν
550 2297 639 2351 καὶ
739 2292 959 2350 δέουσαν
1024 2295 1339 2368 ἐπιμέλειαν
1439 2300 1713 2358 ποιεῖσθαι
1781 2314 1989 2369 παρεγ-

319 2389 527 2457 κυήσας
556 2389 655 2439 τοῦ
690 2385 967 2458 σώματος.
1016 2382 1284 2457 Ὑπέδειξέ
1338 2404 1395 2440 τε
1452 2383 1617 2439 πάλιν
1672 2381 1761 2438 καὶ
1819 2381 1992 2440 διεσά..

323 2496 490 2554 φησεν
599 2475 749 2535 ὅπως
826 2471 1052 2548 ἄρχεται
1127 2475 1217 2528 καὶ
1308 2475 1519 2544 αὔξεται
1593 2475 1694 2536 τῆς
1769 2471 1992 2549 φαύλης

322 2563 617 2635 ἐπιθυμίας
682 2561 773 2616 καὶ
838 2563 1099 2632 κακίστης
1166 2563 1448 2631 συνηθείας
1516 2561 1579 2618 τὸ
1645 2561 1843 2625 πάθος,
1897 2562 1992 2638 φά-

322 2675 464 2709 σκων
514 2650 695 2714 οὕτως
753 2651 901 2726 ἀρχὴ
965 2652 1057 2723 μὶν
1112 2646 1315 2726 ἔρωτος
1371 2651 1579 2725 ὅρασις,
1637 2649 1782 2720 αϐξει
1834 2647 1891 2705 δὲ
1920 2650 1992 2704 τὸ

319 2742 495 2802 πάθος
554 2739 737 2807 ἐλπὶς,
792 2744 973 2817 τρέφει
1037 2735 1095 2793 δὲ
1146 2741 1363 2812 μνήμη,
1413 2742 1571 2815 τηρεῖ
1601 2736 1660 2793 δὲ
1706 2739 1987 2808 συνήθεια.

325 2828 421 2883 Διὸ
452 2826 547 2881 καὶ
600 2825 900 2901 Σωκράτης
949 2825 1019 2880 τὰ
1081 2824 1374 2900 βλέμματα
1429 2826 1516 2880 καὶ
1571 2824 1637 2879 τὰ
1695 2823 1994 2900 φιλήματα

322 2921 433 2971 τῶν
468 2916 766 2991 εὐμόρφων
795 2916 869 2976 ὡς
921 2914 1311 2990 χαλεπώτερον
1361 2935 1643 2988 σκορπιων
1692 2915 1784 2969 καὶ
1815 2912 1988 2993 ὄφεων

321 3006 405 3059 ἱὸν
476 3002 682 3058 ἐνιέναι
736 3003 1014 3080 πεφυκότα
1077 3002 1402 3083 ἀποφεύγειν
1471 2999 1768 3059 ἐδίδασκεν.
1835 3004 1995 3067 Ὂοεν

321 3092 454 3149 ἰδών
485 3114 615 3149 τινα
638 3094 755 3148 νὲον
808 3091 1114 3172 φιλήσαντα
1159 3090 1405 3163 εῧοπτον,
1456 3117 1483 3145 ‹‹
1518 3093 1712 3164 Οὗτος,
1744 3087 1870 3170 ἔφη,
1905 3094 1994 3167 ῥᾳ-

327 3181 452 3246 δίως
514 3181 575 3237 ἅν
634 3182 724 3237 καὶ
782 3182 857 3244 εἰς
919 3181 1189 3257 μαχαίρας
1246 3177 1552 3254 κυϐιστήσῃ
1605 3182 1697 3238 καὶ
1758 3181 1835 3254 είς
1876 3186 1985 3257 πῦρ

336 3271 559 3343 ἒμπέση,
594 3296 623 3323 ››
656 3272 976 3340 ὁτοσαύτην
1031 3269 1289 3343 δηλονότι
1338 3272 1513 3347 πυρὰν
1561 3272 1613 3326 ἐν
1666 3272 1841 3343 ἑαυτῷ
1889 3291 1981 3325 κα-

344 3359 676 3432 τατολμήσας
724 3360 944 3435 ἀνάψαι.
994 3360 1250 3438 Διογένης
1306 3358 1364 3415 δὶ
1415 3361 1748 3434 θεασάμενος
1800 3360 1984 3433 μειρά-

345 3472 462 3507 κιον
495 3452 861 3529 ἀσελγέστερον
917 3453 953 3523 ἢ
1013 3458 1127 3509 κατ’
1184 3451 1350 3528 ἄνδρα
1388 3450 1805 3526 κεκοσμημένον
1837 3452 1985 3507 εἶπεν

340 3566 367 3593 σι
415 3540 477 3595 El
503 3542 592 3614 μὲν
618 3544 754 3617 πρὸς
785 3539 1003 3618 ἄνδρας,
1036 3543 1279 3617 ἀτυχεῖς,
1330 3541 1376 3596 εί
1426 3538 1484 3596 δὶ
1539 3542 1677 3616 πρὸς
1704 3546 1983 3615 γυναῖκας,

326 3628 548 3692 αδικεῖς.
586 3657 605 3682 ι
642 3632 862 3707 Θηρῶσι
921 3628 1010 3686 διὰ
1061 3635 1160 3685 τοῦ
1218 3630 1623 3703 καλλωπισμοῦ
1675 3630 1728 3683 οἱ
1778 3630 1873 3703 μὶν
1907 3632 1987 3685 ἀν-

316 3717 436 3794 δρες
471 3721 567 3782 τὰς
596 3727 874 3795 γυναῖκας,
927 3721 981 3775 αἱ
1038 3717 1096 3774 δὲ
1145 3725 1399 3794 γυναῖκες
1429 3718 1521 3774 καὶ
1558 3720 1612 3773 οἱ
1658 3715 1985 3794 ἀνδρόγυνοι

320 3808 447 3871 τοὺς
480 3808 697 3884 ἄνδρας.
753 3812 855 3867 Καὶ
918 3810 1101 3883 μέντοι
1160 3809 1251 3864 καὶ
1310 3808 1649 3884 Ἀγησίλαος
1707 3807 1984 3886 εὐμόρφου

319 3898 432 3971 ἤρα
480 3897 698 3967 παιδὸς,
756 3899 847 3953 καὶ
909 3897 1252 3973 βουλόμενος
1307 3899 1470 3954 αὐτὸν
1529 3897 1757 3975 φιλῆσαι
1792 3893 1984 3952 διεκώ-

322 3988 453 4043 λυεν
487 3988 700 4056 ἑαυτὸν,
733 3987 942 4065 φεύγων
998 3990 1099 4058 τήν
1155 3982 1391 4062 βλάϐην.
1447 3988 1507 4045 Ὀ
1541 3984 1598 4042 δὲ
1636 3983 1985 4061 Ἀλέξανδρος

320 4075 457 4131 οὔδε
491 4074 623 4131 ἰδεῖν
680 4077 775 4139 τὰς
834 4075 1058 4152 Δαρείου
1118 4077 1413 4153 θυγατέρας
1469 4072 1693 4138 εὐειδεῖς
1735 4077 1867 4151 ἄγαν
1895 4075 1985 4130 καὶ

322 4167 636 4244 παρθένους
667 4165 829 4230 οὔσας
878 4167 1145 4242 ἠνέσχετο
1204 4164 1505 4233 παντελῶς,
1564 4165 1789 4239 αἰσχρὸν
1822 4165 1986 4238 νομίο

321 4279 423 4320 σας
452 4261 540 4331 [Ρ.
573 4262 700 4329 205]
747 4256 839 4311 τὸν
875 4253 1068 4330 ἄνδρας
1099 4255 1292 4311 ἑλόντα
1352 4255 1455 4311 ὑπὸ
1516 4259 1786 4331 γυναικῶν
1815 4257 1985 4325 ἡττη-

323 4350 512 4416 θῆναι.
545 4346 704 4404 Οὕτω
757 4343 815 4400 δὲ
854 4346 944 4400 καὶ
992 4345 1170 4420 Κύρος
1220 4346 1247 4399 6
1298 4350 1517 4419 Περσῶν
1576 4343 1831 4420 βασιλεὺς
1863 4341 1989 4414 οὐδὲ

327 4436 617 4491 θεάσασθαι
645 4435 818 4511 κόρην
874 4434 994 4489 τινὰ
1047 4432 1350 4507 θαυμασίαν
1407 4433 1789 4510 ἀφορισθεῖσαν
1841 4433 1989 4505 αὐτῷ

332 4524 429 4580 καὶ
487 4523 774 4599 ἀμήχανον
828 4522 1037 4585 κάλλος
1084 4520 1232 4598 ἔχειν
1287 4521 1737 4598 μαρτυρουμένην
1766 4520 1986 4578 κατεδέ-

2090 605 2360 662 tinentiaa
2383 608 2614 664 edebat.
2641 608 2877 664 Solebat
2898 609 3055 663 enim
3079 608 3227 663 laeva
3240 625 3418 664 manu
3440 608 3740 680 pudenda,

2092 695 2299 751 dextra
2331 697 2489 753 labia
2518 704 2745 764 tenere,
2798 698 3054 753 innuens
3103 698 3292 753 multo
3336 699 3569 771 gravius
3615 715 3746 754 esse

2092 785 2656 861 adversuslinguam
2676 794 3001 855 certamen,
3034 806 3103 844 ac
3155 789 3229 844 ad
3261 789 3637 844 securitatem
3670 788 3743 844 ab

2094 891 2162 929 ea
2192 878 2588 946 praestandam
2618 878 2831 950 majori
2863 894 3011 950 opus
3043 895 3170 933 esse
3201 878 3497 950 praesidio.
3532 878 3743 933 Chiro-

2093 982 2225 1021 nem
2257 985 2492 1039 quoque
2528 969 2887 1025 Centaurum
2945 968 3128 1023 Graeci
3187 974 3434 1024 narrant
3492 968 3742 1039 justitiaa

2093 1054 2275 1110 fuisse
2291 1062 2467 1127 atque
2492 1058 2777 1113 castitatis
2798 1057 3146 1130 magistrum
3165 1072 3177 1121 ;
3196 1057 3256 1112 id
3275 1056 3432 1128 quod
3454 1057 3742 1113 Homerus

2095 1144 2273 1198 etiam
2303 1150 2573 1216 testatur,
2608 1146 2707 1216 qui
2742 1163 2876 1202 eum
2895 1145 3326 1202 Centaurorum
3350 1145 3740 1201 aitexstitisse

2086 1233 2510 1305 justissimum,
2542 1234 2826 1290 nimirum
2857 1235 2931 1290 ob
2966 1233 3243 1289 eximiam
3266 1233 3643 1290 tolerantiam
3659 1238 3743 1289 at-

2096 1337 2211 1391 que
2233 1322 2659 1377 continentiam
2674 1323 3060 1394 corporisque
3082 1322 3491 1379 subactionem
3515 1328 3572 1377 et
3598 1338 3745 1378 con-

2095 1410 2335 1467 cinnam
2362 1428 2587 1468 curam.
2631 1413 2793 1469 Unde
2846 1429 3052 1468 rursus
3096 1412 3259 1468 Plato
3309 1412 3612 1468 evidenter
3659 1411 3744 1467 sic

2096 1501 2382 1573 praecipit.
2415 1505 2626 1558 Curam
2660 1504 2925 1575 corporis
2955 1520 3159 1575 gerere
3210 1509 3444 1575 Oportet
3497 1519 3648 1571 eam,
3680 1506 3748 1557 ut

2094 1607 2231 1645 cum
2263 1592 2462 1646 anima
2493 1596 2685 1646 servet
2713 1592 3108 1656 harmoniam,
3132 1597 3376 1664 propter
3405 1592 3565 1664 quod
3588 1597 3645 1646 et
3669 1591 3748 1645 vi-

2095 1680 2193 1747 vit,
2215 1685 2273 1735 et
2297 1687 2455 1735 recte
2481 1681 2701 1747 vivens,
2740 1687 2796 1735 et
2816 1681 3078 1736 veritatis
3099 1682 3468 1752 praeconium
3499 1681 3745 1744 faciens,

2095 1771 2190 1825 Sic
2219 1776 2276 1825 et
2307 1772 2367 1824 B.
2402 1771 2620 1826 Paulus
2649 1772 2734 1826 ait
2764 1788 2937 1826 suum
2970 1788 3031 1827 se
3090 1788 3304 1843 corpus
3359 1770 3645 1827 afflictare
3690 1773 3750 1824 et

2094 1859 2385 1931 subigere,
2420 1860 2528 1915 hoc
2551 1866 2640 1915 est
2661 1862 3081 1916 exercitatione
3113 1877 3176 1916 se
3198 1860 3258 1915 id
3276 1860 3350 1915 ad
3373 1865 3591 1916 statum
3619 1876 3748 1915 rec-

2094 1953 2218 2001 tum
2238 1948 2495 2002 scienter
2516 1948 2959 2019 prudenterque
2982 1965 3211 2019 parare,
3244 1955 3308 2003 ut
3330 1948 3389 2003 id
3411 1949 3522 2003 sibi
3555 1949 3617 2003 in
3645 1965 3743 2003 re-

2094 2036 2203 2090 bus
2229 2037 2649 2107 praestantibus
2680 2037 3024 2108 adjumento
3059 2038 3152 2103 sit,
3178 2054 3299 2092 non
3324 2037 3376 2092 ei
3407 2037 3743 2109 prospicere

2093 2142 2224 2196 qum
2265 2125 2485 2181 faciant
2515 2125 2588 2181 ad
2620 2126 2943 2181 lasciviam.
2994 2127 3117 2191 Quo
3168 2126 3297 2181 loco
3347 2141 3481 2181 cum
3523 2125 3744 2181 nostris

2094 2213 2377 2286 praeclare
2409 2215 2686 2269 convenit
2716 2214 2967 2281 Platoni,
3002 2215 3104 2285 qui
3136 2231 3243 2270 nos
3266 2213 3439 2285 jubet
3468 2230 3749 2270 necessa-

2094 2304 2243 2357 riam
2269 2320 2337 2359 ac
2363 2304 2623 2359 debitam
2643 2304 2909 2374 corporis
2933 2320 3135 2359 curam
3159 2304 3551 2375 gerereldem
3572 2319 3747 2358 mon-

2096 2393 2303 2447 stravit
2323 2398 2501 2463 atque
2527 2393 2679 2450 859
2710 2393 2985 2463 patefecit
2998 2391 3295 2463 quomodo
3320 2392 3480 2463 pravi
3504 2393 3749 2447 affectus

2097 2482 2281 2537 animi
2314 2482 2605 2547 oriantur,
2638 2488 3083 2554 augeanturque
3111 2481 3467 2553 CUpiditates
3490 2481 3663 2536 malas
3694 2485 3753 2535 et

2097 2570 2158 2623 in
2190 2570 2679 2626 consuetudinem
2710 2571 2951 2626 abeunt.
2984 2571 3252 2635 Initium,
3287 2570 3503 2641 inquit,
3531 2569 3753 2625 amoris

2099 2664 2187 2714 est
2217 2676 2251 2715 a
2280 2660 2445 2715 visu:
2478 2666 2653 2732 auget
2684 2665 2881 2716 autem
2915 2676 3049 2715 eum
3082 2662 3361 2715 affectum
3392 2658 3754 2731 spes,nutrit

2097 2749 2408 2818 memoria,
2440 2755 2748 2805 conservat
2778 2749 3167 2805 consuetudo.
3223 2754 3428 2821 Itaque
3482 2749 3751 2804 Socrates

2098 2840 2347 2896 docebat
2374 2841 2558 2895 vitare
2589 2844 2975 2910 conspectum
3008 2844 3065 2894 et
3094 2838 3300 2894 oscula
3326 2838 3747 2905 formosorum,

2099 2929 2257 3000 quod
2287 2930 2412 2984 haec
2442 2929 2599 2983 virus
2629 2929 3013 2999 scorpionum
3045 2933 3102 2983 et
3141 2931 3486 3000 serpentum
3517 2942 3747 2981 veneno

2098 3019 2866 3075 damnosiusimmitterent.
2883 3018 3140 3088 Ideoque
3163 3033 3414 3072 cernens
3427 3015 3747 3086 quemdam

2096 3109 2357 3165 formoso
2378 3107 2739 3164 adolescenti
2758 3106 3029 3162 osculum
3051 3106 3191 3161 dare
3221 3127 3246 3159 ε
3270 3104 3624 3175 Hic,inquit,
3656 3104 3749 3159 vel

2101 3198 2163 3253 in
2188 3197 2449 3270 gladium
2480 3196 2736 3252 insiliret
2765 3196 2856 3250 vel
2903 3195 2966 3250 in
3012 3195 3211 3268 ignem
3262 3211 3325 3251 se
3374 3193 3684 3264 abjiceret,
3719 3214 3748 3242 ››

2098 3286 2325 3342 scilicet
2355 3287 2456 3356 qui
2488 3290 2718 3341 tantum
2744 3286 2806 3340 in
2839 3284 3033 3356 seipso
3060 3301 3268 3357 rogum
3289 3283 3612 3339 accendere
3644 3298 3752 3337 au-

2097 3392 2197 3432 sus
2228 3381 2404 3431 esset.
2438 3375 2727 3447 Diogenes
2762 3379 2963 3430 autem
2995 3373 3511 3430 adolescentulum
3540 3371 3749 3427 videns

2094 3466 2370 3522 lascivius
2398 3481 2576 3536 quam
2609 3481 2748 3520 eum
2797 3480 3004 3520 sexum
3054 3463 3223 3519 decet
3269 3467 3568 3529 ornatum,
3624 3483 3654 3512 «
3685 3461 3745 3515 Si

2094 3555 2359 3626 quidem,
2384 3554 2598 3625 inquit,
2626 3554 2768 3609 viris
2796 3559 2851 3608 te
2874 3554 2955 3608 ita
2974 3570 3176 3621 ornas,
3204 3552 3611 3607 infortunatus
3644 3566 3708 3605 es
3731 3565 3745 3606 :

2095 3644 2187 3700 sin
2216 3643 2591 3711 mulieribus,
2618 3643 2839 3714 injuste
2871 3642 3036 3697 facis.
3071 3663 3099 3691 »
3130 3643 3277 3696 Nam
3328 3640 3436 3694 viri
3464 3639 3752 3694 mulieres

2095 3739 2306 3789 ornatu
2337 3738 2598 3803 captant,
2631 3732 2912 3786 mulieres
2943 3736 3143 3785 autem
3175 3734 3232 3783 et
3257 3728 3517 3784 semiviri
3567 3728 3743 3783 viros.

2095 3824 2246 3878 Sane
2261 3821 2565 3893 Agesilaus
2582 3837 2817 3890 quoque
2849 3820 3174 3877 formosum
3199 3816 3437 3873 amabat
3468 3831 3744 3888 puerum,

2097 3927 2351 3981 eumque
2392 3908 2663 3965 osculum
2720 3908 2831 3963 sibi
2889 3908 3177 3962 ferentem
3229 3906 3457 3978 rejecit,
3518 3905 3746 3961 evitans

2095 4000 2400 4055 damnum.
2434 3996 2765 4053 Alexander
2795 3996 2951 4051 Darii
2977 3995 3449 4063 ﬁlias,formosas
3469 3994 3750 4067 virgines,

2097 4104 2173 4143 ne
2201 4087 2396 4141 videre
2454 4085 2692 4156 quidem
2753 4085 2958 4152 voluit,
3000 4089 3168 4155 turpe
3226 4090 3390 4139 ratus
3448 4100 3584 4139 eum
3643 4082 3747 4152 qui

2096 4178 2251 4231 viros
2281 4175 2517 4230 vicisset
2546 4191 2581 4230 a
2609 4173 2961 4228 mulieribus
2983 4173 3162 4229 vinci.
3190 4174 3276 4227 Ita
3296 4173 3480 4242 Cyrus
3510 4187 3748 4241 quoque

2097 4268 2412 4322 Persarum
2449 4281 2552 4320 rex
2608 4278 2804 4334 neque
2861 4261 3081 4317 intueri
3143 4260 3427 4317 sustinuit
3486 4259 3751 4332 puellam

2097 4354 2415 4428 quamdam
2440 4355 2551 4426 ipsi
2574 4358 2930 4425 exemptam,
2964 4352 3134 4424 cujus
3158 4350 3529 4407 admirabilis
3558 4349 3750 4406 forma

2098 4443 2569 4517 prmdicabatur:
2615 4443 2759 4514 quin
2794 4447 2853 4498 et
2900 4442 2954 4497 ei
2994 4441 3095 4513 qui
3128 4458 3191 4497 se
3223 4456 3355 4497 eam
3411 4440 3622 4496 crebro
3653 4440 3748 4493 vi-

2098 4534 2238 4589 dere
2269 4548 2466 4604 neque
2495 4532 2634 4589 inde
2665 4531 2990 4603 quidquam
3019 4530 3162 4587 mali
3183 4529 3401 4585 habere
3418 4527 3749 4596 dictitabat,

333 4617 488 4685 ξατο,
521 4613 668 4670 ἀλλά
717 4634 779 4688 γε
824 4613 915 4669 καὶ
965 4618 1044 4685 τῷ
1091 4614 1290 4688 ὁρῶντι
1333 4617 1572 4688 συνεχῶς
1602 4612 1693 4668 καὶ
1727 4611 1896 4687 μηδὲν
1928 4610 1985 4669 ’ἐκ

2101 4622 2289 4678 suasit
2312 4638 2386 4676 ne
2419 4621 2529 4676 hoc
2559 4620 2651 4675 vel
2679 4620 2901 4676 faceret
2931 4618 3019 4674 vel
3061 4619 3326 4684 diceret;
3358 4618 3556 4690 ignem
3590 4616 3751 4672 enim

332 4704 531 4758 τούτου
563 4699 740 4757 δεινὸν
771 4701 1002 4780 πάσχειν
1063 4699 1273 4777 λέγοντι
1332 4699 1563 4775 παρῄνει
1624 4701 1762 4774 μήτε
1806 4699 1985 4776 λέγειν

331 4795 495 4845 τοῦτο
530 4792 669 4863 μήτε
699 4788 973 4864 πράττειν.
1007 4812 1035 4841 ι(
1068 4788 1146 4845 Τὸ
1200 4788 1294 4860 μὶν
1349 4788 1453 4863 γὰρ
1510 4792 1638 4862 πῦρ,
1673 4787 1827 4861 φησὶ,
1858 4788 1984 4850 τοὺς

335 4878 577 4951 πλησίον
631 4879 807 4949 πάντη
866 4878 1098 4941 ἑστῶτας
1152 4876 1316 4947 καίει,
1381 4876 1442 4931 τὸ
1528 4874 1583 4931 δὲ
1637 4874 1846 4939 κάλλος
1895 4878 1985 4932 καὶ

334 4968 462 5029 τοὺς
489 4967 771 5042 πόῤῥωθεν
802 4967 1059 5027 ἑστῶτας.
1093 4991 1120 5018 ››
1156 4966 1305 5022 Ἐπεὶ
1351 4963 1443 5020 οὖν
1487 4966 1551 5020 τὸ
1601 4963 1721 5040 ἐρᾷν
1778 4965 1836 5021 ἐκ
1890 4970 1987 5021 τοῦ

337 5058 471 5132 ὀρνᾷ
498 5057 735 5112 τίκτεται
790 5057 882 5110 καὶ
938 5053 998 5109 ἐκ
1048 5059 1145 5110 τοῦ
1198 5054 1319 5129 έρᾷν
1352 5056 1387 5125 ἡ
1421 5054 1804 5130 συγκατάθεσις
1846 5055 1989 5130 γίνε-

336 5168 424 5202 ται
454 5147 540 5200 καί
575 5145 635 5200 έκ
672 5150 773 5214 τῆς
833 5144 1268 5219 συγκαταθέσεως
1306 5146 1341 5213 ἡ
1391 5146 1582 5217 πρᾶξις
1634 5142 1987 5212 ἐπιτελεῖται,

339 5234 430 5291 διὰ
456 5239 615 5289 τοῦτο
645 5235 735 5289 καὶ
768 5235 796 5288 6
827 5233 1067 5309 Χριστὸς
1114 5234 1205 5288 τὸν
1265 5231 1581 5294 ἀκολάστως
1611 5233 1867 5290 ἑστιῶντα
1893 5235 1989 5296 τὰς

337 5324 490 5395 ὄψεις
523 5323 722 5402 μοιχὸν
752 5315 979 5397 ἔκρινεν,
1024 5322 1085 5377 οὐ
1115 5323 1215 5390 τήν
1265 5323 1456 5397 πρᾶξιν
1506 5320 1696 5393 μόνην,
1727 5320 1875 5378 ἀλλά
1902 5313 1992 5378 καὶ

331 5415 432 5483 τήν
492 5408 700 5467 ἔννοιαν
778 5408 1263 5485 προαναστέλλων.
1326 5409 1430 5467 Καὶ
1486 5410 1514 5464 6
1573 5410 1875 5485 Σωκράτης
1937 5413 1996 5468 δὲ

333 5500 501 5557 πάλιν
567 5501 934 5566 φυλάττεσθαι
994 5497 1202 5578 σφόδρα
1258 5500 1351 5554 καὶ
1411 5500 1837 5573 παρατηρεῖσθαι
1896 5503 1995 5572 τὴν

336 5590 590 5666 ἀκρασίαν
656 5587 932 5646 διδάσκων
1019 5583 1120 5667 ἔφη
1207 5588 1282 5662 μὴ
1365 5592 1659 5649 πεινῶντας
1725 5586 1846 5644 λίαν
1918 5594 1994 5665 μὴ

343 5681 555 5754 ἐσθίειν,

346 5776 524 5845 σμοῖς.

2095 4711 2337 4767 omnino
2365 4716 2628 4766 astantes
2654 4706 3454 4778 urere,amorisincendium
3473 4706 3655 4762 etiam
3676 4704 3751 4761 ad

2095 4805 2356 4856 remotos
2370 4799 2984 4872 pertinere.Quoniam
3002 4798 3180 4871 igitur
3191 4798 3344 4853 800
3358 4812 3430 4852 ex
3441 4796 3568 4851 visu
3585 4808 3752 4850 amor

2095 4889 2384 4955 nascitur,
2409 4889 2576 4959 isque
2609 4904 2994 4956 consensum,
3027 4902 3355 4941 consensus
3401 4884 3632 4940 facinus
3662 4880 3753 4953 gi-

2096 4978 2488 5055 gnit,idcirco
2511 4978 2780 5033 Christus
2804 4993 2939 5031 eum
2972 4976 3074 5047 qui
3105 4973 3310 5030 oculos
3342 4974 3750 5042 intemperan-

2098 5075 2189 5123 ter
2221 5069 2413 5140 pascit
2439 5068 2776 5123 adulterum
2798 5066 3102 5134 indicavit,
3125 5081 3245 5119 non
3265 5080 3300 5119 a
3318 5064 3473 5118 facto
3497 5064 3750 5129 tantum,

2101 5156 2201 5211 sed
2237 5157 2530 5211 maturius
2562 5156 2739 5210 etiam
2774 5171 2808 5209 a
2836 5154 3193 5225 cogitatione
3222 5150 3368 5206 facti
3406 5149 3750 5204 dehortans.

2101 5247 2355 5300 Rursum
2412 5246 2705 5307 Socrates,
2765 5259 2898 5297 cum
2971 5242 3144 5296 docet
3229 5236 3750 5309 intemperantiam

2104 5347 2477 5401 summopere
2510 5331 2715 5394 vitare,
2748 5330 2863 5384 nisi
2894 5327 3213 5383 admodum
3245 5325 3606 5381 esurientem
3629 5339 3751 5379 non

2106 5419 2280 5475 edere
2311 5434 2506 5487 neque
2555 5417 2756 5472 bibere
2809 5416 2925 5470 nisi
2976 5414 3308 5470 vehementi
3357 5418 3604 5485 urgente
3653 5410 3751 5467 siti

2099 5507 2291 5579 jubet.
2332 5507 2418 5561 Ac
2447 5506 2711 5561 Christus
2743 5520 2979 5576 quoque
3009 5503 3158 5559 tales
3188 5502 3391 5559 beatos
3447 5501 3751 5575 prmdicat,

2112 5595 2173 5650 in
2204 5594 2555 5651 beatitatum
2587 5593 3056 5650 enumeratione.

654 5677 761 5751 ηδὲ
827 5678 1097 5753 διψῶντας
1161 5674 1350 5733 πολλᾶ
1419 5678 1495 5750 μὴ
1556 5676 1746 5732 πίνειν·
1806 5681 1897 5734 καὶ
1944 5683 2044 5758 γὰρ
2105 5684 2134 5739 6
2181 5680 2368 5757 κύριος
2422 5681 2715 5755 tua-mimos
2765 5679 2896 5741 τοὺς
2952 5678 3234 5741 τοιούτους
3265 5678 3320 5736 ὲν
3356 5683 3474 5741 τοῖς
3529 5695 3752 5752 μακαριο
