4118 6288
455 371 572 433 399

1805 358 2129 421 GEORGII
2172 358 2515 420 CEDRENI

3697 364 3800 425 ιοο

525 509 667 564 Post
719 501 1027 562 Claudium
1112 497 1426 572 imperavit
1499 499 1671 562 Nero,
1732 498 1890 554 ﬁlius
1949 498 2097 570 ejus,

2289 495 2440 553 Μετὰ
2497 493 2556 550 δὶ
2613 490 2880 550 Κλαύδιον
2934 487 3249 548 ἐϐασίλευσε
3303 492 3480 566 Νέρων
3510 495 3537 548 ὁ
3572 496 3676 556 υίὸς
3727 519 3808 552 αυ.

449 613 636 653 annos
655 597 736 650 14.
761 595 842 648 De
855 593 967 648 hoc
981 590 1249 646 exstabat
1260 587 1566 644 oraculum
1581 611 1607 638 «
1623 588 1871 643 ultimus
1891 589 2097 642 )Enea-

442 685 582 742 dum
599 681 912 739 matrieida
926 679 1295 752 imperitabit
1315 695 1327 732 :
1351 699 1379 728 »
1398 677 1727 733 deducebat
1739 677 1897 731 enim
1917 692 2102 748 genus

437 775 510 829 ab
543 775 724 828 )Enea
753 787 860 843 per
889 769 1212 825 Romulum
1263 773 1322 823 et
1349 769 1703 838 Augustum.
1748 767 1824 834 Is,
1877 781 2013 820 cum
2045 763 2097 818 ei

435 863 853 920 confirmatum
883 863 1042 914 esset
1067 857 1407 930 imperium,
1422 855 1698 927 turpibus
1715 871 1844 910 sese
1857 853 2098 927 ﬂagitiis

437 950 664 1006 dedidit
695 948 1027 1019 studiisque
1059 947 1132 1002 ab
1185 945 1379 1000 ofﬁcio
1428 943 1806 1016 imperatoris
1855 959 2098 1014 prorsus

436 1039 681 1096 alienis:
715 1037 933 1094 ﬁdibus
962 1035 1123 1091 enim
1185 1033 1448 1096 ludebat,
1500 1032 1815 1105 tragoedias
1866 1031 2095 1104 agebat,

436 1130 620 1200 inque
649 1127 883 1183 theatro
915 1124 1188 1180 saltabat.
1224 1125 1406 1178 Porro
1438 1127 1637 1177 autem
1671 1122 1920 1192 reliquis
1971 1121 2095 1176 suis

439 1217 766 1274 sceleribus
793 1215 909 1270 hoc
939 1213 1168 1270 addidit
1197 1217 1264 1268 ut
1298 1217 1481 1267 Deum
1521 1215 1910 1283 oppugnaret,
1970 1209 2096 1281 pri-

435 1321 688 1376 musque
719 1308 1066 1376 persecutor
1096 1301 1271 1356 Verbi
1303 1301 1405 1356 Dei
1451 1300 1695 1356 exstitit.
1751 1301 1912 1364 Post,
1960 1315 2097 1353 cum

437 1396 491 1451 ei
523 1393 755 1450 insidias
784 1392 1064 1448 adversus
1096 1391 1292 1462 ipsum
1323 1395 1563 1445 structas
1597 1393 1799 1444 essent
1827 1387 2096 1452 detectae,

434 1491 710 1552 matrem,
740 1499 1008 1538 sororem
1036 1496 1406 1551 uxoremque
1435 1496 1571 1535 suas
1595 1484 1860 1534 extrema
1887 1477 2096 1533 incita-

435 1579 531 1630 tus
585 1573 821 1628 insania
873 1571 1191 1637 interfecit,
1242 1569 1510 1640 aliosque
1560 1569 1910 1624 innumeros
1959 1583 2097 1622 suos

431 1668 710 1735 cognatos
739 1661 1013 1732 virosque
1047 1659 1315 1716 illustres
1344 1661 1572 1724 Romae,
1603 1662 1877 1712 metuens
1916 1672 1991 1711 ne
2023 1654 2096 1710 ab

432 1750 508 1807 iis
536 1768 644 1823 per
673 1749 1026 1806 seditionem
1075 1749 1486 1821 impeteretur.
1543 1746 1861 1803 Interfecta
1909 1761 2092 1801 uxore

2215 590 2337 658 τοῦ,
2363 581 2456 658 ἔτη
2495 583 2578 642 ιδ“.
2614 586 2742 661 Περὶ
2774 585 2835 640 οὗ
2867 583 3057 662 λόγιον
3089 585 3176 655 ἦν,
3215 608 3243 635 ‹‹
3274 587 3536 658 Ἔσχατος
3571 587 3807 643 Αἶνεαδῶν

2209 679 2590 754 μητροκτόνος
2646 677 3022 754 ἡγεμονεύσει·
3075 700 3104 728 ››
3162 677 3424 749 κατήγετο
3479 677 3575 752 γὰρ
3627 677 3680 733 ἐκ
3726 687 3812 750 τῆς

2205 772 2388 843 γενεᾶς
2445 767 2664 824 Αἰνείου
2719 767 2808 821 καὶ
2866 766 3156 840 Ῥωμύλου
3212 765 3301 820 καὶ
3365 763 3680 842 Αὐγούστου.
3719 769 3808 823 Οὗ-

2204 878 2299 920 τος
2350 855 2788 934 κραταιουμὲνης
2839 855 2988 928 αύτῷ
3058 859 3157 928 τῇς
3225 853 3400 928 ἀρχῆς
3458 853 3532 916 εἲς
3593 855 3810 920 ἀνοσίους

2205 946 2422 1021 πράξεις
2455 945 2709 1016 ἐξώκειλε
2756 945 2845 1000 καὶ
2888 942 3157 1018 ἀλλότρια
3201 949 3302 1012 τῆς
3355 942 3614 1018 βασιλείας
3642 943 3809 1016 ἐπετή-

2207 1033 2324 1090 δευε
2377 1035 2689 1111 πράγματα,
2745 1033 3038 1108 κιθαρίζων
3104 1033 3192 1087 καὶ
3253 1029 3534 1108 τραγῳδῶν
3584 1033 3666 1087 καὶ
3717 1035 3806 1108 ὀρ-

2207 1128 2478 1202 χούμενος
2534 1125 2622 1183 ἐπὶ
2677 1131 2784 1182 τῶν
2845 1125 3101 1201 Θεάτρων.
3171 1125 3274 1182 Καὶ
3335 1124 3467 1200 πρὸς
3517 1123 3712 1187 τούτοις
3759 1124 3806 1181 ἐν

2204 1215 2402 1277 πάσαις
2433 1215 2598 1271 αὐτοῦ
2628 1215 3072 1292 ἀθεμιτουργίαις
3127 1215 3220 1268 καὶ
3273 1214 3336 1268 τὸ
3389 1220 3484 1282 τῆς
3539 1215 3806 1290 θεομαχίας

2205 1305 2510 1381 προσέθηκε
2567 1306 2757 1377 μύσος,
2827 1301 3066 1374 διώκτης
3136 1307 3353 1378 πρῶτος
3409 1301 3678 1376 γενόμενος
3726 1307 3810 1358 τοῦ

2207 1392 2354 1456 θείου
2411 1393 2610 1469 Λόγου.
2674 1393 2820 1449 Μετὰ
2878 1389 2934 1446 δὲ
2987 1395 3158 1446 ταῦτα
3215 1385 3510 1460 ἐπιϐουλῆς
3537 1391 3646 1445 κατ’
3672 1389 3811 1445 αὑτοῦ

2211 1483 2541 1556 μηνυθείσης
2599 1483 2771 1554 αὐτῷ,
2833 1481 2909 1543 sic;
2969 1479 3134 1556 ἄκρον
3199 1479 3390 1552 μανίας
3447 1478 3612 1534 ἐλθὼν
3659 1479 3816 1536 ἀνεῖλε

2203 1573 2304 1641 τήν
2355 1571 2564 1646 μητέρα
2611 1570 2776 1626 αὐτοῦ
2824 1571 2916 1626 καὶ
2964 1573 3064 1641 τὴν
3114 1567 3355 1646 ἂδελφήν
3406 1569 3567 1624 αὐτοῦ
3616 1568 3697 1624 καὶ
3729 1571 3813 1638 τὴν

2203 1665 2432 1737 γυναῖκα
2460 1660 2624 1716 αὐτοῦ
2680 1659 2770 1714 καὶ
2829 1659 3036 1722 ἄλλους
3098 1659 3328 1734 μυρίους
3385 1663 3463 1731 τῷ
3513 1656 3817 1734 γένειπροσο

2203 1749 2438 1820 ἥκοντας
2467 1747 2712 1810 καὶτοὺς
2759 1746 2808 1803 ἐν
2860 1749 3050 1822 Ῥώμῃ
3111 1747 3441 1822 ἐπισήμους,
3496 1747 3589 1815 τὴν
3641 1745 3689 1816 ἐξ
3733 1746 3818 1800 αύ-

433 1839 774 1895 eunuchum
803 1839 1004 1893 uxoris
1061 1837 1192 1892 loco
1244 1835 1432 1892 duxit.
1487 1837 1540 1890 Is
1588 1837 1739 1890 Nero
1787 1833 2090 1906 principes

2205 1838 2309 1889 τῶν
2349 1833 2704 1890 ἐπανάστασιν
2757 1835 3134 1912 ὑφορώμενος.
3196 1835 3344 1890 Μετὰ
3401 1831 3457 1888 δε
3523 1834 3582 1889 τὸ
3633 1830 3820 1888 ἀνελεῖν

431 1927 834 2000 apostolorum
865 1927 1108 1981 Petrum
1151 1941 1220 1980 ac
1252 1924 1502 1980 Paulum
1559 1923 1897 1994 multosque
1948 1921 2098 1977 alios

435 2021 731 2089 martyres
789 2015 1108 2071 interfecit.
1165 2017 1246 2070 Eo
1297 2015 1628 2085 imperante
1677 2013 1855 2067 etiam
1917 2011 2102 2078 Judaei

441 2107 726 2162 Iacobum
755 2105 1000 2160 fratrem
1034 2103 1268 2158 Domini
1300 2107 1683 2158 necaverunt.
1714 2103 1768 2155 Is
1814 2100 1888 2156 ab
1931 2106 2101 2155 utero

444 2194 654 2249 matris
686 2198 884 2248 castus
936 2193 1152 2258 fuerat,
1197 2191 1397 2246 vinum
1421 2191 1688 2261 aliosque
1737 2189 2102 2244 inebriantes

445 2281 590 2337 80!
640 2285 818 2352 potus
863 2295 1178 2350 nunquam
1231 2279 1481 2343 biberat,
1537 2277 1810 2334 animans
1866 2277 2103 2331 nullum

449 2369 675 2436 ederat,
706 2367 996 2423 novacula
1025 2373 1202 2438 caput
1233 2367 1422 2438 ipsius
1451 2383 1762 2438 nunquam
1808 2367 2082 2439 tetigerat
2103 2416 2116 2442 ,

452 2456 586 2512 oleo
608 2461 825 2511 unctus
847 2461 905 2510 et
927 2455 1144 2510 balneo
1173 2471 1321 2510 usus
1344 2470 1465 2510 non
1488 2455 1701 2510 fuerat.
1733 2456 1785 2509 Is
1807 2454 1935 2526 jam
1967 2455 2105 2512 inde

445 2546 520 2602 ab
551 2545 747 2602 reditu
776 2545 992 2600 Christi
1023 2545 1084 2600 in
1115 2544 1295 2601 caelos
1324 2545 1636 2616 episcopus
1679 2544 2104 2616 Hierosolyma

441 2633 641 2690 fuerat
667 2638 922 2688 creatus.
958 2633 1160 2688 Genua
1191 2649 1368 2704 porro
1415 2633 1604 2703 ipsius
1657 2631 1846 2687 callos
1891 2632 2104 2687 cameli

451 2722 643 2779 instar
671 2738 928 2796 genuum
961 2721 1354 2788 obduxerant,
1389 2720 1548 2792 quod
1580 2721 1642 2776 in
1675 2737 1744 2776 ea
1783 2721 2108 2777 identidem

457 2811 743 2867 adorandi
763 2810 866 2866 Dei
885 2826 1063 2866 causa
1083 2809 1437 2866 consideret.
1470 2810 1673 2880 Itaque
1699 2809 1774 2864 ob
1806 2809 2102 2865 excellen-

451 2905 576 2957 tem
588 2900 887 2973 justitiam
899 2899 1433 2970 admirabilemque
1456 2899 1585 2954 vitae
1600 2899 1793 2954 ration
1801 2915 1894 2954 em
1907 2900 1932 2955 J
1937 2905 2106 2954 ustus

451 2989 891 3062 appellabatur,
921 2993 982 3044 et
1008 2989 1224 3059 Oblias,
1267 2989 1424 3060 quod
1469 2988 1674 3060 populi
1732 2988 2107 3060 complexum

458 3078 717 3135 denotat.
751 3080 920 3136 Hunc
947 3079 1249 3146 Iacobum,
1275 3079 1466 3133 virum
1485 3077 2108 3143 venerabilem,hono-

2202 1925 2302 1993 τήν
2360 1929 2592 1999 γυναῖκα
2647 1920 2851 2000 ἔγημεν
2914 1923 3198 2000 εὐνοῦχον.
3266 1925 3436 1986 Οὗτος
3491 1921 3660 1978 ἀνεῖλε
3707 1923 3816 1984 τοὺς

2204 2013 2532 2093 κορυφαίους
2563 2013 2906 2075 ἀποστόλους
2949 2013 3154 2088 Πέτρον
3204 2013 3293 2067 καὶ
3348 2011 3554 2067 Παῦλον
3581 2012 3668 2066 καὶ
3693 2009 3818 2066 πολ-

2207 2099 2339 2164 λοὺς
2396 2099 2610 2178 ἑτέρους
2671 2102 2966 2177 μάρτυρας.
3031 2103 3148 2182 Ἐφ’
3205 2103 3268 2156 οὗ
3317 2103 3407 2156 καὶ
3469 2097 3706 2156 Ἰουδαῖοι
3742 2098 3821 2152 τὸν

2205 2188 2534 2271 ἀδελφόθεον
2569 2186 2830 2250 Ἰάκωϐον
2860 2193 3195 2260 ἀπέκτειναν,
3255 2191 3312 2252 ὅς
3377 2189 3532 2266 ἁγνὸς
3589 2189 3822 2263 ὑπάρχων

2207 2277 2267 2336 ἐκ
2295 2279 2511 2342 κοιλίας
2563 2282 2772 2356 μητρὸς
2826 2281 2966 2336 οἶνον
3023 2281 3114 2335 καὶ
3165 2279 3351 2355 σίκερα
3407 2279 3506 2334 οὐκ
3552 2274 3708 2344 ἔπιεν,
3737 2275 3826 2349 ἔμ-

2209 2373 2388 2446 ψυχον
2443 2369 2540 2426 οὐκ
2598 2367 2760 2446 ἔφαγε
2815 2371 3058 2440 πώποτε,
3118 2370 3274 2442 ξυρὸς
3335 2369 3425 2424 ἐπὶ
3474 2370 3570 2436 τήν
3609 2363 3824 2444 κεφαλὴν

2211 2457 2374 2514 αὐτοῦ
2404 2457 2503 2514 ούκ
2531 2453 2719 2530 άνέϐη,
2751 2459 2923 2531 ἐλαίῳ
2973 2460 3074 2514 οὐκ
3123 2459 3423 2534 ἠλείψατο,
3459 2457 3716 2533 βαλανείῳ
3743 2454 3828 2510 οὐκ

2211 2547 2508 2626 ἐχρήσατο.
2561 2548 2734 2610 Οὗτος
2785 2547 2876 2604 ἐπὶ
2931 2553 3029 2603 τοῦ
3088 2547 3286 2624 Κυρίου
3349 2548 3640 2608 ἐπίσκοπος
3667 2541 3828 2614 τῆςέν

2208 2621 2616 2712 Ἱεροσολύμοις
2673 2637 3001 2706 Ἐκκλησίας
3059 2621 3316 2708 κατέστη,
3395 2637 3462 2691 τὰ
3540 2632 3596 2690 8t
3653 2635 3827 2709 γόνατα

2211 2723 2376 2779 αὐτοῦ
2426 2727 2564 2795 ἦσαν
2619 2725 3002 2795 ἀπεσκληκότα
3059 2725 3133 2786 ὡς
3189 2723 3454 2798 καμήλου
3511 2724 3568 2778 ἐκ
3619 2727 3707 2778 τοῦ
3755 2721 3826 2776 ἀεὶ

2210 2815 2476 2886 κάμπτειν
2511 2815 2696 2870 ἑαυτὸν
2747 2814 2837 2869 καὶ
2893 2818 2974 2886 τῷ
3031 2819 3146 2886 Θεῷ
3201 2819 3540 2888 προσκυνεῖν.
3584 2813 3724 2868 Ὅθεν
3751 2807 3822 2864 διὰ

2211 2905 2312 2972 τήν
2372 2897 2684 2979 ὑπερϐολὴν
2732 2909 2832 2973 τῆς
2886 2899 3236 2973 δικαιοσύνης
3291 2901 3463 2957 αὐτοῦ
3521 2902 3606 2956 καὶ
3653 2911 3816 2970 θαυμα-

2213 2997 2343 3061 στῆς
2398 2991 2680 3054 πολιτείας
2733 2990 2982 3047 ἐκαλεῖτο
3036 2989 3243 3054 δίκαιος
3293 2991 3391 3046 καὶ
3445 2985 3630 3050 ὀϐλίας
3653 2984 3812 3060 (46),’ὸ

2211 3079 2324 3136 ἐστι
2352 3082 2591 3156 περιοχῆ
2639 3081 2778 3136 λαοῦ
2833 3102 2922 3136 και
2982 3079 3320 3151 δικαιοσύνη.
3357 3079 3511 3137 Ἐπεί
3543 3078 3630 3133 οῦν
3658 3072 3821 3130 εἴδεσι·

445 3173 643 3224 ratum
675 3172 735 3222 et
779 3167 1235 3223 celeberrimum
1289 3166 1758 3237 angelorumque
1815 3166 2094 3231 similem,

2217 3189 2316 3243 μος
2353 3169 2442 3224 καὶ
2473 3165 2766 3242 σεϐάσμιος
2821 3170 2910 3224 καὶ
2969 3166 3174 3246 σφόδρα
3233 3165 3570 3244 περιϐόητος
3613 3165 3824 3241 ὑπῆρχεν

449 3272 588 3311 cum
617 3255 922 3310 Paschatis
977 3255 1268 3310 festivitas
1325 3260 1618 3327 ageretur.
1678 3271 1747 3310 ac
1803 3254 2099 3326 permulta

445 3343 783 3398 Iudaeorum
814 3343 1007 3398 millia
1035 3344 1097 3398 in
1136 3342 1347 3397 urbem
1383 3341 1836 3410 conﬂuxissent,
1888 3343 2099 3398 scribas

441 3436 500 3486 et
530 3431 867 3486 sacerdotes
907 3431 968 3488 in
997 3431 1205 3502 templi
1239 3430 1559 3502 pinnaculo
1619 3431 2096 3498 constituerunt;

439 3527 622 3591 utque
643 3521 860 3577 Christi
879 3519 1362 3592 praedicationem
1385 3519 1944 3592 abolerent,magna
1960 3536 2099 3574 voce

441 3607 524 3664 ita
553 3614 696 3664 sunt
727 3609 929 3664 allati:
985 3611 1060 3664 Te
1117 3610 1279 3664 Juste
1328 3609 1656 3675 hortamur,
1710 3614 1777 3663 ut
1823 3609 2098 3664 universo

440 3699 662 3770 populo
693 3699 878 3768 dicas,
911 3715 986 3754 ne
1019 3714 1218 3754 errore
1251 3696 1490 3753 abducti
1524 3713 1660 3752 eum
1692 3698 1793 3768 qui
1831 3698 2098 3753 Christus

439 3793 765 3860 usurpatur
788 3792 1114 3846 sectentur.
1152 3787 1277 3842 Tibi
1304 3787 1468 3841 enim
1507 3803 1618 3841 nos
1652 3802 1861 3842 omnes
1920 3786 2098 3842 ﬁdem

437 3876 755 3944 habemus,
784 3893 959 3946 quem
982 3876 1202 3932 scimus
1218 3875 1450 3947 justum
1470 3891 1601 3930 esse
1629 3881 1688 3930 et
1708 3891 2096 3946 personarum

436 3966 734 4020 rationem
764 3965 995 4020 nullam
1027 3965 1266 4020 ducere.
1296 3965 1398 4020 Dic
1422 3979 1558 4036 ergo
1589 3964 1785 4032 nobis,
1848 3982 1979 4036 qum
2011 3972 2100 4020 est

427 4055 622 4127 janua
643 4054 822 4110 Jesu?
841 4053 929 4110 Ad
954 4053 1196 4110 hascille
1215 4071 1229 4120 ;
1247 4053 1399 4119 Quid
1423 4053 1758 4124 me,inquit,
1776 4053 1846 4109 de
1865 4055 2097 4110 Christo

435 4143 857 4217 interrogatis?
890 4145 942 4198 Is
975 4142 1218 4214 quidem
1249 4143 1312 4198 in
1338 4142 1484 4198 casio
1517 4142 1591 4198 ad
1635 4141 1940 4198 dexteram
1990 4145 2094 4200 Dei

439 4233 628 4304 sedet,
659 4233 920 4304 indeque
950 4233 1148 4288 veniet
1177 4239 1378 4286 vectus
1409 4231 1666 4286 nubibus
1687 4232 2092 4300 cmli,reddet-

437 4339 550 4394 que
581 4322 904 4392 unicuique
936 4338 1005 4376 ea
1047 4337 1179 4392 quas
1235 4320 1483 4374 meritus
1544 4320 1674 4376 fuit.
1737 4321 1900 4375 Multi
1952 4337 2088 4394 ergo

437 4411 767 4466 certissime
798 4426 932 4465 vera
961 4425 1090 4466 esse
1121 4425 1252 4480 quae
1289 4408 1543 4464 Jacohus
1574 4408 1808 4464 dixerat
1836 4410 2092 4466 creden-

433 4506 525 4556 tes
550 4501 1063 4556 exclamaverunt:
1092 4521 1121 4550 «
1143 4501 1420 4555 Hosanna
1439 4501 1586 4554 Filio
1609 4500 1831 4556 Davidi.
1865 4523 1892 4550 ››
1926 4502 2092 4568 Quod

443 4605 580 4643 cum
609 4589 886 4644 audirent
915 4589 1080 4660 impii
1113 4589 1450 4644 sacerdotes
1479 4594 1655 4660 atque
1680 4589 1909 4658 scribae,
1934 4591 2086 4645 voci-

437 4675 612 4732 ferati
643 4684 818 4732 sunt:
846 4697 874 4728 ο
895 4677 1046 4734 Ohe!
1075 4677 1252 4734 etiam
1276 4678 1477 4749 justus
1501 4678 1562 4732 in
1594 4693 1855 4732 errorem
1887 4679 2090 4750 lapsus

437 4772 546 4824 est.
571 4767 860 4840 nActique
884 4768 944 4823 in
965 4768 1228 4824 furorem
1261 4785 1394 4824 eum
1453 4768 1937 4823 deturbaverunt.
1970 4770 2086 4824 No-

433 4872 550 4929 que
573 4862 770 4912 tamen
793 4875 861 4914 eo
885 4874 954 4913 ex
977 4874 1119 4914 casu
1150 4864 1418 4913 mortuus
1451 4863 1568 4922 est;
1603 4861 1660 4910 et
1691 4873 1824 4911 cum
1859 4856 2088 4928 lapides

437 4946 592 5003 802
614 4946 678 5002 in
699 4963 830 5002 eum
856 4948 1154 5020 conjicere
1178 4946 1516 5018 coepissent,
1556 4944 1725 4999 ﬂexis
1767 4945 2088 5016 poplitibus

434 5034 520 5091 ita
551 5042 640 5092 est
667 5042 942 5108 precatus
966 5053 978 5092 :
1002 5059 1029 5086 ‹‹
1048 5037 1162 5092 Oro
1189 5041 1316 5104 te,o
1339 5035 1493 5090 Deus
1524 5033 1785 5102 Genitor,
1817 5035 2090 5092 condona

2206 3257 2234 3311 ὁ
2265 3260 2347 3328 [Ρ.
2381 3259 2507 3330 206]
2550 3256 2834 3334 ἰσάγγελος
2885 3251 3143 3318 Ἰάκωϐος
3195 3257 3397 3330 ἑορτῆς
3435 3254 3721 3329 γενομένης
3754 3253 3835 3305 τοῦ

2205 3345 2398 3424 Πάσχα
2426 3347 2514 3400 καὶ
2563 3345 2792 3402 πολλῶν
2846 3343 3132 3421 μυριάδων
3183 3345 3562 3409 συνελθόντων
3593 3347 3692 3398 τῶν
3720 3341 3836 3396 ’ἰου-

2203 3431 2370 3489 δαίων
2398 3439 2590 3490 τοῦτον
2652 3435 3032 3512 ἂνενέγκαντες
3093 3435 3146 3489 οἱ
3202 3438 3556 3509 γραμματεῖς
3592 3432 3675 3486 καὶ
3706 3430 3844 3500 ἱερεῖς

2209 3522 2299 3578 ἐπὶ
2327 3526 2390 3579 τὸ
2416 3525 2702 3600 πτερύγιον
2758 3529 2856 3578 τοῦ
2909 3525 3080 3598 ἱεροῦ,
3142 3520 3496 3578 διασκεδάσαι
3540 3518 3842 3598 βουλόμενοι

2198 3613 2262 3668 τὸ
2293 3617 2551 3691 κήρυγμα
2611 3619 2709 3670 τοῦ
2769 3617 3029 3689 Χριστοῦ,
3083 3615 3236 3669 εἶπον
3301 3613 3524 3690 μεγάλῃ
3567 3617 3635 3687 τῇ
3685 3611 3841 3685 φωνῇ,

2206 3705 2476 3778 Αξιοῦμεν
2530 3703 2610 3775 σὲ,
2660 3702 2862 3774 δίκαιε,
2919 3702 3090 3759 εἲπεῖν
3145 3707 3224 3774 τῷ
3281 3701 3432 3774 λαῷ,
3463 3703 3556 3756 ’ἱνα
3605 3701 3679 3773 μὴ
3721 3694 3841 3752 πλα-

2196 3796 2395 3848 νῶνται
2429 3793 2606 3848 ὀπίσω
2639 3798 2736 3848 τοῦ
2787 3791 3091 3868 λεγομένου
3151 3795 3408 3866 Χριστοῦ.
3471 3791 3567 3846 Σοὶ
3597 3789 3697 3866 γὰρ
3725 3788 3842 3842 πάν-

2197 3901 2284 3943 τες
2337 3881 2655 3954 πειθόμεθα,
2712 3882 3070 3957 γινώσκοντες
3127 3903 3183 3936 σε
3241 3877 3458 3936 δίκαιον
3487 3878 3836 3953 καῖᾶπροσω·

2199 3970 2510 4041 πόληπτον.
2543 3972 2674 4028 Εἶπέ
2704 3973 2842 4046 ἡμῖν
2903 3972 2986 4032 τίς
3044 3969 3182 4025 ἐστιν
3238 3973 3272 4039 ἡ
3329 3969 3470 4045 θύρα
3521 3972 3618 4024 τοῦ
3659 3967 3840 4035 Ἰησοῦ,

2202 4061 2264 4116 (Ο
2323 4057 2381 4114 δὲ
2439 4059 2752 4133 ἀποκριθεὶς
2810 4059 2933 4140 ἔφη.
2988 4059 3052 4116 Τί
3117 4081 3182 4133 με
3234 4058 3548 4114 ἐπεοωτᾶτε
3599 4056 3717 4128 περὶ
3761 4055 3844 4108 τοῦ

2205 4149 2482 4224 Χριστοῦ;
2535 4149 2631 4204 Καὶ
2666 4149 2829 4211 αὐτὸς
2850 4139 3140 4218 καθέζεται
3201 4146 3253 4202 ἐν
3316 4146 3466 4218 δεξιᾷ
3519 4149 3620 4201 τοῦ
3649 4146 3774 4201 Θεοῦ
3801 4139 3846 4196 ἕν

2203 4241 2285 4310 τῷ
2315 4237 2547 4312 οὐρανῷ,
2580 4238 2669 4293 καὶ
2699 4238 2860 4302 αὐτὸς
2913 4236 3108 4312 μέλλει
3159 4232 3422 4312 ἔρχεσθαι
3465 4235 3553 4291 ἐπὶ
3586 4239 3690 4290 τῶν
3719 4249 3854 4310 νεφε-

2205 4325 2320 4381 λῶν
2377 4329 2475 4382 τοῦ
2531 4327 2764 4402 ούρανοῦ
2818 4327 2909 4382 καὶ
2969 4323 3268 4382 ἀποδοῦναι
3328 4327 3552 4398 ἑκάστῳ
3609 4320 3740 4379 κατὰ
3761 4320 3848 4388 τήν

2203 4415 2394 4489 πρᾶξιν
2426 4414 2613 4472 αὐτοῦ.
2672 4413 2885 4470 Πολλοὶ
2943 4419 3068 4491 γοῦν
3123 4413 3650 4490 πληροφορηθὲντες
3683 4409 3764 4465 ἐπὶ
3789 4409 3851 4478 τῇ

2207 4505 2475 4580 μαρτὺρίᾳ
2513 4509 2612 4561 τοῦ
2664 4501 2928 4562 Ἰακώϐου
2986 4503 3206 4580 ἔκραξαν
3267 4505 3548 4580 λέγοντες’
3587 4527 3615 4554 ‹‹
3647 4495 3849 4556 Ὠσαννᾶ

2198 4598 2278 4666 τῷ
2307 4596 2418 4666 Υἱῷ
2449 4590 2633 4653 Δαϐίδ.
2670 4619 2698 4646 ››
2730 4595 3086 4656 Ἀκούσαντες
3137 4591 3196 4648 δὲ
3245 4598 3410 4648 ταῦτα
3468 4595 3521 4648 οἱ
3555 4591 3846 4668 παράνομοι

2200 4683 2474 4758 ἀρχιερεῖς
2504 4684 2593 4739 καὶ
2629 4690 2922 4758 Φαρισαῖοι
2953 4683 3201 4759 ’ἐκραεανσ
3226 4707 3256 4735 ‹‹
3277 4684 3342 4736 Ὠ
3363 4679 3408 4736 ὢ
3440 4683 3454 4738 ί
3488 4682 3579 4736 καὶ
3604 4682 3632 4736 ὁ
3659 4677 3851 4734 δίκαιος

2198 4769 2569 4843 πεπλάνηται,
2635 4797 2662 4825 ››
2718 4773 2809 4828 καὶ
2871 4775 3122 4846 μανέντες
3193 4771 3415 4848 ἔρριψαν
3476 4770 3640 4825 αὐτὸν
3695 4766 3852 4821 κάτω.

2201 4860 2386 4914 Ιιεσὼν
2417 4858 2474 4916 δὶ
2528 4862 2630 4916 οὐκ
2662 4859 2912 4931 ἀπέθανε,
2955 4861 3045 4915 καὶ
3095 4860 3324 4935 ⁴ἢρξαντο
3379 4858 3624 4928 λιθάζειν
3679 4852 3848 4910 αὐτόν’

2200 4949 2228 5002 ὁ
2261 4946 2317 5003 δὶ
2347 4948 2457 5010 θεὶς
2487 4950 2554 5004 τὸ.
2601 4951 2805 5025 γόνατα
2855 4953 3208 5025 προσηύχετο
3248 4947 3450 5022 λέγων’
3492 4973 3513 4998 ι
3557 4940 3848 5020 Παρακαλῶ

2204 5057 2282 5107 σε,
2315 5037 2410 5092 Θεὲ
2440 5039 2638 5114 Πάτερ,
2671 5037 2801 5116 ἄφες
2856 5039 3060 5100 αὐτοῖς’
3123 5037 3185 5092 οὐ
3237 5038 3338 5114 γὰρ
3370 5033 3557 5091 οἷ’δασι
3585 5035 3638 5090 τί
3688 5028 3848 5107 πράτ-

1645 5161 2008 5220 XYLANDRI
2048 5166 2136 5222 ET
2173 5166 2380 5224 GOARI
2421 5169 2642 5224 NOTAE.

513 5290 627 5362 (46)
653 5290 832 5360 Cujus
875 5291 1111 5362 linguae
1145 5291 1256 5344 hoc
1309 5288 1664 5362 vocabulum
1713 5289 1799 5362 sit,
1841 5295 1900 5344 et
1951 5292 2096 5362 quid

436 5358 758 5436 signiticet,
794 5379 915 5436 no_n
946 5358 1214 5430 intelligo
1247 5361 1516 5436 περιοχὴν
1549 5358 1684 5436 λαοῦ
1732 5361 1815 5436 ad
1853 5358 2096 5420 verbum

433 5431 668 5488 reddidi
691 5433 1078 5504 complexum
1103 5431 1328 5504 populi;
1358 5431 1766 5489 Narrationem
1803 5433 1954 5488 hanc
1985 5451 2094 5490 no-

435 5508 560 5576 ster
587 5507 691 5558 aut
721 5519 790 5558 ex
827 5505 1154 5576 Nicephoro
1178 5505 1493 5576 descripsit
1513 5510 1614 5559 aut
1645 5520 1711 5558 ex
1736 5504 1863 5574 ipso
1906 5505 2094 5576 [lege-

431 5575 621 5646 sippo,
656 5590 727 5629 ex
757 5590 872 5646 quo
905 5549 1035 5629 ealm
1063 5549 1430 5646 Nicephorlls
1459 5576 1643 5630 refert
1681 5549 1822 5629 Ηῐὲι.
1887 5549 2084 5633 Eccita}.

450 5645 606 5716 1,38.
661 5645 846 5711 Quem
903 5646 952 5700 si
1010 5645 1276 5702 Graecum
1325 5647 1690 5712 habuissem,
1757 5647 2088 5716 potuissem

2206 5294 2482 5366 plurimis
2525 5295 2669 5350 locis
2718 5297 2778 5351 in
2827 5295 3177 5364 corrigendo
3227 5293 3496 5350 Cedreno
3557 5285 3856 5366 adhibere.

2206 5367 2344 5464 Χξῐ..
2373 5396 2446 5453 ςι-
2471 5367 2862 5464 Epiphanius.
2927 5370 3136 5464 {Iamsi
3183 5383 3413 5464 Lxxv’llli,
3467 5381 3532 5464 1:2.
3565 5365 3859 5464 7:"'1§¢7._‘

2209 5436 2302 5516 μζὲν
2337 5436 2430 5516 οῦν
2463 5437 2491 5491 ὁ
2523 5429 2728 5516 Ἆυὶιξῂφ
2775 5438 3122 5516 πρωτότοκον
3177 5438 3268 5491 τὸν
3325 5429 3710 5516 Ἰάκωϐονιτργ
3738 5429 3855 5482 E166-

2204 5499 2476 5584 ξιληθὲντα
2529 5499 2750 5564 Ὀϐλίάν
2807 5499 3244 5584 ἕρμηνερόμενοιρ
3274 5503 3619 5584 τεῖχοςηκαῖ
3653 5499 3851 5584 δίκαιον

2201 5571 2590 5657 ἐπικληθέντα,
2625 5571 2947 5657 Ναζωραῖον
3005 5571 3092 5635 δὲ’
3120 5575 3268 5649 ὄντα,
3328 5571 3848 5652 ὁῆἶερέρμηνεύεται

2197 5651 2413 5724 ”Λγιος.
2447 5653 2625 5708 GOAR.
