4118 6288
325 396 455 458 401

1492 396 1856 458 HISTURIA
1870 398 1970 460 ΗΒ
1984 398 2031 456 Μ
2077 398 2382 459 COMPEN
2396 401 2622 461 DIUM.

3637 403 3757 465 402

324 548 528 584 τουσιν.
591 552 620 580 η
678 531 774 590 Εἷς
840 525 900 582 δὲ
952 532 1060 583 τῶν
1119 529 1249 582 υἱῶν
1304 524 1503 604 Ῥιχάϐ
1577 524 1765 603 ἕκραξε
1817 528 1987 605 λέγων

2109 532 2220 588 hoc
2243 534 2413 590 istis:
2446 551 2567 590 non
2626 534 2786 590 enim
2842 534 3039 589 sciunt
3075 550 3256 606 quam
3305 552 3431 592 rem
3489 541 3692 609 agunt.
3727 558 3757 588 »

331 641 359 670 ιι
388 617 691 686 Παύσασθε,
720 616 772 672 τί
804 623 1011 672 ποιεῖτε
1042 636 1057 686 ;
1085 618 1112 671 6
1148 614 1354 681 δίκαιος
1406 617 1619 690 μᾶλλον
1669 619 1797 692 ὑπὲρ
1832 620 2000 691 ἡμῶν

333 705 573 783 εὔχεται.
608 732 638 759 ››
674 707 778 764 Καὶ
812 703 1033 781 δραμών
1064 729 1147 770 τις
1212 708 1446 785 κναφεὺς
1502 704 1701 763 ἔδωκεν
1763 708 1840 770 εἷς
1898 708 1998 777 τὴν

335 795 583 876 κεφαλὴν
614 795 777 851 αὖτοῦ
819 797 952 868 μετά
1009 796 1176 867 ξύλου
1229 800 1512 876 κναφικοῦ,
1571 798 1660 851 καὶ
1722 796 2000 861 ἐθανατωο

342 908 426 942 σεν
458 886 644 944 αὐτόν.
678 886 948 961 ϐάψαντες
981 883 1037 940 3‘s
1092 886 1252 941 αὐτὸν
1283 887 1404 960 περὶ
1463 891 1543 959 τῷ
1598 890 1709 958 ναῶ
1770 887 2002 962 ἀιήγει-

346 998 438 1052 ραν
473 977 574 1043 τὴν
620 974 830 1046 στήλην
885 976 1072 1033 αὐτοῦ.
1135 978 1286 1031 Merci
1340 973 1396 1030 δὲ
1457 976 1762 1050 μαρτύριον
1833 975 1999 1031 αὐτοῦ

340 1065 483 1140 παρὰ
533 1064 705 1126 πόδας
775 1062 1169 1140 πολιορχεῖται
1243 1063 1628 1139 Ἰερουσαλήμ
1708 1064 1839 1141 φησί
1897 1065 1999 1140 γὰρ

340 1157 353 1178 ἱ
402 1156 415 1177 Ι
805 1159 830 1169 ο
973 1156 988 1172 κ
1228 1149 1256 1173 Ρ
1427 1156 1439 1176 1
1543 1152 1568 1172 ’ἱ
1615 1154 1625 1173 Ι
1869 1155 1881 1174 ν

357 1160 627 1227 Ῑωσηπος”
664 1178 691 1206 ‹‹
723 1161 903 1212 Ταυτα
943 1153 1000 1210 δε
1050 1150 1389 1228 συμϐέοηκεν
1444 1157 1714 1217 Ιουοαιοις
1764 1176 1861 1210 κατ
1913 1155 1998 1209 ἐκ·

344 1244 553 1316 δίκησιν
589 1239 853 1301 Ἰακώϐοὖ
883 1249 979 1300 τοῦ
1035 1246 1276 1316 Δικαίου,
1323 1245 1383 1306 ὃς
1413 1246 1477 1313 ἦν
1512 1243 1745 1320 ἁδελφὸς
1806 1246 1986 1315 Ἰησοῦ

340 1338 434 1389 τοῦ
464 1333 768 1409 λεγομένου
800 1336 1057 1406 Χριστοῦ,
1117 1331 1417 1409 ἐπειδήπερ
1473 1329 1817 1388 δικαιότατον
1871 1332 1997 1387 ὄντα

337 1422 595 1483 Ἰουδαῖοι
626 1423 962 1480 ἀπέκτειναν.
999 1448 1027 1475 )›

406 1515 532 1572 Ἐπὶ
560 1514 760 1570 τούτου
792 1519 885 1569 τοῦ
916 1513 1172 1590 Νέρωνος
1226 1515 1414 1587 Σίμων
1450 1516 1477 1569 6
1513 1514 1693 1589 Μάγος
1742 1512 1912 1569 ἐλθὼν
1944 1511 1994 1569 ἐν

337 1603 551 1677 Ῥώμῃ,
588 1602 680 1657 καὶ
747 1599 935 1657 πολλά
992 1607 1194 1675 σημεῖα
1250 1600 1338 1657 διὰ
1385 1604 1646 1679 γοητείας
1706 1600 1996 1675 ἐπιτελῶν⁷

334 1693 519 1748 ἑαυτὸν
594 1698 725 1746 Θεον
784 1692 1052 1764 ὠνόμαζε.
1100 1694 1208 1747 Τοῖ’)
1265 1690 1504 1767 μεγάλου
1565 1689 1629 1747 δὲ
1689 1688 2000 1746 ἀποστόλου

332 1781 537 1855 Πέτρου
558 1779 683 1834 τότε
713 1780 813 1848 τὴν
846 1780 1072 1850 Ῥώμην
1125 1774 1527 1843 καταλαϐόντος
1576 1780 1665 1834 καὶ
1730 1780 1866 1853 πρὸς
1900 1779 1993 1833 τὸν

2110 624 2272 678 Unus
2303 629 2506 679 autem
2534 623 2603 679 de
2635 625 2914 696 progenie
2946 624 3189 680 Hichabi
3222 625 3575 681 exclamavit
3605 648 3633 676 «
3664 625 3760 681 de-

2106 712 2306 782 sinite,
2340 715 2484 784 quid
2542 714 2760 786 agitis?
2786 716 2985 771 Justus
3029 732 3135 787 pro
3183 715 3346 771 vobis
3401 722 3697 788 precatur.
3729 738 3758 767 ››

2106 801 2352 857 Interim
2388 803 2631 873 quidam
2662 802 2807 858 fullo
2839 820 3154 859 accurrens
3186 804 3377 878 ligneo
3409 823 3514 861 suo
3542 806 3761 861 instru-

2104 896 2305 946 mento
2336 892 2622 948 Jacobum
2668 893 2730 948 in
2762 899 2940 964 caput
2968 894 3248 965 imposita
3298 895 3471 967 plaga
3519 894 3758 951 occidit.

2106 980 2479 1051 Sepelierunt
2512 998 2648 1037 eum
2700 999 2853 1053 pone
2885 983 3197 1054 templum,
3228 999 3296 1038 ac
3327 983 3666 1040 columnam
3698 985 3761 1040 in

2106 1071 2475 1125 monimento
2529 1072 2658 1143 ejus
2718 1078 3062 1143 posuerunt.
3119 1074 3332 1127 Necem
3375 1073 3502 1145 ejus
3560 1074 3759 1131 statim

2106 1158 2420 1213 subsecuta
2450 1164 2538 1213 est
2582 1159 3126 1230 Hierosolymorum
3159 1159 3410 1215 obsidio.
3444 1162 3543 1216 Ait
3597 1162 3758 1217 enim

2102 1249 2391 1318 Josephus
2443 1270 2470 1297 ‹‹
2502 1248 2628 1302 haec
2675 1248 2891 1303 Iudaeis
2926 1254 3273 1315 evenerunt,
3307 1255 3373 1304 ut
3401 1267 3605 1322 pmnas
3633 1250 3761 1307 lue-

2105 1344 2238 1391 rent
2278 1337 2442 1391 necis
2501 1353 2681 1407 quam
2712 1337 2949 1405 Jacobo,
2983 1338 3084 1409 qui
3142 1339 3326 1394 frater
3380 1341 3515 1395 Jesu
3548 1357 3761 1413 cogno-

2105 1431 2303 1480 mento
2330 1425 2544 1479 Christi
2578 1425 2705 1487 fuit,
2737 1425 2964 1480 homini
2987 1426 3324 1497 justissimo
3357 1427 3759 1484 intulerant.»

2175 1516 2507 1586 Imperante
2577 1517 2825 1584 Nerone,
2883 1518 3131 1572 Romam
3186 1517 3486 1588 profectus
3557 1518 3758 1573 Simon

2103 1605 2320 1675 Magus,
2355 1620 2489 1658 cum
2521 1604 2748 1659 artibus
2776 1604 3023 1677 magicis
3055 1604 3244 1660 multa
3283 1605 3569 1662 edidisset
3620 1623 3758 1678 pro-

2104 1693 2350 1765 digiosa,
2387 1692 2498 1747 sibi
2531 1693 2632 1747 Dei
2674 1709 2893 1748 nomen
2943 1694 3253 1766 arrogavit.
3310 1696 3433 1762 Quo
3491 1700 3756 1767 tempore

2104 1799 2352 1854 magnus
2386 1781 2487 1837 ille
2521 1782 2823 1854 apostolus
2883 1784 3092 1838 Petrus
3122 1785 3368 1839 Romam
3400 1800 3533 1840 cum
3564 1785 3757 1840 venis-

333 1868 501 1945 μάγον
554 1868 909 1937 ἀπελθόντος,
970 1869 1090 1943 εὗρε
1146 1868 1280 1922 κύνα
1338 1867 1661 1943 παμμεγέθη
1710 1864 1987 1940 δεδεμένοῪ

2105 1877 2215 1942 set,
2247 1871 2452 1927 statuit
2482 1871 2783 1927 Simonem
2814 1872 2998 1929 adire.
3032 1874 3170 1927 Erat
3196 1873 3270 1927 ad
3299 1872 3455 1928 fores
3501 1874 3756 1929 Simonis

318 1958 512 2015 ἁλύσει
544 1958 595 2014 ἐν
621 1964 702 2031 τῷ
751 1958 984 2030 πυλῶνι,
1016 1959 1075 2014 ’όν
1110 1960 1137 2014 6
1170 1958 1370 2031 Σίμων
1405 1956 1677 2032 δεσμήσας
1709 1955 1777 2012 δι’
1828 1956 1989 2012 αὐτοῦ

319 2048 531 2104 ἰκώλυε
563 2050 767 2110 πάντας
818 2048 912 2109 οὓς
953 2045 1046 2102 οὐκ
1112 2046 1279 2116 ἤσελε
1334 2048 1470 2123 πρὸς
1532 2047 1688 2102 αὐτὸν
1750 2045 1988 2101 εἰσιέναι·

318 2139 598 2193 καὶτοῦτο
629 2140 694 2206 ἧν
750 2142 966 2210 πρῶτον
1022 2138 1205 2209 θαῦμα
1264 2141 1345 2209 τῷ
1413 2135 1676 2209 μέλλοντι
1736 2136 1872 2210 πρὸς
1903 2133 1993 2188 Σί-

317 2250 472 2302 μωνα
503 2228 885 2303 ιῖσάρχεσθαι.
918 2227 979 2283 Ὁ
1012 2223 1069 2281 δὲ
1098 2227 1302 2300 Πέτρος
1352 2223 1487 2280 ἰδὼν
1544 2225 1635 2280 τὸν
1688 2226 1821 2280 κύνα
1852 2222 1994 2280 οὕτω

314 2318 484 2392 μέγαν
544 2317 635 2372 καὶ
696 2316 1142 2391 ἀπηγριωμένον,
1201 2315 1292 2370 καὶ
1355 2314 1543 2388 μαθὼν
1604 2315 1688 2371 ’ὁτι
1748 2312 1995 2374 πολλοὺς

315 2405 528 2462 ἀνεῖλεν
560 2404 1016 2481 ἐπιχειρήσαντας
1064 2403 1326 2459 εἰσελθεῖν
1384 2404 1499 2480 πρὸ
1529 2411 1628 2473 τῆς
1689 2401 1959 2479 ἐπιτροπῇ

316 2496 591 2570 Σίμωνος,
642 2462 915 2569 κρατήσας
972 2488 1159 2548 ἔλυσεν
1215 2493 1374 2548 αὐτὸν
1433 2462 1631 2572 λέγων·
1700 2516 1728 2545 ι(
1761 2462 1993 2567 Eisele:

318 2585 458 2660 πρὸς
491 2584 734 2656 Σίμωνα,
766 2584 856 2637 καὶ
900 2582 1017 2637 εἷπὶ
1076 2582 1221 2655 αύτῷ
1285 2582 1593 2657 ἀνθρωπινᾳ
1648 2585 1825 2661 φωνῇ,
1891 2583 1995 2637 Πέ-

317 2693 451 2748 τρος
511 2673 539 2727 6
574 2670 774 2734 δοῦλος
831 2671 1068 2746 Χριστοῦ
1126 2669 1385 2734 εἰσελθεῖν
1449 2670 1579 2744 πρὸς
1636 2670 1692 2724 σὲ
1759 2668 1926 2733 θέλει.
1965 2694 1994 2722 ››

314 2762 426 2820 Καὶ
460 2766 564 2818 τοῦ
596 2763 756 2822 κυνὸς
805 2759 958 2827 εὐθυς
1016 2758 1204 2836 δρόμῳ
1264 2758 1627 2830 εἰσελθόντος,
1688 2759 1779 2814 καί
1841 2759 1993 2815 οὕτω

317 2851 680 2922 λαλήσαντος
731 2848 1147 2926 κατεπλάγησαν
1180 2850 1229 2903 οἱ
1258 2849 1394 2922 μετά
1456 2848 1733 2921 Σίμωνος,
1801 2845 1995 2925 λέγον-

313 2961 422 3005 τες·
463 2940 564 3003 Τίς
589 2938 702 2994 ἐστι
753 2942 980 3013 Πέτρος,
1036 2941 1123 3012 [Ρ.
1183 2940 1310 3012 207]
1367 2938 1457 2993 καὶ
1514 2939 1596 3000 τίς
1655 2939 1690 3007 ἡ
1755 2937 1990 3007 τοσαύτη

322 3028 564 3104 δύναμις
603 3027 767 3083 αὐτοῦ
802 3048 815 3098 ;
848 3029 984 3102 πρὸς
1016 3026 1107 3089 οἶὲς
1148 3048 1309 3104 φησιν
1347 3028 1374 3081 6
1411 3028 1620 3101 Σίμων’
1653 3029 1824 3081 Τοῦτο
1852 3026 1994 3098 ὑμᾶς

326 3122 406 3194 μή
466 3117 721 3189 ξενιζέτω
757 3163 769 3185 ,
833 3117 963 3192 ὅπερ
1033 3117 1182 3192 κάγὼ
1243 3117 1483 3187 ποιήσω.
1536 3117 1639 3173 Καὶ
1698 3116 1995 3188 προσέταξε

333 3214 408 3280 τῷ
434 3210 555 3263 κυνὶ
590 3205 901 3282 ἀνθρωπίνῃ
935 3210 1092 3283 φωνῇ
1126 3206 1295 3260 εἰπεῖν
1329 3210 1409 3277 τῷ
1456 3206 1647 3279 Πέτρῳ
1707 3202 1988 3259 εἰσελθεῖν·

2107 1961 2270 2015 canis
2321 1960 2687 2032 praegrandis
2772 1966 2983 2016 catena
3043 1961 3292 2029 vinctus,
3351 1962 3521 2033 cujus
3577 1978 3759 2033 opera

2104 2049 2305 2104 Simon
2337 2049 2576 2105 arcebat
2607 2065 2994 2121 quoscunque
3025 2050 3099 2105 ad
3123 2067 3186 2105 se
3216 2050 3496 2106 accedere
3528 2051 3754 2119 nollet;

2102 2140 2280 2211 idque
2304 2140 2566 2212 primum
2591 2140 2948 2197 miraculum
2979 2139 3329 2196 occurrebat
3350 2140 3426 2196 ad
3458 2141 3757 2196 Simonem

2098 2229 2423 2285 intraturis.
2448 2230 2658 2285 Petrus
2706 2244 2915 2284 canem
2944 2230 3027 2284 ita
3050 2245 3331 2301 magnum
3361 2235 3421 2284 et
3449 2227 3758 2285 efferatum

2100 2335 2373 2384 cernens,
2407 2317 2641 2390 cognito
2672 2317 2892 2372 multos
2923 2317 2995 2373 ab
3026 2334 3094 2373 eo
3143 2318 3330 2373 fuisse
3381 2317 3754 2384 interfectos,

2101 2408 2259 2480 quod
2289 2412 2426 2463 ante
2457 2408 2695 2479 jussum
2735 2406 2991 2462 Simonis
3022 2405 3252 2480 ingredi
3308 2407 3505 2462 conati
3553 2413 3756 2463 essent

2102 2496 2497 2569 apprehendit
2516 2513 2673 2562 eum,
2708 2496 3325 2567 solutumqueintrare
3357 2496 3432 2553 ad
3459 2496 3759 2552 Simonem

2093 2587 2295 2659 jussit,
2330 2587 2501 2658 eique
2532 2588 2795 2642 humana
2823 2603 2958 2641 voce
2991 2584 3187 2641 dicere
3226 2587 3467 2642 Petrum
3524 2603 3755 2643 servum

2102 2675 2318 2731 Christi
2350 2691 2566 2747 cupere
2593 2676 2790 2746 ipsum
2813 2681 3189 2731 conventum.
3231 2675 3375 2731 Cum
3405 2676 3582 2747 .canis
3640 2682 3755 2732 sta-

2103 2764 2210 2820 tim
2242 2765 2396 2819 intro
2430 2765 2787 2819 accurrisset
2827 2765 2979 2820 363
3033 2765 3231 2835 itaque
3288 2771 3446 2820 esset
3503 2765 3757 2835 locutus,

2104 2854 2541 2924 obstupuerunt
2571 2852 2671 2922 qui
2696 2869 2831 2907 cum
2846 2853 3083 2907 Simone
3100 2857 3289 2920 erant,
3306 2854 3757 2925 percontatique

2106 2948 2243 2998 sunt
2274 2942 2549 3013 quisnam
2580 2941 2691 2997 iste
2721 2942 2931 2996 Petrus
2980 2948 3037 2996 et
3067 2958 3201 3013 quae
3224 2942 3351 3013 ejus
3373 2948 3534 2998 tanta
3554 2948 3757 3014 potes-

2104 3033 2192 3084 tas
2228 3033 2402 3084 esset.
2437 3028 2639 3082 Simon
2672 3026 2977 3099 respondit
2997 3043 3120 3082 non
3134 3027 3350 3082 debere
3381 3029 3492 3083 hoc
3519 3044 3620 3083 eos
3650 3028 3758 3082 mi-

2104 3117 2219 3173 rari
2247 3134 2259 3171 :
2288 3134 2426 3172 nam
2458 3134 2519 3171 se
2542 3115 2699 3171 idem
2731 3116 3155 3188 praestiturum.
3193 3116 3380 3174 Simul
3410 3117 3543 3172 cani
3596 3134 3759 3173 man-

2104 3207 2205 3263 dat
2247 3211 2313 3265 ut
2341 3206 2603 3260 humana
2638 3222 2773 3260 voce
2822 3207 3065 3260 Petrum
3109 3205 3264 3260 intro
3297 3205 3497 3261 venire
3530 3205 3754 3279 jubeat.

343 3298 447 3354 Καὶ
479 3299 632 3352 τοῦτο
664 3298 997 3366 ποιησαντος
1038 3293 1200 3350 πᾶλιν
1252 3299 1351 3350 τοῦ
1381 3296 1541 3356 κυνὸς
1600 3292 1821 3364 εἰσῆλθε
1879 3293 1981 3349 Ιῐέ-

2098 3295 2256 3361 Quod
2289 3311 2422 3350 cum
2454 3294 2617 3349 canis
2648 3294 2906 3362 fecisset,
2940 3294 3027 3349 ita
3052 3294 3127 3349 ad
3167 3294 3472 3351 Simonem
3506 3294 3761 3369 intravit

341 3405 469 3460 τρος
502 3388 622 3462 πρὸς
652 3385 904 3458 Σίμωνα,
963 3385 1053 3439 καὶ
1088 3379 1387 3459 συμϐαλὼν
1423 3382 1558 3458 μετά
1582 3387 1677 3437 τοῦ
1736 3384 1990 3455 Σίμωνος

341 3476 417 3539 είς
474 3476 894 3551 θαυματουργίαν
950 3473 1162 3545 ἐνίκησε
1251 3475 1449 3550 Πέτρος
1541 3473 1709 3536 ἰάσεις
1788 3478 1987 3528 ποιῶνν

332 3564 420 3619 καὶ
452 3561 649 3619 πολλοὶ
680 3562 1060 3622 πιστεύσαντες
1103 3555 1525 3632 ἐϐαπτίσθησαν.
1577 3559 1672 3615 Καὶ
1719 3560 1784 3630 ἦν
1816 3560 1865 3615 έν
1915 3563 1984 3633 τῇ

325 3654 514 3729 Ῥώμῃ
546 3654 766 3730 ταραχή
823 3649 1011 3721 πολλὴ
1075 3654 1161 3706 καὶ
1226 3653 1488 3731 σύγχυσις
1547 3649 1722 3707 ἔναντι
1782 3652 1983 3727 Πέτρου

322 3743 415 3799 καὶ
455 3745 724 3816 Σίμωνος,
779 3742 864 3797 ὅτι
913 3740 1194 3797 κατέναντι
1251 3739 1517 3813 ἀλλήλων
1580 3739 1797 3796 ἐποίουν
1854 3739 1985 3796 θαύ-

334 3853 505 3907 ματα.
547 3835 721 3909 "Amp
783 3832 1064 3905 ἀνήνεγκεν
1100 3829 1127 3884 ὸ
1159 3824 1399 3905 ἔπαρχος
1459 3834 1537 3902 τῷ
1584 3828 1812 3905 Νέρωνι.
1875 3829 1982 3892 Οὓς

324 3922 590 3986 κελεύσας
623 3924 651 3978 6
685 3920 872 3997 Νέρων
903 3920 1136 3997 ἀχθῆναι
1167 3920 1396 3974 ἐνώπιον
1447 3920 1610 3975 αὐτοῦ
1669 3919 1813 3996 λέγει
1847 3921 1983 3995 πρὸς

326 4013 579 4087 Σίμωνα·
622 4035 643 4062 ι
682 4012 757 4067 Σὺ
782 4013 834 4067 εἴ
865 4012 922 4065 ’ὀν
953 4010 1175 4087 λέγουσι
1205 4009 1434 4084 Χριστόν
1472 4030 1485 4079 ς
1512 4035 1538 4062 ››
1568 4012 1625 4066 Ὃ
1677 4008 1734 4065 δέ

320 4129 352 4157 κ
389 4105 536 4180 Ἐγὼ
565 4103 701 4176 εἰμι.
741 4125 769 4154 ››
795 4099 1034 4173 Ὁμοίως
1069 4096 1126 4154 δὲ
1173 4101 1263 4153 καὶ
1294 4100 1384 4154 τὸν
1445 4098 1645 4170 Πέτρον
1704 4099 1983 4173 ἐπερωτή-

321 4214 521 4255 σαντος
567 4190 613 4247 εί
671 4189 897 4261 ἀληθῶς
949 4189 1105 4249 οὗτός
1165 4187 1361 4243 ἐστινὸ
1396 4189 1655 4261 Χριστὸς,
1715 4188 1980 4265 ἀπεκρίθη

322 4284 555 4359 Πέτρος,
615 4305 642 4333 ‹‹
673 4280 787 4337 Οὐκ
842 4276 985 4334 ἔστιν
1014 4276 1190 4339 οὗτος·
1238 4278 1314 4350 μὴ
1367 4276 1602 4352 γένοιτο.
1667 4278 1808 4354 Ἐγὼ
1875 4278 1978 4355 γὰρ

326 4372 540 4430 ἐκείνου
588 4369 703 4443 εἲμὶ
764 4370 1013 4443 μαθητής
1093 4371 1189 4422 τοῦ
1257 4366 1660 4443 σταυρωθέντος
1714 4368 1805 4422 καὶ
1852 4367 1980 4422 ἀνα-

325 4464 554 4524 στάντος
581 4459 669 4515 καὶ
696 4459 773 4522 εἷς
796 4459 922 4520 τοὺς
981 4455 1241 4532 οὐρανοὺς
1314 4451 1736 4534 ἀναληφθέντος.
1804 4457 1865 4527 ὀ
1922 4454 1979 4512 δὲ

327 4553 521 4627 Νέρων
574 4550 649 4614 ὡς
704 4544 1101 4623 τερατολόγους
1157 4546 1247 4601 καὶ
1313 4546 1653 4624 ἀμφοτέρους
1710 4548 1771 4601 ἒκ
1799 4567 1975 4619 προσ-

1792 4030 1982 4089 φησιν’

2090 3387 2299 3441 Petrus
2328 3404 2342 3452 ;
2377 3400 2630 3455 cumque
2664 3382 2908 3439 edendis
2943 3383 3245 3439 miraculis
3286 3389 3613 3452 certarent,
3644 3386 3756 3442 Pe-

2091 3478 2217 3529 trus
2241 3472 2521 3529 sanandis
2553 3472 2777 3528 morbis
2811 3475 3081 3544 superior
3108 3472 3240 3530 fuit.
3267 3473 3548 3545 Multique
3571 3473 3751 3529 ﬁdem

2090 3563 2347 3636 amplexi
2377 3563 2651 3634 baptizati
2683 3567 2822 3617 sunt
2846 3578 2858 3616 :
2896 3567 3023 3618 erat
3051 3568 3248 3617 autem
3270 3564 3470 3618 Romae
3498 3579 3753 3635 magnus

2088 3653 2380 3708 tumultus
2411 3651 2484 3707 ob
2506 3650 2663 3705 Petri
2695 3655 2753 3705 et
2784 3651 3041 3706 Simonis
3075 3657 3397 3717 certamen,
3428 3668 3562 3707 cum
3588 3652 3741 3707 alter

2088 3742 2343 3799 alterum
2375 3741 2678 3796 miraculis
2704 3739 2951 3795 edendis
3003 3756 3284 3811 superare
3312 3740 3737 3807 contenderet;

2052 3834 2218 3907 'qum
2249 3834 2561 3907 praefectus
2618 3832 2782 3888 urbis
2834 3832 2908 3887 ad
2963 3833 3257 3888 Neronem
3316 3833 3538 3888 retulit.
3590 3835 3740 3889 Nero

2085 3926 2290 3980 ambos
2318 3921 2392 3977 ad
2424 3939 2486 3977 se
2509 3921 2694 3992 jussit
2723 3920 2959 3989 adduci,
2992 3927 3050 3976 et
3080 3938 3149 3976 ex
3187 3921 3424 3976 Simone
3451 3922 3741 3993 quaesivit,

2084 4016 2290 4086 ipsene
2325 4017 2483 4066 esset
2513 4011 2563 4065 is
2595 4026 2773 4081 quem
2809 4010 3110 4065 Christum
3168 4010 3493 4082 appellant,
3527 4011 3743 4067 aiebat.

2080 4104 2288 4157 Petrus
2312 4099 2527 4155 eodem
2553 4097 2624 4152 de
2662 4115 2723 4152 re
2756 4099 3174 4171 interrogatus,
3198 4099 3425 4156 «Absit.
3458 4101 3744 4171 inquit,ut

2080 4193 2192 4247 iste
2223 4190 2298 4245 sit
2329 4188 2594 4244 Christus
2620 4188 2631 4241 Ι
2661 4189 2775 4259 Ego
2799 4186 3132 4258 discipulus
3157 4205 3288 4243 sum
3311 4189 3525 4243 Christi
3558 4190 3743 4244 cruci-

2079 4280 2202 4345 ﬁxi,
2237 4277 2336 4349 qui
2369 4276 2658 4332 redivivus
2699 4275 2761 4329 in
2819 4275 2997 4330 ccelos
3064 4281 3154 4331 est
3209 4276 3498 4332 sublatus.
3535 4300 3562 4326 ››
3587 4279 3738 4332 Nero

2080 4386 2181 4425 eos
2214 4366 2412 4423 statim
2463 4382 2533 4421 ex
2589 4370 2910 4436 conspectu
2966 4382 3070 4419 suo
3097 4365 3281 4437 jussit
3309 4365 3473 4421 abire
3539 4372 3605 4420 ut
3634 4365 3735 4437 qui

2078 4456 2411 4530 prodigiose
2442 4458 2826 4527 nugarentur.
2860 4453 2949 4507 llli
2982 4455 3182 4509 Romaa
3227 4453 3509 4527 degentes
3558 4457 3742 4510 mira-

2086 4548 2236 4604 culis
2269 4545 2595 4601 certabant.
2629 4544 2897 4610 Quodam
2929 4542 3021 4599 die
3053 4544 3255 4601 Simon
3286 4545 3587 4619 ingentem
3618 4552 3744 4602 tau-

332 4644 489 4698 ώπου
543 4639 706 4694 αὐτοῦ
739 4638 929 4692 θᾶττον
986 4633 1266 4707 ἐξήλασεν.
1326 4634 1393 4693 οἲ
1450 4636 1538 4690 καί
1596 4633 1875 4710 διάγοντες
1932 4635 1984 4692 έν

2098 4654 2219 4693 rum
2253 4635 2326 4692 ad
2358 4652 2420 4690 se
2452 4633 2664 4689 adduci
2690 4633 2891 4705 jussit,
2927 4650 3181 4705 cumque
3210 4634 3265 4690 ei
3313 4634 3375 4689 in
3405 4651 3610 4691 aurem
3631 4635 3741 4692 ali-

331 4732 524 4805 Ῥώμῃ
580 4727 796 4784 ἐποίουν
880 4726 1127 4797 θαύματα
1193 4723 1471 4780 κατέναντι
1527 4722 1818 4796 ἀλλήλων.
1877 4729 1986 4797 Μιᾷ

334 4825 465 4897 γοῦν
496 4824 601 4874 τῶν
635 4819 860 4891 ἡμερῶν
920 4812 1315 4890 προστάξαντος
1371 4817 1467 4868 τοῦ
1522 4812 1775 4887 Σίμωνος
1806 4812 1986 4889 ἀχθῆ-

330 4931 419 4965 ναι
477 4907 623 4978 αύτῷ
680 4909 879 4980 ταῦρον
925 4903 1248 4977 παμμεγέθη
1297 4900 1568 4973 έλάλησεν
1630 4901 1704 4964 εἶς
1761 4902 1822 4957 τὸ
1882 4902 1971 4965 οὖς

323 5000 517 5065 αὐτοῦ,
575 4995 667 5050 καὶ
720 4990 960 5068 παρευθὺ
1030 4990 1280 5059 τέθνηκεν
1315 4991 1586 5065 ὁταΰρος.
1639 4991 1700 5047 Ὁ
1759 4987 1815 5045 δὲ
1872 4991 1973 5046 Πέ-

319 5109 450 5164 τρος
506 5085 795 5158 εὐξάμενος
863 5081 1080 5157 ἤγειρεν
1144 5079 1321 5136 αὐτόν.
1355 5081 1420 5137 Οἱ
1480 5077 1536 5135 δὶ
1597 5079 1721 5134 λαοὶ
1773 5077 1976 5144 ἰδόντες

321 5178 625 5251 ἐθαύμασαν
674 5172 942 5247 λέγοντες,
1006 5171 1255 5240 Ἀληθῶς
1318 5171 1379 5225 τὸ
1442 5175 1783 5248 ζωογονῆσαι
1840 5172 1972 5246 ὑπὲρ

321 5271 387 5325 τὸ
448 5269 753 5331 θανατῶσαι
817 5266 1000 5335 μεῖζον
1058 5262 1237 5333 θαῦμα
1302 5258 1434 5316 έστί.
1496 5259 1596 5314 Καὶ
1657 5259 1837 5335 μέντοι
1891 5262 1979 5316 καὶ

312 5357 466 5423 ἄλλὰ
497 5358 705 5427 σημεῖα
738 5350 998 5417 ἐποίησαν
1030 5345 1234 5419 πολλὰ,
1291 5349 1355 5402 οὐ
1421 5348 1585 5422 μόνον
1656 5348 1708 5403 ἐν
1763 5348 1978 5422 Ῥώμη,

2094 4726 2238 4798 quid
2270 4724 2536 4787 dixisset,
2571 4722 2619 4778 is
2650 4722 2811 4779 illico
2840 4727 3111 4779 mortuus
3142 4728 3249 4778 est.
3273 4725 3458 4790 Quem
3504 4730 3743 4782 taurum

2093 4818 2325 4879 Petrus,
2384 4814 2567 4868 Deum
2626 4818 3059 4883 comprecatus,
3093 4811 3155 4866 in
3205 4813 3385 4869 vitam
3431 4815 3740 4873 revocavit.

2083 4904 2249 4970 Quod
2279 4902 2533 4976 populus
2591 4917 2842 4957 cernens
2899 4901 3229 4956 admiratus
3263 4907 3369 4973 est,
3429 4902 3741 4973 fassusque

2085 4992 2279 5064 majus
2310 5007 2439 5046 esse
2477 4988 2806 5044 viviﬁcandi
2841 5005 3018 5059 quam
3051 4990 3303 5046 necandi
3360 4990 3737 5046 miraculum.

2085 5082 2219 5137 Alia
2250 5095 2487 5152 quoque
2537 5077 2830 5134 miracula
2861 5076 3193 5148 ediderunt,
3225 5095 3419 5149 neque
3452 5077 3510 5133 id
3543 5080 3742 5134 Romae

2090 5170 2265 5228 modo
2300 5169 2402 5225 sed
2434 5172 2569 5222 ante
2604 5167 2783 5222 etiam
2818 5167 2878 5220 in
2909 5166 3255 5238 aBASyria.
3298 5168 3436 5232 Qua)
3470 5167 3743 5223 Clemens

2092 5263 2416 5326 Romanus,
2448 5256 2535 5310 vir
2566 5255 3066 5327 sapientissimus,
3099 5257 3255 5310 Petri
3296 5254 3622 5327 discipulus
3654 5262 3745 5312 at-

2094 5366 2207 5420 que
2240 5362 2458 5413 comes,
2487 5344 2772 5399 recitavit.
2806 5347 2871 5398 In
2904 5343 3157 5415 paucula
3179 5343 3294 5399 huc
3324 5362 3637 5416 ponemus.

315 5445 475 5504 ἀλλᾶ
496 5444 586 5499 καὶ
616 5443 668 5497 ἐν
720 5441 890 5512 Συρίᾳ
950 5438 1236 5513 πρότερον,
1298 5438 1453 5492 ἅτινα
1511 5435 1747 5511 Κλήμης
1793 5440 1819 5492 6
1880 5439 2157 5511 Ῥωμαῖος
2214 5434 2301 5489 καὶ
2362 5433 2634 5500 πάνσοφος
2693 5431 2942 5505 μαθητὴς
2996 5428 3201 5504 Πέτρου
3257 5430 3346 5486 καί
3411 5431 3749 5510 συνέκδημος

322 5528 656 5610 διηγήσατο,
688 5531 777 5607 ἀφ’
812 5531 884 5582 ὧν
914 5527 1077 5605 ὀλίγα
1113 5528 1443 5601 συντᾶξομεν
1474 5526 1719 5582 ἐνταῦθα.

395 5629 506 5682 Τοῦ
539 5620 809 5696 μακαρίου
854 5616 1053 5693 Πέτρου
1107 5622 1204 5672 τοῦ
1260 5615 1570 5673 ἀποστόλου
1627 5615 1974 5679 ὂῐδάσκοντος

320 5717 415 5773 τόν
465 5712 595 5769 λαὸν
644 5704 890 5774 σέϐεσθαι
936 5707 1027 5763 καὶ
1082 5712 1404 5785 προσκυνεῖν
1460 5707 1552 5763 τὸν
1613 5706 1702 5763 ἐπὶ
1759 5707 1975 5764 πάντων

2161 5618 2306 5671 Cum
2337 5615 2544 5669 beatus
2576 5618 2782 5669 Petrus
2820 5611 3124 5683 apostolus
3156 5614 3439 5685 populum
3500 5615 3741 5672 doceret

2090 5706 2284 5764 colere
2309 5709 2367 5762 et
2396 5704 2643 5761 adorare
2673 5702 2918 5759 unicum
2950 5718 3151 5759 verum
3191 5703 3398 5776 Deum,
3450 5704 3652 5761 omnia
3681 5704 3746 5761 in
