4118 6288
368 417 486 479 403

1734 413 2054 476 GEORGII
2097 412 2434 474 CEDBENl

3639 424 3746 483 404

371 569 480 608 sua
501 554 793 624 potestate
823 547 1160 616 habentem,
1195 547 1421 615 Simon,
1456 549 1554 619 qui
1588 553 1753 604 extra
1793 547 2027 604 turbam

2147 543 2310 618 μόνον
2342 544 2604 616 ἀληθινὸν
2634 545 2786 617 Θεὸν,
2819 547 2848 602 ὁ
2881 547 3090 622 Σίμων,
3121 541 3222 616 ἔξω
3247 551 3341 602 τοῦ
3383 545 3554 624 ὄχλου
3603 548 3750 604 ἕστὼε

371 639 898 707 astabat,clamavit
922 655 934 692 :
967 636 1118 702 Quid
1135 637 1371 692 conaris
1400 636 1744 692 mentiendo
1775 637 1837 691 in
1866 653 2030 691 erro-

367 746 494 785 rem
521 727 816 784 abducere
849 727 1062 783 rudem
1093 727 1538 782 multitudinem
1570 727 1676 782 tibi
1709 727 2030 782 circumfu-

371 836 496 876 sam
517 820 546 874 ‘?
573 817 900 891 persuades
933 818 1018 873 eis
1043 817 1182 872 deos
1213 834 1408 888 neque
1437 818 1790 888 putandum,
1832 833 2029 888 neque

369 909 613 966 omnino
646 924 796 964 esse.
833 907 1010 978 Atqui
1055 907 1397 961 Ebraaorum
1428 907 1564 961 libri
1620 906 1840 960 multos
1898 921 2027 961 esse

367 999 510 1056 deos
539 997 862 1053 afﬁrmant.
885 998 1014 1051 Jam
1038 1013 1215 1066 quem
1239 1001 1304 1051 tu
1333 996 1620 1068 praedicas
1640 997 1850 1062 Deum,
1883 995 2028 1066 quid

370 1088 418 1144 si
450 1104 555 1160 ego
587 1085 899 1142 ostendam
932 1101 1068 1142 eum
1101 1103 1222 1140 non
1267 1103 1398 1141 esse
1457 1101 1798 1156 supremum
1832 1101 2026 1154 neque

369 1177 845 1247 omnipotentem
877 1175 906 1229 ‘I
935 1175 1080 1229 Cum
1115 1180 1174 1228 et
1201 1173 1384 1229 futuri
1419 1174 1660 1246 ignarus
1693 1173 1771 1228 sit
1819 1179 1876 1227 et
1905 1173 2025 1228 im-

367 1265 665 1336 perfectus
697 1267 754 1318 et
798 1279 1014 1318 carens
1045 1261 1345 1334 aliquibus
1375 1261 1574 1329 rebus,
1631 1279 1752 1316 non
1808 1260 2024 1327 bonus,

369 1353 474 1409 sed
500 1351 680 1408 variis
710 1351 1004 1406 obnoxius
1054 1350 1558 1422 perpessionibus.
1592 1351 1784 1418 Certe,
1817 1349 1864 1404 si
1897 1365 2024 1404 ves-

369 1442 476 1496 tris
507 1441 741 1496 Litteris
765 1439 1030 1505 creditis,
1053 1439 1428 1510 relinquetur
1457 1439 1642 1494 alium
1671 1455 1802 1494 esse
1833 1439 2022 1494 Deum

367 1529 551 1586 futuri
581 1529 918 1600 praescium,
951 1525 1302 1600 perfectum,
1335 1526 1563 1582 nullius
1603 1526 1688 1581 rei
1732 1525 2023 1598 indigum,

367 1617 614 1683 bonum,
642 1617 792 1672 nulli
824 1615 1192 1689 perpessioni
1225 1615 1580 1681 obnoxium;
1607 1630 1860 1686 quorum
1890 1631 2026 1670 con-

367 1707 552 1762 traria
603 1711 742 1762 sunt
771 1707 833 1760 in
865 1721 933 1760 eo
987 1721 1164 1776 quem
1196 1711 1256 1760 tu
1289 1704 1564 1776 opiﬁcem
1622 1703 1829 1758 mundi
1862 1719 2022 1758 sum-

367 1811 653 1866 mumque
689 1795 873 1848 Deum
899 1793 1112 1864 jactas.
1144 1793 1270 1848 Jam
1302 1792 1564 1863 primum
1603 1791 1888 1856 Adamus,
1922 1791 2022 1860 qui

2139 628 2350 706 ἐϐόησε,
2383 633 2450 689 Τί
2480 631 2808 708 ψευδόμενος
2841 635 3045 706 ἀπατᾷν
3092 632 3266 699 θέλεις
3318 637 3407 692 τὸν
3463 639 3752 711 παρεστῶτά

2139 743 2226 778 σοι
2256 721 2483 794 ἰδιώτην
2517 719 2716 802 ὄχλον,
2743 723 2943 780 πείθων
2995 723 3192 787 αὐτοὺς
3249 726 3397 788 θεοὺς
3453 729 3586 800 μήτε
3608 729 3755 799 νομί-

2140 817 2248 882 ζειν
2279 815 2420 886 μήτε
2450 813 2606 883 εἶναι,
2654 814 2846 891 καίπερ
2875 818 2982 870 τῶν
3041 815 3167 890 παρ’
3225 809 3490 890 Ἑϐραίοις
3545 813 3753 892 βιϐλίων

2139 899 2409 978 λεγόντων
2442 901 2695 964 πολλοὺς
2754 904 2906 966 θεοὺς
2976 903 3161 974 eiut;
3215 902 3363 972 Πλὴν
3418 905 3506 960 οὖν
3558 906 3670 980 περὶ
3697 909 3751 962 οὗ

2137 985 2270 1069 ἔφης
2302 995 2457 1060 Θεοῦ,
2489 991 2536 1046 εἰ
2568 987 2728 1061 δείξω
2755 989 2865 1068 ἐγὼ
2899 993 2974 1064 μὴ
3007 991 3170 1046 αὐτὸν
3221 992 3352 1046 εἶναι
3403 993 3490 1048 τὸν
3517 993 3750 1050 ἀνωτάτω

2135 1079 2226 1134 καὶ
2263 1076 2670 1154 παντοδύναμον
2713 1083 2862 1150 Θεὸν,
2918 1081 3054 1146 καθὸ
3111 1079 3494 1158 ἂπρόγνωστός
3544 1081 3750 1139 ἐστικαὶ

2135 1166 2340 1236 ἀτελὴς
2367 1170 2458 1224 καὶ
2488 1165 2673 1238 ἐνδεὴς
2705 1170 2796 1225 καὶ
2839 1170 2941 1226 οὐκ
2996 1171 3196 1246 ἀγαθὸς
3249 1169 3339 1226 καὶ
3376 1169 3602 1234 πολλοῖς
3631 1173 3752 1228 ὓπο-

2136 1257 2390 1332 κείμενος
2421 1259 2616 1324 πάθεσι
2648 1260 2784 1314 κατὰ
2837 1259 2936 1328 τήν
2995 1257 3254 1333 ὑμετέραν
3316 1261 3550 1336 Γραφήν,
3593 1258 3756 1337 ’ἑτερος

2136 1347 2352 1410 πάντως
2373 1347 2744 1422 περιλείπεται
2803 1347 3209 1422 προγνωπικὸς
3276 1342 3485 1413 τέλειος
3527 1347 3752 1420 ἀνενδεὴς

2136 1433 2334 1510 ἀγαθὸς
2355 1433 2445 1489 καὶ
2473 1435 2672 1496 παντὸς
2701 1433 2905 1497 πάθους
2926 1431 3381 1510 ἀπηλλαγμένος·
3405 1434 3460 1490 ’ὀν
3495 1432 3548 1490 δὲ
3571 1435 3628 1490 σὺ
3657 1438 3750 1514 φῄς

2138 1520 2474 1598 δημιουργὸν
2509 1523 2598 1578 καὶ
2634 1524 2914 1598 ὑπερθεον,
2943 1525 3066 1586 τοῖς
3107 1522 3368 1585 ἐναντίοις
3415 1523 3754 1598 ἀντικείμενος

2140 1611 2396 1690 ὑπάρχει.
2433 1611 2640 1670 Αὐτίκα
2657 1617 2786 1688 γοῦν
2818 1613 2847 1668 ὁ
2877 1614 2995 1668 καθ’
3027 1611 3294 1686 ὁμοίωσιν
3338 1611 3500 1668 αὐτοῦ
3547 1614 3760 1690 γεγονὼς

2142 1697 2318 1772 Ἀδάμ
2373 1702 2462 1756 καὶ
2516 1701 2722 1778 τυφλὸς
2771 1701 3008 1772 κτίζεται
3080 1703 3170 1756 καὶ
3245 1707 3445 1778 γνῶσιν
3498 1704 3683 1780 ἀγαθοῦ

2145 1793 2315 1844 κακοῦ
2350 1791 2426 1862 μή
2459 1786 2628 1866 ἔχων,
2659 1785 2980 1866 παραϐάτης
3023 1790 3348 1866 εὑρίσκεται,
3401 1793 3488 1845 καὶ
3539 1796 3629 1847 τοῦ
3676 1813 3769 1848 πα-

369 1884 443 1939 ad
473 1883 559 1938 tui
591 1883 692 1938 Dei
714 1883 1036 1954 imaginem
1066 1887 1156 1937 est
1186 1880 1483 1949 conditus,
1505 1897 1696 1936 caecus
1727 1879 1837 1936 fuit
1867 1895 2025 1934 crea-

2153 1875 2402 1954 ραδείσου
2487 1874 2813 1936 ἐκϐάλλεται
2847 1923 2860 1948 ,
2943 1879 3034 1935 καὶ
3093 1881 3306 1953 θανάτῳ
3361 1877 3766 1952 καταδικάζεται.

367 1976 463 2026 tus
493 1971 947 2044 cognitioneque
979 1970 1120 2025 boni
1151 1975 1209 2024 et
1239 1969 1380 2026 mali
1411 1985 1649 2036 carens;
1679 1967 2024 2040 peccatique

367 2059 721 2115 manifestus
747 2058 1024 2130 paradiso
1057 2057 1295 2130 ejicitur
1325 2063 1383 2113 et
1438 2062 1628 2112 morte
1687 2056 2023 2112 damnatur.

371 2147 656 2204 Similiter
685 2147 736 2202 is
767 2147 869 2218 qui
931 2147 1112 2202 istum
1177 2147 1326 2214 ﬁxit,
1387 2162 1507 2200 non
1570 2144 1792 2216 ubique
1847 2144 2024 2200 videt.

373 2237 574 2308 Itaque
597 2235 668 2290 de
695 2235 924 2291 excidio
943 2235 1334 2290 Sodomorum
1359 2235 1442 2290 sic
1467 2235 1551 2291 ait
1575 2235 1736 2305 (Gen.
1758 2233 1846 2306 18)
1871 2255 1899 2284 ‹‹
1921 2235 2028 2288 De-

373 2326 652 2382 scendam
682 2324 872 2380 visum
903 2341 970 2380 ac
1017 2325 1339 2398 cognitum,
1372 2341 1449 2380 an
1496 2324 1579 2379 ita
1609 2329 1816 2395 agatur
1871 2323 2026 2394 apud

373 2431 474 2472 eos
495 2415 582 2472 uti
603 2415 677 2470 ad
705 2431 802 2470 me
832 2413 1058 2470 clamor
1078 2413 1324 2486 pertulit
1341 2430 1550 2469 necne.
1578 2435 1606 2463 »
1638 2411 1862 2478 Quibus
1885 2428 2026 2468 sane

371 2505 565 2561 verbis
589 2521 755 2560 suam
778 2504 1210 2576 ignorationem
1241 2502 1440 2575 prodit
1481 2503 1601 2558 lam
1632 2519 1764 2574 qua)
1788 2503 1860 2558 de
1881 2503 2031 2558 Ada-

373 2610 471 2650 mo
501 2593 646 2648 dicit
677 2591 842 2666 (Gen.
877 2595 955 2660 3),
987 2591 1308 2664 Ejiciamus
1356 2608 1512 2660 eum,
1573 2607 1647 2646 ne
1705 2591 2026 2663 aliquando

378 2700 550 2740 suam
580 2699 824 2738 manum
856 2681 1052 2737 arbori
1085 2681 1215 2736 vitae
1237 2681 1507 2736 intendat
1537 2681 1785 2752 ejusque
1833 2679 2028 2736 fructu

373 2772 529 2828 805
561 2788 806 2828 vescens
836 2769 1193 2826 immortalis
1225 2770 1347 2836 fiat,
1379 2775 1541 2826 certa
1571 2775 1710 2826 sunt
1747 2769 2029 2842 ignoran-

370 2862 469 2917 tia)
500 2860 862 2932 invidiaeque
897 2861 1083 2933 signa.
1121 2859 1282 2914 Sicut
1311 2859 1437 2914 haec
1459 2859 1539 2913 ¹²;
1572 2858 1856 2914 Paenituit
1909 2859 2028 2914 sive

367 2952 764 3008 consideravit
795 2953 951 3006 Deus
991 2949 1150 3022 quod
1198 2951 1505 3006 hominem
1539 2956 1818 3020 creasset,
1846 2967 2026 3023 argu-

364 3047 566 3098 mento
599 3046 741 3096 sunt
785 3057 922 3096 eum
971 3039 1337 3112 paenitudini
1390 3039 1711 3096 obnoxium
1743 3055 1812 3095 ac
1869 3039 2030 3094 futu-

363 3146 564 3185 rorum
596 3129 868 3184 nescium
900 3146 1050 3185 esse.
1095 3131 1238 3184 Tum
1301 3129 1428 3183 hanc
1463 3129 1548 3182 '3:
1608 3127 1820 3184 Olfecit
1874 3127 2029 3182 Deus

367 3219 615 3274 odorem
695 3235 935 3274 suavem
969 3261 984 3286 ,
1045 3218 1459 3273 demonstrant
1522 3217 1822 3288 aliquibus
1869 3222 2027 3271 “eum

365 3306 652 3379 indigere.
685 3307 754 3361 Et
783 3306 944 3378 quod
971 3275 1404 3362 [Abrahamum
1455 3275 1723 3378 aliosque
1757 3307 2025 3376 tentavit,
2058 3275 2101 3340 ρ

369 3413 491 3452 non
523 3401 613 3450 est
630 3395 864 3467 signum
890 3396 1053 3464 boni,
1087 3401 1146 3450 et
1201 3396 1302 3466 qui
1362 3396 1761 3451 constantiam
1819 3412 2026 3451 eorum

369 3489 792 3558 praenosceret.
825 3483 916 3539 Ad
975 3484 1102 3540 haec
1155 3486 1403 3540 Petrus:
1451 3485 1508 3540 Si
1540 3501 1730 3540 caecus
1753 3491 1896 3550 erat,
1933 3485 2022 3540 in-

390 3575 548 3646 quit,
579 3572 867 3640 Adamus,
903 3573 1200 3644 quomodo
1231 3573 1522 3630 mandans
1561 3574 1615 3628 ei
1642 3575 1798 3630 Deus
1829 3591 2032 3630 mons—

373 3662 551 3718 travit
597 3661 870 3720 arborem
925 3663 1282 3736 cognitionis
1333 3663 1475 3718 boni
1535 3669 1592 3718 et
1621 3664 1786 3732 mali,
1845 3669 1904 3719 et
1961 3680 2032 3720 ea

373 3752 672 3809 abstinere
696 3751 928 3824 jussit?
956 3751 1284 3823 Respondit
1328 3753 1530 3808 Simon
1574 3753 1791 3808 mentis
1847 3752 2028 3809 fuisse

374 3858 506 3898 eam
529 3841 876 3898 caecitatem.
910 3843 1055 3896 Tum
1115 3841 1368 3897 Petrus:
1429 3842 1537 3908 Qui
1599 3859 1731 3898 vero
1777 3859 1933 3898 caeca
1975 3843 2028 3898 ei

370 3929 553 3986 fuerit
583 3946 772 3998 mens,
808 3929 910 4001 qui
943 3935 1080 3984 ante
1114 3946 1281 3985 esum
1333 3930 1498 3986 vetiti
1527 3929 1757 3986 fructus
1785 3931 2032 3986 nomina

369 4017 648 4074 omnibus
671 4017 1035 4073 animalibus
1055 4023 1190 4089 apte
1210 4018 1495 4090 imposuit
1515 4019 1542 4072 Τ
1564 4021 1708 4074 Nam
1737 4019 2032 4076 Adamum

371 4109 666 4177 Evamque
697 4105 977 4161 habuisse
1026 4111 1084 4162 et
1137 4106 1324 4162 animi
1385 4112 1444 4162 et
1505 4107 1773 4180 corporis
1831 4109 2034 4164 oculos

372 4201 632 4268 apertos,
659 4211 728 4250 ex
750 4195 844 4251 his
865 4196 1057 4266 liquet
1087 4194 1131 4229 “
1156 4213 1168 4251 :
1197 4218 1224 4245 ‹‹
1262 4195 1436 4262 Vidit,
1470 4196 1755 4268 scriptum
1778 4203 1888 4267 est,
1911 4215 2035 4252 mu-

372 4285 488 4341 lier
519 4285 814 4355 arborem,
848 4285 1008 4356 quod
1039 4285 1265 4342 fructus
1313 4286 1444 4357 ejus
1473 4287 1599 4342 esui
1653 4293 1824 4358 aptus
1855 4292 2034 4358 atque

377 4383 624 4448 aspectu
649 4381 850 4450 gratus
881 4377 1236 4448 elegansque
1295 4381 1454 4432 esset
1479 4393 1493 4444 ;
1551 4376 1930 4449 fructumque
1962 4394 2034 4434 ex

385 4481 454 4521 ea
484 4463 830 4536 decerptum
863 4464 1004 4531 edit,
1038 4469 1215 4534 atque
1247 4464 1426 4520 etiam
1457 4465 1670 4521 marito
1697 4465 1882 4522 dedit.
1917 4489 1938 4518 ι
1977 4465 2034 4529 Si

375 4570 514 4626 ergo
545 4570 680 4609 cum
712 4553 1040 4624 conspicati
1073 4560 1272 4609 essent
1309 4553 1539 4610 arboris
1593 4561 1769 4626 atque
1809 4555 2036 4611 fructus

2141 1967 2381 2042 Ὁμοίως
2426 1967 2486 2024 τέ
2543 1969 2572 2024 ὁ
2623 1969 2834 2031 πλάσας
2889 1968 3077 2039 αὐτὸν,
3135 1966 3326 2038 ἐπειδή
3383 1970 3458 2042 μὴ
3514 1975 3766 2046 πανταχοῦ

2144 2055 2361 2132 βλέπει,
2393 2056 2480 2112 ἐπὶ
2509 2061 2579 2132 τῇ
2630 2061 2738 2113 τῶν
2797 2055 3064 2130 Σοδόμων
3123 2061 3470 2136 καταστροφῇ
3527 2061 3604 2130 [Ρ.
3653 2063 3764 2132 ⁸208]

2142 2143 2313 2218 λέγει·
2351 2170 2380 2198 α
2413 2141 2659 2210 Καταϐἁς
2688 2142 2895 2221 ὄψομαι
2929 2145 2974 2202 εί
3005 2148 3142 2202 κατά
3193 2148 3289 2218 τήν
3326 2149 3562 2224 κραυγὴν
3609 2147 3766 2204 αὐτῶν

2143 2235 2246 2304 τήν
2280 2231 2597 2310 ἐρχομένην
2627 2235 2766 2310 πρός
2801 2256 2868 2309 με
2897 2232 3300 2291 συντελοῦνται’
3336 2235 3379 2291 εἰ
3439 2233 3494 2291 δὲ
3545 2237 3640 2310 μὴ,
3689 2236 3768 2291 ἳνα

2139 2326 2276 2398 γνῶ,
2311 2349 2334 2378 ι
2370 2323 2462 2378 καὶ
2507 2324 2696 2379 ἑαυτόν
2746 2323 3039 2401 ἀγνοοῦντα
3095 2321 3359 2380 δείκνυσι.
3391 2325 3493 2380 Καὶ
3530 2325 3588 2380 τὸ
3617 2323 3767 2380 εἷπεῑν

2140 2411 2262 2486 περὶ
2293 2415 2391 2466 τοῦ
2445 2411 2637 2487 Ἀδὰμ,
2686 2406 3045 2488 Ἐκϐἀλιυμεν
3103 2412 3287 2482 αὐτὸν,
3359 2413 3566 2486 μήποτε
3613 2412 3766 2468 ἐκτεί-

2139 2520 2232 2563 νας
2255 2501 2356 2570 τὴν
2401 2503 2564 2578 χεῖρα
2622 2501 2788 2556 αὐτοῦ
2845 2503 3052 2576 ἅψηται
3103 2505 3199 2557 τοῦ
3256 2500 3426 2572 ξύλου
3471 2508 3567 2572 τῆς
3615 2509 3762 2572 ζωῆς,

2139 2589 2230 2645 καὶ
2283 2591 2472 2666 φαγὼν
2531 2592 2749 2661 ζήσεται
2806 2590 2882 2654 εἰς
2947 2592 3038 2646 τὸν
3089 2590 3258 2646 αἰῶνα
3319 2593 3636 2667 ἀγνοοῦντος
3683 2591 3761 2646 καὶ

2140 2679 2462 2756 φθονουντός
2521 2679 2636 2736 ἐστι
2696 2675 2996 2749 σύμϐολον.
3055 2682 3259 2755 Ὠσπερ
3317 2681 3410 2736 καὶ
3464 2681 3527 2736 τὸ
3575 2681 3764 2736 Ἐνεθυ-

2143 2769 2293 2844 μήθη
2325 2769 2353 2824 ὁ
2383 2769 2512 2825 Θεὸς
2540 2769 2623 2824 ’ὁτι
2672 2767 2896 2840 ἐποίησε
2941 2769 3032 2824 τὸν
3091 2766 3374 2844 ἄνθρωπον
3433 2767 3763 2844 μεταμελείας

2138 2855 2368 2913 ἐστὶκαῖ
2400 2857 2616 2934 ἀγνοίας
2678 2860 2977 2934 τεκμήριον
3033 2863 3139 2914 τῶν
3184 2857 3520 2932 μελλόντων.
3576 2857 3660 2912 Καὶ
3686 2857 3752 2928 τὸ,

2141 2949 2445 3025 Ὠσφράνθη
2479 2947 2679 3023 Κύριος
2733 2947 2910 3022 ὀσμὴν
2969 2945 3198 3010 εὐωδίας
3253 2945 3466 3010 ἐνδεοῦς
3522 2946 3622 3003 ἐστι
3659 2966 3744 3014 ση-

2142 3042 2318 3111 μεῖον,
2349 3037 2424 3100 ὡς
2452 3035 2542 3091 καὶ
2571 3038 2634 3092 τὸ
2663 3033 2934 3111 πειράζειν
2987 3038 3078 3092 τὸν
3135 3031 3392 3110 Ἀϐραὰμ
3443 3037 3536 3092 καὶ
3581 3033 3750 3094 ἄλλους

2140 3125 2239 3180 οὐκ
2275 3123 2478 3199 ἀγαθοῦ
2510 3123 2650 3180 ἐστιν
2701 3123 2976 3199 ἀπόδειξις
2998 3125 3087 3182 καὶ
3117 3126 3178 3181 τὸ
3209 3123 3378 3188 τέλος
3431 3132 3530 3195 τῆς
3581 3124 3760 3194 ὑπομο-

2138 3222 2238 3284 νῆς
2267 3212 2606 3288 προειδότος.
2637 3218 2696 3273 Ὀ
2728 3212 2786 3270 δὲ
2816 3215 3014 3290 Πέτρος
3054 3212 3154 3293 ἔφη
3210 3215 3347 3291 πρὸς
3416 3215 3506 3270 τὸν
3551 3213 3766 3287 Σίμωνα

2139 3304 2204 3361 Εἰ
2233 3301 2440 3382 τυφλὸς
2489 3302 2730 3374 ἐπλάσθη
2781 3305 2810 3359 ὁ
2841 3302 3042 3379 Ἀδὰμ,
3075 3305 3149 3367 ὡς
3183 3305 3398 3378 Λέγεις,
3455 3307 3570 3366 πῶς
3614 3298 3769 3356 ἐντελ-

2139 3390 2376 3464 λόμενος
2433 3393 2580 3466 αὐτῷ
2611 3393 2639 3448 ὁ
2690 3393 2818 3456 Θεὸς
2875 3389 3032 3468 ἓλεγε
3084 3389 3360 3465 δεικνύων,
3431 3392 3536 3448 ἀπὸ
3590 3387 3643 3446 δὲ
3687 3391 3770 3444 τοῦ

2139 3479 2306 3552 ξύλου
2331 3485 2428 3536 τοῦ
2456 3481 2734 3554 γινώσκειν
2767 3479 2936 3538 καλὸν
2965 3481 3058 3537 καὶ
3088 3481 3329 3557 πονηρὸν
3399 3481 3462 3537 ού
3519 3482 3730 3558 φάγεσθε
3757 3497 3768 3546 ;

2139 3570 2242 3628 Καὶ
2273 3569 2301 3626 ὂ
2335 3569 2520 3644 Σίμων
2549 3570 2698 3648 φησί·
2759 3569 2978 3647 Τυφλὸς
3029 3573 3096 3642 ἦν
3153 3572 3181 3626 ὀ
3235 3575 3361 3634 νοῦς
3395 3570 3578 3627 αὐτου.
3630 3566 3774 3626 Καὶὸ

2140 3659 2340 3736 Πέτρος
2375 3660 2510 3716 εἶπε·
2548 3665 2671 3722 Πῶς
2717 3661 2808 3715 καὶ
2857 3660 2949 3716 τὸν
2979 3663 3102 3716 νοῦν
3133 3657 3338 3738 τυφλὸς
3395 3661 3464 3730 ἦν
3504 3661 3532 3714 ὁ
3562 3659 3662 3734 πρὸ
3694 3659 3777 3710 τοῦ

2139 3748 2424 3824 γεύσαςθαι
2471 3753 2568 3806 τοῦ
2654 3749 2817 3805 συσοῦ
2895 3749 3190 3826 προφόρως
3279 3753 3416 3805 πᾶσι
3466 3754 3580 3812 τοῖς
3627 3747 3774 3820 ζῴοις

2141 3837 2343 3903 ἐπιθεὶς
2367 3837 2804 3912 δνόματα;⁶οτι
2861 3839 2966 3914 γὰρ
3023 3843 3112 3893 καί
3167 3837 3293 3901 τοὺς
3323 3845 3429 3909 τῆς
3489 3839 3670 3912 ψυχῆς
3697 3834 3778 3890 καὶ

2141 3931 2238 3983 τοῦ
2287 3929 2540 4002 σώματος
2593 3926 2912 4006 ὀφθαλμοὺς
2956 3931 3108 4004 εἰχον
3143 3927 3518 4006 ἀνεῳγμένους
3548 3926 3633 3983 καὶ
3663 3924 3776 4002 βλέ-

2141 4038 2339 4079 ποντες
2377 4017 2512 4087 ἦσαν
2543 4017 2572 4072 ὅ
2599 4037 2657 4072 τε
2710 4015 2887 4092 Ἀδὰμ
2927 4019 3016 4073 καὶ
3048 4021 3083 4088 ἡ
3116 4015 3249 4090 Εὗα,
3303 4015 3479 4088 δῆλον
3536 4015 3775 4072 ἐντεῦθεν.

2145 4129 2172 4157 cc
2201 4101 2330 4162 Εἶδε
2358 4105 2484 4180 γὰρ,
2531 4107 2716 4183 φησὶν,
2768 4108 2804 4175 ἡ
2853 4107 2989 4183 γυνή
3049 4101 3132 4160 ὅτι
3187 4104 3354 4161 καλὸν
3407 4107 3470 4160 τὸ
3509 4103 3664 4176 ξύλον
3712 4099 3779 4162 εἷς

2146 4195 2348 4270 βρῶσιν
2377 4193 2466 4248 καὶ
2495 4193 2718 4268 ἀρεστὸν
2751 4199 2874 4258 τοῖς
2917 4193 3226 4272 ὀφθαλμοῖς
3259 4191 3392 4250 ἰδεῖν
3453 4195 3543 4250 καὶ
3595 4194 3780 4267 ὡραῖον

2142 4287 2240 4338 τοῦ
2296 4290 2680 4354 κατανοῆσαι,
2749 4284 2840 4338 καὶ
2898 4279 3144 4339 λαϐοῦσα
3196 4288 3294 4338 τοῦ
3358 4288 3574 4360 καρποῦ
3628 4281 3780 4337 αὐτοῦ

2143 4369 2330 4450 ἔφαγε,
2361 4371 2451 4426 καὶ
2473 4369 2642 4428 ἔδωκε
2671 4371 2760 4428 καὶ
2788 4377 2868 4445 τῷ
2895 4369 3050 4449 ἀνδρὶ
3080 4373 3267 4444 αὐτῆς,
3295 4398 3322 4426 ››
3353 4373 3422 4430 Εἰ
3453 4377 3586 4450 γοῦν
3622 4369 3778 4427 καλὸν

2148 4463 2466 4536 θεασάμενοι
2513 4462 2576 4517 τὸ
2625 4458 2840 4538 δένδρον
2893 4461 2983 4518 καὶ
3031 4462 3123 4517 τὸν
3169 4463 3378 4538 καρπὸν
3445 4459 3666 4540 ἔφαγον,
3697 4456 3777 4514 εὗ-

2147 4547 2320 4622 δηΛον
2346 4549 2430 4606 ὅτι
2457 4549 2548 4606 καί
2579 4552 2685 4627 πρὸ
2737 4557 2836 4622 τῆς
2863 4555 2962 4606 τοῦ
3005 4556 3216 4626 καρποῦ
3277 4553 3534 4629 βρώσεως
3592 4554 3777 4629 γνῶσιν

376 4641 1200 4715 pulchritudinem,ederunt,
1238 4649 1470 4698 constat
1491 4649 1628 4700 ante
1663 4660 1828 4698 esum
1852 4644 2027 4699 istum

2145 4641 2240 4713 μὲν
2273 4639 2426 4718 εἶχον
2482 4639 2654 4695 καλοῦ
2683 4660 2741 4694 τε
2769 4639 2858 4694 καὶ
2889 4643 3078 4710 κακοῦ,
3113 4637 3238 4715 ὄψιν
3289 4661 3348 4696 τε
3403 4637 3776 4715 όξυδερκεστά-

377 4749 480 4788 eos
499 4739 559 4788 et
576 4731 719 4788 boni
743 4733 1002 4805 malique
1031 4734 1306 4790 notitiam
1319 4741 1377 4789 et
1401 4735 1595 4790 visum
1611 4735 2024 4791 acutissimum

379 4822 680 4889 habuisse,
711 4839 829 4894 quo
860 4823 1091 4896 singula
1123 4829 1458 4878 cernerent.
1483 4825 1563 4878 Ea
1581 4823 1830 4894 proinde
1851 4822 2028 4877 verba

377 4912 564 4986 aperti
597 4917 736 4968 sunt
765 4929 972 4968 eorum
1012 4912 1191 4977 oculi,
1225 4929 1346 4966 non
1377 4912 1440 4966 in
1487 4912 1642 4967 hanc
1673 4911 2027 4980 sententiam

376 5009 515 5059 sunt
543 5002 758 5074 posita,
789 5002 958 5072 quasi
983 5006 1120 5073 post
1147 5018 1316 5056 esum
1351 4999 1591 5055 demum
1623 5005 1800 5072 atque
1821 5017 2026 5074 pecca-

375 5098 501 5148 tum
526 5093 654 5147 visu
682 5091 938 5147 fuissent
957 5089 1182 5157 donati,
1205 5106 1322 5160 quo
1365 5093 1502 5145 ante
1563 5090 1718 5146 866
1749 5090 2028 5162 pi'aaditos

371 5181 555 5237 fuisse
604 5181 819 5236 docui:
913 5179 1016 5234 sed
1068 5177 1226 5250 quod
1281 5184 1526 5250 peccato
1585 5179 2028 5252 simplicitatem

373 5267 734 5332 amisissent,
754 5267 892 5322 mali
925 5265 1118 5321 omnis
1152 5265 1438 5331 nesciam,
1463 5283 1593 5338 qum
1626 5267 2028 5339 cognitionem

373 5355 814 5411 indifferentem
863 5354 1183 5426 przebebat,
1245 5354 1378 5410 ideo
1417 5355 1642 5412 dictum
1677 5363 1766 5411 est
1825 5357 2028 5413 oculos

378 5458 586 5500 eorum
608 5441 788 5496 fuisse
819 5449 1074 5512 apertos.
1109 5441 1330 5498 Oculus
1363 5443 1522 5498 enim
1555 5460 1626 5498 ea
1681 5449 1772 5499 est
1818 5449 2031 5499 natura

379 5539 501 5588 uta
522 5535 722 5586 mente
743 5529 818 5585 ad
839 5545 1050 5600 eaquae
1071 5532 1260 5586 cernit
1277 5532 1568 5588 excitetur
1601 5549 1614 5586 :
1653 5533 1779 5604 ipse
1811 5533 2028 5605 quippe

461 5709 506 5746 ¹²
537 5710 680 5766 Gen.
712 5723 788 5780 τι,
820 5709 873 5762 6.

954 5705 998 5742 ¹³
1029 5707 1170 5762 Gen.
1201 5723 1320 5777 vni,
1352 5710 1441 5762 2i.
1521 5708 1566 5744 ¹⁴
1592 5707 1734 5765 Gen.
1765 5723 1849 5776 nr,
1881 5711 1934 5763 6.

2133 4730 2234 4798 τὴν
2283 4730 2411 4799 ὁρᾶν
2467 4725 2666 4784 ἕκαστα
2718 4727 3035 4803 δυναμένην.
3091 4729 3298 4788 Οὐκοῦν
3353 4732 3466 4810 οὐχ
3523 4731 3598 4794 ὡς
3653 4728 3775 4804 μετά

2131 4819 2199 4889 τὴ
2235 4819 2438 4893 βρῶσιν
2495 4818 2584 4874 καὶ
2639 4820 2740 4888 τὴν
2794 4813 3096 4895 παράϐασιν
3148 4815 3569 4895 ἀνάϐλεψάντων
3629 4816 3774 4893 εἷ’ρη-

2133 4928 2222 4963 ται
2249 4909 2312 4963 τὸ
2349 4905 2740 4986 διηνοίχθησαν
2785 4907 2961 4964 αὐτῶν
3016 4908 3068 4962 οἱ
3126 4907 3402 4987 ὀφθαλμοὶ
3462 4908 3776 4984 (δείκνυνται

2135 4997 2242 5073 γὰρ
2275 4996 2365 5050 καὶ
2397 4996 2502 5072 πρὸ
2532 5000 2632 5062 τῆς
2663 4995 2920 5072 βρώσεως
2989 4997 3247 5071 ὁρῶντες,
3306 4997 3382 5060 ὡς
3437 4993 3616 5076 ἔφηὴ·
3655 4993 3773 5051 ἀλλ’

2137 5085 2213 5147 ὡς
2235 5086 2296 5140 τὸ
2325 5085 2682 5159 ἀπειρόκακον
2721 5086 3066 5159 ἀποθεμένων
3119 5082 3208 5140 διὰ
3247 5093 3348 5157 τῆς
3403 5081 3774 5162 παραϐάσεως,

2137 5175 2286 5230 ’ὁκαὶ
2342 5175 2442 5244 τὴν
2494 5178 2688 5249 γνῶσιν
2741 5171 3037 5252 ἀδιάφορον
3095 5176 3390 5252 παρέσχεν,
3448 5173 3654 5250 έῤῥήθη
3693 5171 3770 5228 δτι

2139 5261 2532 5340 διηνοίχθησαν
2610 5262 2787 5318 αὐτῶν
2845 5265 2896 5318 o't
2946 5263 3224 5340 ὀφθαλμοὶ
3259 5309 3271 5323 .
3333 5263 3540 5341 Πέφυκε
3595 5263 3692 5340 γάρ
3746 5261 3771 5316 ὁ

2139 5351 2423 5430 ὀφθαλμὸς
2495 5352 2598 5408 ὑπὸ
2691 5356 2789 5407 τοῦ
2839 5352 3110 5428 λογισμοῦ
3175 5350 3522 5430 διεγείρεσθαι
3582 5347 3772 5428 πρὸςᾶ

2143 5439 2358 5518 βλέπει,
2391 5439 2530 5498 διότι
2591 5441 2798 5497 σύνεσιν
2857 5441 3018 5504 αὐτὸς
3078 5444 3198 5508 καθ’
3255 5444 3441 5499 ἑαυτὸν
3494 5441 3593 5497 οὐκ
3649 5439 3778 5514 ἔχει,

2138 5531 2421 5595 κάντεῦθεν
2472 5528 2744 5593 πολλάκις
2799 5531 2934 5606 πρὸς
2979 5527 3136 5607 ἕτερα
3178 5539 3280 5603 τῆς
3325 5528 3560 5594 διανοίας
3620 5529 3778 5602 ἀσχοο
