4118 6276
256 400 369 463 405

1489 410 2043 472 HISTORIAHUM
2088 411 2643 476 COMPENDIUM.

3615 411 3735 471 406

264 533 557 609 λουμένης
623 537 857 616 τυφλοῦ
916 536 1070 612 δίκην
1127 535 1237 595 ἔσθ’
1292 536 1382 595 ὅτε
1438 541 1833 617 παρερχόμεθα
1878 540 1971 597 καὶ

2085 560 2193 617 per
2222 561 2285 601 se
2315 544 2523 602 oculus
2552 562 2673 603 non
2730 545 3029 619 intelligit.
3077 545 3283 617 Itaque
3323 557 3734 619 saepenumero

278 627 370 683 τὸν
424 627 572 680 πάνυ
632 627 957 703 γνώριμον,
1018 628 1106 684 καὶ
1187 627 1405 684 ἐπειδὰν
1461 629 1847 705 ἐγκληθῶμεν,
1899 635 1968 706 τῇ

288 714 531 792 ἀσχολίᾳ
562 721 670 771 τοῖ’»
704 716 991 792 λογισμοῦ
1040 718 1105 773 τὸ
1160 719 1341 774 αἳτιον
1393 719 1729 784 ἀνατιθέντες
1759 720 1970 777 ἀπολο-

295 804 564 882 γοῦμεθα.
601 804 770 863 Οὕτω
820 808 913 861 καὶ
971 808 999 861 6
1053 804 1235 880 ’Δδὰμ
1291 807 1381 862 καὶ
1413 811 1448 877 ἡ
1487 810 1600 865 Εὕα
1726 809 1973 880 αἰσθήσει

300 898 400 950 τοῦ
427 898 530 949 νοῦ
562 895 705 969 πρὸς
735 896 837 965 τὴν
871 892 994 968 ὄψιν
1026 893 1416 973 διηγέρθησαν.
1448 898 1518 951 Τὸ
1547 897 1668 972 γὰρ·
1704 922 1732 950 ‹‹
1761 897 1973 969 Διηνοί-

299 996 519 1062 χθησαν
558 984 613 1038 o't
645 983 927 1063 ὀφθαλμοὶ
960 985 1050 1039 καὶ
1106 980 1347 1059 ἔγνωσαν
1407 984 1490 1041 ὅτι
1547 987 1749 1061 γυμνοὶ
1780 987 1916 1056 ἦσαν
1947 1011 1974 1039 »

300 1072 658 1147 ἀποκάλυψιν
690 1071 860 1144 δηλοῖ
885 1076 984 1143 τήν
1037 1073 1394 1152 ἐγγενομένην
1439 1081 1519 1149 τῷ
1569 1074 1842 1152 λογισμῷ,
1876 1077 1977 1132 οὐκ

304 1159 610 1238 ἀνάϐλεψιν
669 1164 993 1239 ὀφθαλμῶν,
1050 1163 1189 1219 ὥστε
1245 1167 1348 1235 τὴν
1410 1167 1543 1239 μετὰ
1581 1167 1680 1235 τὴν
1711 1167 1979 1241 ἁμαρτίαν

303 1252 565 1323 αἴσθησιν
629 1249 775 1307 οὕτω
830 1250 1097 1322 κέκληκεν
1172 1257 1208 1321 ἡ
1292 1256 1501 1331 Γραφις.
1582 1255 1818 1330 παρευθὺ
1873 1256 1977 1330 γὰρ

303 1340 447 1416 μετᾶ
496 1340 602 1408 τήν
659 1340 927 1414 ἁμαρτίαν
987 1342 1049 1395 τὸ
1108 1338 1348 1404 συνειδὸς
1406 1340 1732 1413 πλήττεται.
1795 1344 1900 1399 Καὶ
1952 1345 1981 1399 6

300 1429 502 1503 Σίμων
532 1430 720 1507 φησίν·
773 1429 837 1485 Ei
889 1434 970 1498 [Ρ.
1005 1435 1160 1503 209],
1187 1432 1498 1508 πρόγνωσιν
1534 1432 1685 1511 εἶχεν
1718 1434 1746 1487 6
1778 1430 1980 1506 Ἀδὰμ,

295 1516 398 1573 διὰ
420 1517 475 1572 τί
507 1518 573 1572 οὔ
603 1518 860 1594 προέγνω
889 1519 989 1588 τήν
1022 1516 1110 1573 διὰ
1166 1524 1264 1574 τοῦ
1313 1514 1494 1597 ὄφεως
1542 1520 1637 1575 καὶ
1668 1528 1771 1592 τῆς
1800 1541 1983 1595 γυναι-

297 1608 403 1669 κὸς
432 1607 696 1677 ἂπάτην;
730 1609 827 1663 Καὶ
860 1609 887 1663 6
921 1609 1144 1683 Πέτρος
1201 1608 1266 1666 Εἰ
1323 1609 1632 1686 πρόγνωσιν
1695 1610 1796 1665 οὐκ
1838 1610 1981 1689 εἶχε,

300 1701 428 1758 πῶς
467 1702 589 1758 τοῖς
641 1697 783 1761 υἱοῖς
838 1697 1003 1752 αὐτοῦ
1060 1696 1198 1773 πρὸς
1254 1698 1351 1760 τὰς
1409 1698 1669 1771 ἐσομένας
1734 1699 1981 1774 πράξεις,

308 1787 432 1860 ἅμα
485 1790 572 1859 τῷ
622 1791 963 1861 γεννηθῆναι,
1045 1786 1304 1856 ἐπέθηκεν
1379 1787 1656 1860 όνόματα;
1715 1788 1819 1844 Τὸν
1879 1787 1984 1863 γὰρ

2081 635 2217 691 aliis
2244 634 2426 689 rebus
2452 641 2737 708 occupato
2784 636 3132 706 intentoque
3186 635 3387 690 animo
3438 652 3732 691 caecorum

2081 723 2275 779 instar
2307 725 2489 779 etiam
2517 726 2862 780 notissimos
2903 724 3318 796 praeterimus;
3369 741 3622 795 cumque
3673 725 3735 780 in

2080 812 2254 868 nobis
2302 814 2450 868 vitio
2482 814 2748 881 vertitur,
2782 814 2956 885 culpa
2986 814 3047 868 in
3082 813 3267 868 animi
3312 815 3735 885 occupationes

2083 902 2305 973 rejecta
2337 919 2447 957 nos
2472 918 2809 975 purgamus.
2852 903 2947 957 Sic
2999 918 3135 971 ergo
3167 901 3429 957 Adamus
3460 903 3638 958 etiam
3669 919 3737 958 ac

2082 993 2218 1057 Eva,
2268 1007 2445 1046 sensu
2504 991 2718 1046 mentis
2773 990 2845 1045 ad
2903 989 3223 1045 videndum
3285 992 3519 1046 excitati
3577 998 3736 1048 sunt.

2085 1081 2218 1135 Haec
2237 1081 2397 1136 enim
2426 1080 2493 1148 ¹⁵,
2520 1101 2545 1133 ε
2572 1081 2772 1151 Aperti
2802 1085 2941 1135 sunt
2965 1095 3167 1134 eorum
3194 1079 3349 1134 oculi
3371 1084 3429 1135 et
3456 1095 3741 1152 cognove-

2085 1175 2227 1225 runt
2256 1187 2318 1225 se
2351 1169 2543 1225 nudos
2572 1187 2723 1239 esse,
2758 1190 2786 1219 »
2819 1168 3276 1241 patefactionem
3320 1169 3384 1223 in
3432 1168 3741 1225 intellectu

2088 1260 2357 1316 obortam
2378 1261 2710 1333 designant,
2744 1277 2865 1315 non
2881 1259 3188 1315 oculorum
3205 1275 3420 1315 novum
3444 1259 3736 1316 obtutum.

2088 1350 2181 1405 Sic
2203 1366 2338 1421 ergo
2366 1351 2697 1405 nominavit
2718 1349 3019 1421 Scriptura
3044 1364 3284 1404 sensum
3333 1350 3578 1421 peccati.
3615 1350 3744 1404 Sta-

2088 1440 2196 1493 tim
2231 1439 2389 1493 enim
2421 1455 2456 1494 a
2482 1444 2725 1509 peccato
2751 1438 3068 1494 commisso
3118 1438 3483 1494 conscientia
3512 1438 3741 1493 feritur.

2090 1527 2297 1582 Intulit
2326 1527 2567 1582 Simon:
2601 1529 2715 1582 Cur
2753 1543 2890 1600 ergo
2947 1527 3225 1593 Adamus,
3286 1527 3334 1582 si
3378 1528 3745 1600 prmnotione

2090 1617 2203 1672 fuit
2233 1616 2540 1689 praeditus,
2575 1633 2696 1672 non
2727 1617 3029 1690 praasagiit
3058 1616 3328 1673 fraudem
3368 1616 3666 1689 serpentis
3692 1621 3752 1671 et

2094 1706 2364 1762 mulieris
2384 1706 2413 1761 ?
2440 1708 2590 1775 Imo,
2622 1706 2818 1778 inquit
2849 1708 3080 1774 Petrus,
3112 1706 3229 1760 nisi
3262 1705 3461 1762 futura
3506 1706 3750 1778 praesci-

2095 1795 2197 1863 vit,
2232 1811 2349 1866 qua
2378 1795 2609 1851 ratione
2638 1795 2829 1867 potuit
2859 1794 2999 1850 filiis
3032 1794 3177 1860 suis,
3211 1800 3278 1850 ut
3317 1796 3577 1866 primum
3625 1794 3749 1849 nati

316 1875 685 1951 πρωτότοκον
728 1875 976 1948 ὠνόμασε
1008 1876 1158 1948 Κάϊν,
1203 1875 1234 1931 6'
1277 1874 1386 1932 ἔστι
1439 1878 1635 1946 Ζῆλος’
1670 1878 1729 1939 ’ὸς
1760 1878 1851 1932 καὶ
1884 1882 1972 1948 ζη-

2100 1888 2259 1950 sunt,
2283 1900 2351 1937 ea
2380 1883 2625 1938 nomina
2654 1883 2961 1954 imponere
2990 1882 3207 1954 quibus
3238 1883 3451 1937 futuraa
3483 1882 3749 1937 actiones

317 1963 509 2027 λώσας
547 1964 733 2020 ἀνεῖλε
760 1964 852 2019 τὸν
899 1962 1131 2043 ἀδελφὸν
1173 1964 1338 2020 αὐτοῦ
1374 1960 1569 2039 Ἅϐελ,
1614 1966 1645 2021 6'
1692 1966 1985 2040 ἑρμηνεύε-

321 2075 415 2109 ται
445 2054 669 2117 Πένθοςο
726 2052 809 2108 ἐπ’
867 2053 1014 2126 αὕτῷ
1066 2054 1171 2129 γὰρ
1225 2056 1428 2129 πρώτῳ
1488 2054 1797 2132 φονευθέντι
1828 2053 1984 2109 ἐπέν-

325 2152 496 2208 θησαν
545 2142 598 2195 oi
653 2146 852 2218 γονεῖς.
886 2142 950 2197 Εἰ
984 2139 1040 2196 δὲ
1084 2139 1264 2215 Ἀδὰμ
1294 2139 1452 2219 ἔργον
1484 2146 1617 2198 Θεοῦ
1647 2145 1737 2198 καὶ
1769 2143 1986 2216 ποίημα

319 2230 638 2306 πρόγνωσιν
698 2231 838 2305 εἶχε,
924 2231 1123 2303 πολλῷ
1213 2229 1426 2304 μᾶλλον
1485 2234 1513 2287 6
1570 2229 1986 2308 δημιουργήσας

320 2319 483 2374 αὐτὸν
514 2319 667 2381 Θεός.
701 2323 823 2376 ’Ότι
854 2319 955 2395 γὰρ
987 2318 1159 2382 ὄντως
1203 2321 1567 2396 προγινώσκει
1606 2321 1633 2375 ὅ
1665 2324 1818 2390 Θεὸς,
1850 2322 1982 2397 φησί

316 2409 457 2483 πρὸς
486 2408 583 2464 τὸν
646 2403 920 2484 Ἀϐραάμ·
981 2409 1262 2464 Γινώσκων
1324 2410 1505 2486 γνώσῃ
1574 2408 1658 2465 ὅτι
1716 2410 1982 2485 πάροικον

318 2493 467 2553 ἔσται
524 2498 590 2553 τὸ
647 2496 862 2573 σπέρμα
916 2518 1011 2552 σου
1071 2496 1124 2553 ἓν
1183 2502 1253 2575 γῇ
1311 2497 1603 2574 ἀλλοτρίᾳ,
1635 2499 1726 2553 καὶ
1768 2496 1981 2554 δουλώ-

316 2608 503 2643 σουσιν
538 2587 674 2642 αὐτὸ
705 2586 799 2658 ἔτη
852 2588 917 2645 υ’.
968 2588 1043 2644 Τὸ
1095 2586 1152 2642 δὶ
1198 2586 1352 2652 ἔθνος
1396 2588 1442 2661 ᾧ
1488 2588 1577 2643 ἐὰν
1619 2585 1982 2655 δουλεύσωσι,

314 2681 494 2751 κρινῶ
553 2675 690 2751 ἐγώ.
753 2677 905 2733 Μετᾶ
964 2674 1019 2731 δὲ
1076 2681 1243 2732 ταῦτα
1299 2676 1667 2747 ὲξελεύσονται
1707 2676 1813 2733 ὧδε
1846 2678 1983 2749 μετὰ

318 2765 638 2834 ἀποσκευῆς
668 2763 911 2834 πολλῆς·
946 2764 1007 2819 σὺ
1037 2762 1096 2821 δὲ
1125 2766 1388 2840 έπελεύσῃ
1415 2768 1552 2839 πρὸς
1587 2767 1716 2828 τοὺς
1745 2766 1979 2842 πατέρας

318 2876 438 2927 σου,
507 2860 628 2928 μετ’
687 2855 905 2930 εἰρήνης
955 2855 1177 2935 τραφεὶς
1228 2856 1280 2910 έν
1329 2858 1485 2931 γήρει
1526 2857 1704 2929 καλῷ.
1737 2858 1977 2932 Τετάρτῃ

310 2942 368 3000 δὲ
435 2948 603 3022 γενεᾷ
670 2943 1181 3021 ἀποστραφήσονται
1274 2942 1401 2999 ὧδε.
1502 2944 1565 3002 Ti
1653 2942 1748 3013 δὲ;
1837 2945 1984 3020 Οὐχῖ

312 3040 560 3107 Ηωΰσης
622 3036 713 3090 καὶ
772 3036 824 3089 οἱ
884 3033 1079 3090 λοιποὶ
1134 3042 1412 3111 προφῆται
1488 3036 1558 3090 τὰ
1609 3037 1983 3111 ἁμαρτήματα

311 3132 405 3182 xuii
464 3124 697 3202 Ἰσραὴλ
770 3126 859 3181 καὶ
944 3127 1046 3195 τήν
1133 3126 1402 3181 ἀπείθειαν
1471 3126 1637 3182 αὐτοῦ
1693 3128 1831 3203 πρὸς
1889 3126 1983 3185 τὸν

318 3216 548 3289 Χριστὸν
578 3216 673 3271 καὶ
723 3216 825 3284 τήν
877 3215 956 3278 εἷς
1005 3216 1070 3270 τὰ
1133 3214 1256 3287 ἔθνη
1318 3214 1612 3292 διασπορὰν
1655 3217 1821 3272 αὐτοῦ
1852 3240 1985 3293 προ-

2098 1972 2594 2043 designarentur?
2624 1973 2821 2026 Primo
2850 1970 2972 2025 filio
3015 1970 3179 2026 Caini
3237 1985 3458 2024 nomen
3506 1968 3747 2037 indidit,

2097 2075 2227 2130 quas
2249 2075 2354 2113 vox
2382 2057 2832 2113 Emulationem
2853 2063 2955 2112 aut
2976 2056 3362 2112 lnvidentiam
3386 2061 3588 2111 notat:
3623 2072 3742 2126 qua

2094 2148 2145 2202 is
2178 2147 2471 2219 impulsus
2501 2146 2719 2202 occidit
2744 2146 2989 2201 fratrem
3022 2161 3195 2201 suum
3248 2144 3520 2209 Abelum,
3565 2144 3738 2216 cujus

2094 2238 2336 2293 nomine
2367 2236 2562 2291 luctus
2583 2236 2982 2308 signiﬁcatur:
3007 2234 3293 2289 nimirum
3311 2233 3471 2287 enim
3492 2233 3554 2287 in
3574 2233 3740 2288 luctu

2094 2326 2337 2381 fuerunt
2365 2330 2663 2397 parentes,
2697 2341 2765 2379 eo
2795 2325 3054 2395 primum
3079 2327 3309 2378 necato.
3342 2323 3468 2376 Jam
3502 2322 3550 2376 si
3582 2322 3739 2377 Ada-

2094 2432 2250 2482 mus,
2283 2413 2383 2469 Dei
2425 2429 2573 2485 opus
2627 2417 2806 2483 atque
2852 2417 3140 2477 creatura,
3200 2410 3575 2482 praescientia
3629 2410 3743 2465 fuit

2093 2504 2402 2579 praeditus,
2435 2503 2593 2560 haud
2624 2502 2803 2559 dubie
2834 2502 3022 2575 magis
3049 2502 3223 2557 etiam
3258 2516 3327 2555 ea
3366 2500 3565 2572 opifici
3612 2503 3740 2571 ejus

2092 2599 2210 2653 Deo
2234 2595 2413 2650 tribui
2436 2594 2630 2651 debet.
2659 2597 2730 2649 Et
2749 2609 2884 2649 vero
2909 2593 3107 2648 futura
3131 2609 3193 2647 se
3224 2591 3546 2664 praevidere
3584 2592 3739 2646 Deus

2092 2686 2477 2751 demonstrat,
2564 2701 2699 2740 cum
2757 2684 2840 2739 ita
2906 2681 3309 2738 Abrahamum
3382 2681 3733 2751 alloquitur:

2090 2779 2258 2831 Certo
2289 2774 2587 2847 intelliges
2616 2779 2885 2845 posteros
2917 2778 3048 2828 tuos
3078 2772 3141 2825 in
3174 2771 3366 2826 alieno
3411 2770 3536 2825 solo
3564 2786 3738 2825 exsu-

2091 2866 2336 2931 laturos,
2399 2865 2772 2935 servientque
2832 2864 2979 2919 897
3042 2862 3314 2918 Barbaris
3393 2862 3735 2916 servitutem

2091 2970 2280 3009 annos
2311 2953 2434 3007 400.
2468 2955 2582 3024 Ego
2613 2957 2810 3007 autem
2866 2955 3125 3023 gentem,
3176 2966 3306 3021 quae
3351 2965 3451 3003 eos
3499 2949 3735 3003 servitio

2090 3046 2341 3115 premet,
2366 3041 2639 3096 ulciscar.
2672 3045 2859 3111 Atque
2889 3044 3014 3093 tum
3041 3039 3157 3094 huc
3185 3041 3553 3093 revertentur
3569 3053 3732 3109 mag-

2090 3131 2186 3186 nis
2216 3146 2351 3185 cum
2373 3129 2584 3201 opibus
2614 3133 2824 3199 quarta
2849 3133 2984 3199 post
3017 3132 3207 3182 tetate.
3264 3128 3344 3181 Tu
3375 3131 3572 3181 autem
3602 3125 3734 3196 pla-

2091 3217 2224 3273 cida
2252 3223 2442 3273 morte
2473 3234 2652 3273 senex
2697 3217 2769 3272 ad
2822 3217 3078 3289 majores
3121 3221 3256 3271 tuos
3301 3213 3730 3287 aggregaberis.

326 3280 599 3373 agilius“
625 3324 637 3362 :
675 3304 737 3361 Ei
771 3280 829 3359 δὲ
857 3311 1102 3375 Μωΰσῆς
1132 3306 1220 3360 καὶ
1245 3280 1255 3287 ’
1276 3305 1329 3359 οἰ
1381 3280 1548 3360 ἄλλοι
1596 3280 1972 3383 προφῆταιιέκ

2085 3307 2234 3373 Quid
2265 3312 2462 3362 autem
2481 3308 2509 3362 ‘2
2537 3308 2742 3362 Nonne
2774 3310 2833 3361 et
2860 3280 3046 3361 Moses
3078 3311 3136 3360 et
3163 3280 3570 3376 reliquvivvates
3600 3320 3734 3375 pec-

322 3399 427 3462 τῆς
472 3397 566 3448 to?)
614 3398 742 3450 Θεοῦ
802 3394 1036 3473 χάριτος
1088 3394 1154 3449 τὰ
1214 3391 1488 3467 μέλλοντα
1545 3395 1972 3473 προεγίνωσκον,

338 3487 459 3545 πῶς
486 3483 637 3545 αὐτὸς
670 3485 700 3537 6
736 3482 789 3537 έν
850 3481 1035 3545 αὐτοῖς
1096 3481 1340 3554 λαλήσας
1402 3484 1530 3546 Θέὸς
1591 3484 1655 3539 οὐ
1708 3487 1978 3563 προγινώ-

310 3593 429 3627 σκει
463 3574 530 3627 τὰ
560 3571 838 3648 ἑσόμενα;
891 3573 1050 3628 Ὠστε
1102 3571 1195 3627 οὖν
1246 3572 1613 3645 οἰκονομικῶς
1653 3572 1863 3650 εἶ’ρηται
1894 3576 1977 3647 τὸ,

304 3662 684 3735 Ἐνεθυμήθη,
718 3661 960 3716 τουτέστι
1023 3660 1396 3737 μετεμελήθη,
1457 3663 1545 3717 καὶ
1595 3663 1680 3731 τὸ,
1729 3659 1974 3727 Καταϐὰς

299 3748 536 3826 ὄψομαι.
569 3750 675 3806 Καὶ
714 3751 807 3824 μέν
840 3771 905 3826 γε
953 3750 1037 3819 τὸ,
1069 3750 1355 3826 Ἐπείραζε
1412 3751 1502 3806 τὸν
1553 3746 1823 3828 Ἀϐραὰμ,
1857 3752 1970 3808 καὶ,

298 3840 615 3918 Ὠσφράνθη
654 3839 874 3914 Κύριος,
926 3841 1016 3894 γαὶ
1065 3839 1164 3895 ὅσα
1210 3844 1456 3905 τοιαῦτα,
1490 3836 1973 3916 συγκαταϐατικὼς

300 3927 389 3985 διὰ
435 3932 541 3999 τήν
607 3929 883 4004 ἡμετέραν
942 3929 1217 3984 ἀσθένειαν
1277 3928 1551 3997 λέλεκται,
1610 3929 1725 3985 ἐπεὶ
1783 3930 1866 3986 ὅτι
1909 3953 1972 4006 γε
2026 3998 2029 3999 ν

295 4020 498 4073 θυσιῶν
533 4016 641 4073 οὐκ
670 4018 937 4095 ὀρέγεται,
995 4015 1084 4072 ’διά
1139 4022 1236 4073 τοῦ
1264 4021 1552 4097 προτήτου
1585 4014 1754 4074 Δαϐἷδ
1790 4021 1971 4094 ὑπεμ-

294 4108 478 4188 ᾳαίνει
543 4106 743 4180 λέγων’
808 4109 901 4177 Μὴ
964 4108 1225 4184 φάγωμαι
1282 4108 1413 4183 κρέα
1469 4109 1683 4184 ταύρων
1739 4110 1773 4179 ἢ
1824 4111 1968 4183 αἷμα

291 4197 517 4275 τράγων
579 4196 821 4268 πίωμαι.
873 4197 1034 4253 ’Όθεν
1090 4198 1118 4251 6
1176 4196 1228 4268 ἐξ
1287 4197 1450 4251 αὐτοῦ
1481 4198 1586 4273 πρὸ
1615 4202 1724 4253 τῶν
1755 4197 1970 4255 αἰώνων

301 4285 589 4365 γεννηθεὶς
646 4285 737 4341 καὶ
798 4285 882 4340 ἐπ’
942 4284 1187 4365 ἐσχάτων
1267 4287 1325 4341 ἐκ
1395 4292 1494 4357 τῆς
1552 4286 1823 4363 Παρθένου
1880 4284 1969 4342 διὰ

290 4377 393 4445 τὴν
494 4373 772 4450 ἡμετέραν
851 4374 1124 4448 σωτηρίαν
1199 4377 1418 4451 τεχθεῖς
1490 4380 1664 4432 ταῦτα
1735 4378 1827 4431 καὶ
1900 4379 1967 4432 τὰ

290 4468 517 4520 τοιαῦτα
578 4463 763 4540 ὥσπερ
823 4461 1205 4538 διερμηνεῦων
1255 4471 1376 4527 τοῖς
1438 4466 1755 4541 ἀγνοοῦσιν,
1817 4457 1962 4521 δτιὸ

292 4554 421 4615 Θεὸς
477 4554 571 4608 καὶ
633 4554 824 4626 Πατὴρ
875 4553 1046 4608 πάντα
1116 4553 1505 4628 προγινώσκει,
1564 4549 1769 4630 ἔλεγεν
1832 4552 1963 4617 Οἵδε

2088 3403 2218 3453 cata
2248 3396 2473 3464 Israeli,
2507 3396 2636 3468 ejus
2665 3394 3166 3459 incredulitatem,
3220 3399 3278 3449 et
3321 3394 3384 3448 in
3430 3393 3732 3448 Christum

2087 3488 2547 3557 contumaciam,
2618 3492 2800 3557 utque
2859 3489 3062 3541 essent
3124 3484 3308 3540 Judaai
3364 3499 3472 3555 per
3525 3487 3731 3555 gentes

2086 3576 2435 3646 dissipandi,
2465 3574 2911 3648 praedixerunt?
2939 3575 3106 3640 Quod
3135 3574 3185 3628 si
3209 3575 3395 3629 Moses
3427 3577 3484 3627 et
3513 3571 3730 3642 reliqui

2083 3672 2244 3721 vates
2261 3667 2364 3722 Dei
2388 3666 2541 3720 dono
2563 3666 2895 3721 futurorum
2920 3663 3254 3736 cognitione
3268 3667 3406 3716 sunt
3430 3662 3725 3727 instructi,

2085 3772 2200 3826 quo
2233 3760 2402 3827 pacto
2435 3756 2610 3818 Deus,
2643 3754 2742 3825 qui
2792 3769 2899 3823 per
2945 3768 3045 3806 eos
3091 3751 3326 3806 locutus
3371 3755 3481 3815 est,
3529 3748 3730 3803 futura

2082 3844 2423 3916 ignoraret?
2451 3845 2632 3897 Porro
2663 3841 2834 3908 illud,
2866 3839 3271 3895 Consideravit
3316 3839 3487 3902 Deus,
3538 3837 3596 3892 id
3637 3842 3751 3892 est.

2081 3933 2357 4006 paenituit
2375 3948 2531 3997 eum,
2555 3937 2631 3998 et,
2666 3929 3030 3985 Descendam
3050 3929 3264 3998 visum,
3297 3928 3453 3982 dicta
3481 3931 3621 3982 sunt
3649 3926 3724 3981 ad

2081 4024 2407 4077 humanum
2431 4025 2667 4091 captum
2693 4016 3157 4074 accommodata.
3191 4016 3352 4081 Quod
3382 4016 3559 4071 etiam
3592 4021 3724 4071 ten-

2078 4113 2291 4168 tavisse
2322 4111 2725 4166 Abrahamum
2756 4108 2974 4164 dicitur
3021 4113 3078 4163 et
3134 4107 3434 4173 odoratus,
3486 4112 3546 4160 et
3592 4123 3721 4177 qua;

2080 4203 2292 4257 horum
2324 4206 2463 4257 sunt
2490 4200 2732 4268 similia,
2761 4215 2830 4255 ea
2861 4198 3016 4253 dicta
3045 4201 3185 4253 sunt
3208 4201 3426 4252 nostras
3457 4195 3723 4250 imbecil-

2079 4292 2262 4347 litatis
2287 4306 2484 4357 causa,
2502 4289 2695 4344 verbis
2717 4289 2790 4343 ad
2811 4293 3040 4343 natura;
3060 4290 3276 4341 nostrae
3296 4301 3526 4340 morem
3556 4300 3721 4339 com-

2076 4380 2307 4454 positis.
2339 4382 2482 4435 Nam
2515 4378 2807 4433 sacrificia
2834 4393 2869 4432 a
2898 4392 2959 4431 se
2982 4392 3101 4430 non
3127 4374 3320 4446 expeti
3351 4374 3503 4429 Deus
3519 4374 3715 4429 Davidi

2075 4470 2269 4526 verbis
2301 4469 2385 4523 sic
2416 4467 2661 4539 exponit
2688 4466 2767 4521 “z
2798 4468 2995 4538 Egone
3035 4471 3103 4520 ut
3151 4479 3359 4520 carnes
3406 4468 3715 4519 taurorum

2077 4558 2293 4623 edam,~
2325 4562 2426 4613 aut
2484 4556 2833 4629 sanguinem
2890 4555 3191 4610 hircorum
3266 4552 3524 4615 bibam?
3572 4554 3716 4609 Huic

290 4643 391 4719 γὰρ
427 4645 458 4697 6
493 4642 690 4716 Πατὴρ
745 4644 907 4713 ἡμῶν
969 4643 996 4697 6
1057 4643 1308 4715 οὐράνιος
1355 4642 1438 4698 ὅτι
1489 4643 1723 4719 χρῄζετε
1755 4644 1966 4700 τούτων

2083 4648 2230 4702 illius
2264 4647 2385 4710 Dei,
2420 4652 2555 4702 ante
2589 4645 2807 4702 saecula
2837 4661 2905 4700 ex
2935 4645 3064 4717 ipso
3094 4643 3329 4716 genitus
3386 4648 3446 4697 et
3491 4641 3714 4697 ultimis

289 4734 563 4800 ἁπάντων,
617 4731 747 4807 πρὶν
797 4731 960 4786 αὐτὸν
1012 4731 1234 4801 αἰτῆσαι
1291 4733 1450 4805 ὑμᾶς.
1508 4734 1607 4789 Καὶ
1655 4738 1772 4797 τοῖς
1801 4733 1960 4807 νομί·

291 4825 474 4889 ζουσιν
504 4821 595 4874 ὅτι
631 4819 709 4891 μὴ
762 4819 938 4874 πάντα
999 4818 1188 4894 βλέπει
1247 4817 1460 4900 ἔφασκε·
1497 4819 1875 4896 Προσεύχεσθε
1904 4819 1955 4877 ἐν

285 4913 364 4980 τῷ
394 4912 654 4983 κρυπτῷ,
683 4908 775 4962 καὶ
805 4908 833 4962 6
865 4909 1053 4983 Πατὴρ
1089 4909 1244 4983 ὑμῶν
1304 4910 1332 4964 6
1394 4908 1611 4984 βλέπων
1645 4909 1696 4964 ἓν
1723 4914 1801 4982 τῷ
1829 4930 1957 4984 κρυ-

282 5002 407 5070 πτῷ
458 4996 741 5051 ἀποδώσει
813 4995 865 5050 έν
918 5001 998 5068 τῷ
1056 5002 1286 5075 φανερῷ.
1345 4998 1441 5052 Καὶ
1498 5004 1616 5059 τοῖς
1674 4997 1953 5069 οἰομένοις

276 5086 439 5143 αὐτὸν
506 5088 586 5160 μή
649 5085 850 5161 ἀγαθὸν
906 5086 1039 5141 εἶναι
1117 5083 1427 5157 ἐπέπληττε
1485 5086 1677 5163 λέγων·
1736 5087 1804 5144 Ei:
1862 5086 1952 5173 οὗν

278 5176 435 5247 ὑμεῖς
493 5174 733 5249 πονηροῖ
790 5173 939 5238 ὄντες
1002 5173 1185 5230 οἲδατε
1244 5173 1457 5249 δόματα
1522 5176 1694 5251 ἀγαθᾶ
1742 5174 1952 5246 διδόναι

273 5270 389 5327 τοῖς
439 5266 660 5326 τέκνοις
725 5265 904 5337 ὑμῶν,
966 5264 1119 5338 πόσῳ
1177 5263 1391 5338 μᾶλλον
1433 5266 1461 5319 6
1522 5267 1705 5342 Πατὴρ
1741 5266 1889 5339 ὑμῶν
1922 5268 1949 5321 6

279 5353 531 5429 οὐράνιος
565 5350 729 5408 δώσει
762 5352 937 5428 ἀγαθᾶ
986 5360 1104 5415 τοῖς
1140 5354 1380 5409 αἰτοῦσιν
1437 5353 1635 5424 αὐτὸν;
1700 5357 1797 5409 Καὶ
1826 5360 1949 5417 τοῖς

283 5439 539 5497 δοκοῦσιν
595 5441 758 5497 αὐτὸν
819 5444 1019 5497 θυσιῶν
1104 5442 1383 5520 ὀρέγεσθαι
1460 5442 1827 5518 διηγόρευσεν·
1886 5445 1948 5502 Ὀ

2083 5451 2337 5500 ιυιδῐεῐιῑ
2409 5462 2529 5501 non
2604 5461 2733 5500 esse
2804 5444 3046 5511 bonum,

2057 5535 2210 5591 868
2244 5533 2462 5600 Quodsi
2517 5551 2638 5605 vos,
2686 5534 2786 5606 qui
2830 5532 2971 5588 mali
3027 5532 3190 5603 estis,
3238 5532 3444 5588 liberis
3492 5532 3701 5587 vestris

289 5533 415 5592 Θεὸς
447 5530 602 5596 ἔλεος
634 5530 786 5587 θέλει
834 5531 924 5585 καὶ
987 5532 1047 5587 οὐ
1107 5533 1309 5596 θυσίας.
1349 5533 1451 5589 Καὶ
1480 5539 1598 5597 τοῖς
1629 5529 1949 5608 ὑπολαμϐά-

358 5717 399 5753 ⁸⁸
426 5716 567 5774 Gen.
602 5731 698 5785 xv,
737 5716 791 5770 '1.
874 5712 920 5750 ³⁸
948 5713 1101 5771 Psal.
1133 5726 1285 5787 mx,
1316 5717 1400 5772 15.
1478 5716 1521 5752 ⁷¹
1552 5716 1754 5773 Matth.
1782 5733 1856 5784 Vl,
1888 5719 1941 5772 ι.

2069 4735 2435 4808 temporibus
2468 4740 2685 4790 nostrae
2713 4735 2919 4790 salutis
2951 4749 3132 4789 causa
3159 4732 3233 4788 de
3262 4732 3486 4803 virgine
3518 4736 3711 4801 natus,

2067 4825 2193 4880 haec
2224 4831 2282 4880 et
2311 4823 2428 4880 alia
2457 4823 2517 4879 id
2542 4841 2728 4897 genus
2766 4822 3014 4878 rudibus
3071 4822 3241 4893 quasi
3290 4821 3710 4892 interpretatus

2068 4919 2177 4969 est.
2226 4914 2393 4979 Quod
2443 4914 2595 4968 Deus
2654 4918 2711 4967 et
2767 4913 2941 4967 Pater
2996 4911 3198 4966 omnia
3252 4910 3541 4981 praesciat.
3604 4909 3707 4963 sic.

2068 5004 2235 5059 Novit
2288 5005 2464 5058 Pater
2518 5006 2712 5056 vester
2768 4999 3022 5056 caelestis
3075 5016 3177 5054 vos
3234 4997 3366 5052 istis
3432 4995 3711 5050 omnibus

2065 5091 2350 5165 indigere,
2381 5091 2558 5162 idque
2584 5095 2902 5160 antequam
2951 5089 3147 5160 ipsum
3199 5085 3437 5159 rogetis.
3489 5086 3560 5138 Et
3608 5088 3711 5155 qui

2065 5198 2199 5237 eum
2230 5198 2352 5237 non
2382 5180 2604 5252 ubique
2634 5180 2835 5234 omnia
2862 5177 3059 5233 videre
3089 5180 3385 5249 putarent,
3429 5190 3497 5229 eo
3546 5174 3709 5229 refu-

2062 5275 2264 5325 tantur
2294 5269 2357 5322 ¹⁷.
2392 5268 2716 5323 Precamini
2750 5268 2812 5322 in
2842 5265 3041 5340 abdito
3066 5287 3081 5332 ;
3115 5271 3169 5321 et
3199 5266 3374 5319 Pater
3393 5268 3584 5318 vester
3604 5264 3704 5335 qui

2061 5358 2293 5413 occulta
2332 5356 2509 5424 videt,
2542 5357 2706 5411 vobis
2748 5355 2959 5410 reddet
3004 5354 3064 5409 in
3120 5357 3340 5424 aperto.
3404 5353 3513 5419 Qui
3571 5369 3705 5407 eum
3796 5428 3801 5429 γ

3154 5442 3239 5497 sic
3328 5441 3701 5496 refelluntur.
