4118 6288
407 361 518 425 4οἹ

1773 357 2093 419 GLORGII
2135 358 2482 421 CEDRENI

3667 369 3774 430 408

392 499 586 558 nostis
615 498 774 554 bona
820 495 978 552 dona
1026 493 1313 564 praebere,
1363 497 1586 565 quanto
1637 492 1824 565 magis
1873 493 2049 547 Pater

2180 511 2314 546 νουσι
2368 493 2534 548 κακὸν
2591 491 2752 548 αὐτὸν
2837 492 2968 548 εἶναι
3050 497 3325 568 παραινῶν
3379 489 3522 550 ἐϐόα·
3589 496 3780 556 Γίνεσθε

392 593 590 646 vester
635 585 888 643 caelestis
941 582 1102 639 bona
1157 583 1444 654 largietur
1487 582 1560 638 iis
1604 581 1772 654 quia
1801 597 1864 636 se
1908 597 2049 652 pos-

395 677 582 736 cent?
611 675 720 740 Qui
753 689 890 729 eum
947 671 1376 727 sacrificiorum
1425 670 1707 742 cupidum
1751 673 2049 742 putarent,

393 767 470 822 iis
501 765 720 821 diserte
751 761 940 818 edixit
961 759 1048 814 ¹⁸ε
1093 759 1557 816 Misericordiam
1591 776 1626 814 a
1655 761 1772 814 Deo
1803 757 2051 828 requiri,

391 873 515 912 non
547 851 932 910 sacriﬁcium.
983 851 1092 915 Qui
1143 853 1427 921 putarent
1457 865 1595 904 eum
1642 864 1772 903 esse
1803 846 2050 912 malum,

393 967 495 1006 eos
523 948 609 1002 sic
638 945 988 1001 exhortatur
1011 942 1094 996 ηε
1128 941 1537 997 Misericordes
1571 946 1779 1009 estote,
1813 939 1966 994 sicut
1997 943 2056 993 et

393 1040 570 1094 Pater
598 1039 792 1090 vester
819 1031 1095 1088 caelestis.
1129 1031 1237 1097 Qui
1287 1047 1394 1102 per
1441 1045 1704 1084 errorem
1749 1029 2052 1083 existima-

394 1131 533 1184 rent
561 1123 782 1180 multos
813 1137 943 1177 esse
974 1120 1138 1180 deos.
1164 1137 1367 1176 eorum
1399 1134 1579 1174 causa
1608 1119 1735 1173 haec
1767 1119 1848 1173 ait
1870 1115 1918 1151 ²⁰
1942 1133 1954 1170 :
1983 1119 2054 1172 Ut

395 1217 757 1288 cognoscant
777 1217 832 1265 te
855 1210 1052 1265 solum
1077 1225 1277 1264 verum
1307 1209 1514 1276 Deum,
1538 1213 1597 1262 et
1627 1223 1802 1278 quem
1834 1203 2051 1260 misisti

2164 579 2510 653 οἰκτίρμονες
2543 581 2618 644 ὡς
2647 580 2740 641 ,καὶ
2774 582 2804 636 6
2841 582 3025 658 Πατὴρ
3059 583 3210 655 ὑμῶν
3256 583 3284 637 6
3332 582 3587 658 οὐράνιος.
3619 587 3707 642 Διᾶ
3733 587 3783 644 δὶ

2159 667 2288 730 τοὺς
2321 671 2716 742 ἀπατωμένους
2747 669 2996 734 πολλοὺς
3047 671 3200 732 θεοὺς
3251 671 3508 752 ὖπάρχειν
3539 669 3654 751 ἔφη·
3682 679 3786 734 Ἵνα

2159 757 2471 832 γινώσκωσί
2519 781 2576 815 σε
2622 761 2713 816 τὸν
2769 761 2934 833 μόνον
2985 759 3244 830 ἀληθινον
3294 763 3441 832 Θεὸν,
3487 763 3570 818 καὶ
3611 765 3778 822 δνάπ-

2162 841 2410 911 ἕστειλας
2438 848 2646 918 Ἰησοῦν
2675 850 2928 922 Χριστὸν,
2957 849 3046 904 καὶ
3095 846 3532 926 ἐξομολογοῦμαι
3560 872 3656 919 σοι,
3689 853 3778 908 Πά-

2161 955 2254 1009 τερ
2286 938 2454 1011 Κύριε
2476 942 2574 992 τοῦ
2605 939 2840 1014 οὐρανοῦ
2885 937 2974 994 καὶ
3020 945 3120 1008 τῆς
3156 945 3279 1014 γῆς.
3332 940 3428 994 Καὶ
3462 937 3633 1012 μέντοι
3659 942 3782 1016 πρὸς

2159 1026 2252 1081 τὸν
2299 1023 2721 1102 ἐπερωτήσαντα
2769 1027 3098 1102 γραμματέα
3147 1027 3279 1082 ποία
3321 1025 3432 1084 ἐστὶ
3469 1029 3648 1104 πρώτη
3693 1051 3783 1086 πα-

2161 1119 2268 1168 σῶν
2318 1111 2576 1186 ἐντολῶν,
2639 1114 2929 1190 ἀπεκρίθη·
2985 1117 3206 1186 Ἀκουε,
3259 1113 3500 1192 Ἰσραὴλ,
3550 1117 3784 1193 Κύριοςὸ

2163 1203 2295 1264 Θεός
2329 1223 2424 1258 σου
2457 1203 2660 1278 Κύριος
2695 1206 2773 1268 εἷς
2805 1203 2936 1262 ἐστι.

395 1305 598 1360 Jesum
663 1301 990 1357 Christum.
1047 1301 1194 1356 Item
1245 1297 1504 1370 praedico
1561 1302 1618 1352 te
1674 1297 1867 1363 Pater,
1918 1293 2150 1349 Domini
2202 1293 2336 1348 coeli
2385 1299 2444 1349 et
2497 1301 2692 1352 terras.
2745 1299 2936 1368 Atque
2987 1297 3164 1351 etiam
3197 1295 3402 1350 scribae
3433 1296 3784 1368 interroganti

397 1393 701 1466 quodnam
759 1396 916 1446 esset
971 1389 1231 1461 primum
1285 1387 1432 1459 legis
1489 1390 1875 1458 praeceptum,
1935 1381 2244 1454 respondit
2277 1382 2364 1438 2’z
2421 1383 2574 1439 Audi
2637 1385 2836 1451 Israel,
2897 1385 3186 1440 Dominus
3240 1385 3406 1440 Deus
3454 1389 3584 1440 tuus
3609 1385 3794 1440 unicus

397 1488 512 1539 est.

449 1572 764 1627 Caeterum
820 1569 1022 1624 Simon
1078 1567 1286 1622 videns
1343 1583 1379 1624 a
1434 1567 1604 1620 Petro
1645 1581 1708 1622 se
1749 1579 2053 1620 sacrarum

402 1661 760 1717 Litterarum
793 1657 1153 1714 testimoniis
1182 1656 1244 1710 in
1292 1655 1695 1728 disputatione
1738 1653 1808 1710 de
1847 1659 1958 1708 Deo
1990 1653 2054 1708 in

2231 1561 2292 1618 Ὁ
2325 1558 2383 1616 δὲ
2413 1561 2604 1634 Σίμων
2661 1559 2893 1617 συνιδὼν
2930 1561 3015 1618 ὅτι
3067 1563 3096 1618 ὁ
3153 1563 3355 1635 Πέτρος
3415 1559 3566 1617 αὐτὸν
3594 1525 3786 1636 συνάγειι

2159 1659 2278 1716 ταῖς
2338 1659 2576 1731 Γραφαῖς
2633 1654 2710 1719 εἰς
2763 1655 2856 1710 τὸν
2913 1655 3038 1730 περὶ
3098 1654 3232 1711 θεοῦ
3290 1653 3476 1730 λόγον,
3531 1653 3790 1728 ἐξετασμὸν

405 1755 636 1806 arctum
693 1749 842 1821 cogi,
903 1747 1116 1802 nolens
1163 1743 1460 1818 judicium
1529 1743 1602 1799 de
1649 1743 2055 1798 controversia

2180 1743 2405 1818 γενέσθαι
2441 1744 2517 1813 μὴ
2551 1741 2788 1814 θελήσας
2821 1745 3143 1824 ἀνεχώρησε
3196 1744 3332 1817 μετά
3377 1741 3589 1811 πολλῆς
3626 1741 3794 1818 αἰσχύ-

409 1839 562 1908 ﬁeri,
603 1838 793 1892 victus
823 1852 960 1892 cum
1007 1851 1220 1907 magno
1264 1833 1554 1890 dedecore
1597 1848 1726 1888 sese
1760 1830 2060 1887 subduxit.

412 1929 552 1983 Erat
589 1927 750 1982 enim
782 1925 1240 1981 scelestissimus
1270 1923 1396 1991 ille,
1428 1921 1856 1978 diabolicarum
1888 1921 2064 1976 effec-

414 2016 644 2073 tionum
694 2013 1194 2070 instructissimus
1271 2011 1507 2084 peritia,
1575 2009 1680 2066 sed
1738 2009 2066 2082 spiritualis

411 2105 693 2164 doctrinm
725 2119 954 2176 expers.
989 2103 1214 2174 Quippe
1241 2101 1389 2157 adeo
1423 2101 1536 2156 fuit
1566 2100 1817 2172 magicis
1842 2098 2068 2155 artibus

407 2211 476 2252 ac
507 2196 736 2250 Satanas
784 2191 1098 2264 praestigiis
1150 2191 1529 2257 exercitatus,
1581 2195 1648 2245 ut
1711 2205 1918 2246 eorum
1968 2191 2069 2258 qui

407 2289 545 2340 ante
601 2282 913 2338 diabolicis
968 2279 1229 2335 inventis
1307 2296 1376 2336 ac
1436 2279 1748 2335 maleficiis
1803 2277 2070 2334 celebres

405 2373 650 2429 fuerunt
678 2386 857 2426 nemo
887 2371 1062 2426 facile
1094 2387 1228 2426 cum
1283 2385 1352 2424 eo
1383 2367 1643 2422 conferri
1675 2372 1894 2440 posset.
1927 2367 2072 2422 Nam

409 2467 618 2520 statuae
647 2467 715 2516 ut
741 2459 1090 2517 incederent
1140 2459 1461 2525 efficiebat,
1501 2463 1561 2514 et
1589 2458 1650 2512 in
1683 2458 1880 2530 ignem
1910 2456 2076 2512 volu-

411 2557 572 2608 tatus
600 2567 721 2606 non
745 2549 1050 2614 urebatur,
1111 2549 1173 2604 in
1205 2564 1403 2603 aerem
1447 2545 1814 2611 subvolabat,
1847 2545 2074 2618 lapides

413 2640 475 2694 in
503 2655 690 2712 panes
720 2637 1116 2706 convertebat,
1176 2637 1354 2692 draco
1414 2635 1614 2703 ﬁebat,
1673 2635 1735 2690 in
1779 2651 1990 2691 aurum
2019 2623 2076 2689 et

415 2729 479 2784 in
507 2743 730 2800 angues
749 2727 986 2799 aliaque
1014 2725 1298 2782 animalia
1325 2724 1697 2793 mutabatur,
1721 2723 1868 2778 duas
1898 2723 2079 2778 facies

417 2816 680 2889 gerebat,
710 2815 870 2872 fores
906 2813 1176 2870 occlusas
1213 2813 1364 2870 869
1421 2817 1478 2868 et
1523 2811 1787 2868 vectibus
1816 2811 2080 2866 firmatas

417 2905 740 2977 aperiebat,
800 2905 993 2960 ferrea
1048 2902 1291 2958 vincula
1357 2901 1641 2970 solvebat,
1691 2901 1752 2955 in
1801 2900 2082 2956 conviviis

418 2996 740 3054 simulacra
759 2996 1144 3068 omnigenum
1164 2993 1490 3050 formarum
1525 2991 1850 3062 statuebat;
1869 2992 1928 3046 ef
1930 2991 2082 3048 ﬁcie-

416 3088 518 3145 bat
545 3093 614 3144 ut
641 3087 804 3144 domi
834 3087 1234 3141 instrumenta
1279 3099 1386 3139 sua
1424 3087 1634 3154 sponte
1682 3083 1758 3138 ad
1797 3081 2071 3136 ministe-

2169 1852 2268 1900 νης
2297 1832 2384 1886 καὶ
2417 1832 2612 1903 ἣττης.
2660 1836 2760 1888 Ἤν
2813 1832 2918 1909 γὰρ
2967 1835 2996 1888 6
3045 1832 3327 1909 ἐξάγιστος
3358 1829 3678 1908 πολύπειρος
3706 1833 3791 1905 μὲν

2174 1919 2227 1976 ἐν
2282 1925 2399 1982 ταῖς
2459 1916 2804 1983 διαϐολικαῖς
2861 1921 3180 1997 ἐνεργείαις.
3241 1919 3464 1996 ἄπειρος
3519 1919 3574 1976 δὲ
3619 1920 3668 1975 ἐν
3695 1926 3798 1983 ταῖς

2173 2015 2560 2081 πνευματικαῖς
2621 2007 3020 2074 διδασκαλίαις.
3069 2011 3175 2069 Καὶ
3225 2011 3334 2087 γὰρ
3394 2010 3560 2072 οὕτως
3599 2007 3803 2081 ἐξησκη-

2179 2097 2338 2172 μένος
2367 2099 2435 2168 ἦν
2488 2097 2544 2154 ἐν
2594 2105 2716 2162 ταῖς
2778 2099 3030 2178 μαγείαις
3061 2099 3150 2154 καὶ
3189 2097 3495 2173 μεθοδείαις
3525 2103 3617 2154 τοῦ
3651 2103 3802 2154 Σατᾶν

2177 2187 2254 2250 ὡς
2287 2187 2386 2243 οὐκ
2416 2185 2588 2250 ἄλλος
2619 2209 2702 2250 τις
2733 2194 2840 2244 τῶν
2899 2189 3006 2264 πρὸ
3063 2191 3228 2244 αὐτοῦ
3286 2185 3483 2268 σχεδὸν
3538 2187 3654 2263 περὶ
3699 2191 3802 2249 ταῖς

2180 2273 2524 2340 διαϐολικαῖς
2579 2278 2845 2340 ἐπινοίαις
2909 2279 3000 2334 καὶ
3058 2279 3416 2356 κακουργίαις
3474 2273 3803 2349 διαϐεϐοημέ-

2180 2387 2309 2422 νων.
2371 2364 2718 2441 Ἀνδριάντας
2787 2368 2888 2444 γὰρ
2971 2367 3142 2424 ἐποίει
3201 2372 3539 2442 περιπατεῖν,
3591 2365 3662 2428 εἷς
3711 2371 3802 2442 πῦρ

2181 2453 2512 2527 κυλιόμενος
2569 2456 2670 2512 οὐκ
2721 2455 2949 2525 ἐκαίετο,
3005 2457 3081 2520 εἰς
3132 2455 3264 2533 ἀέρα
3289 2457 3511 2525 iurato,
3555 2455 3611 2510 ἐκ
3655 2453 3800 2520 λίθων

2181 2539 2376 2618 ἄρτους
2419 2542 2612 2614 ἐποίει,
2663 2541 2874 2620 δράκων
2916 2546 3149 2620 Ἐγίνετο,
3202 2546 3276 2607 εἷς
3338 2545 3538 2621 χρυσὸν
3569 2538 3801 2618 μετεϐάλ-

2183 2629 2332 2703 λετο,
2364 2633 2455 2687 καὶ
2515 2631 2592 2693 εἲς
2654 2631 2806 2704 ὄφεις
2863 2633 2956 2688 καὶ
3015 2631 3172 2708 ἔτερα
3222 2637 3341 2704 ζῶα
3401 2635 3795 2712 μετεμορφοῦτο,

2183 2717 2536 2795 διπρόσωπος
2589 2721 2812 2798 ἐγίνετο,
2861 2723 3025 2798 θύρας
3069 2721 3462 2796 κεκλεισμένας
3509 2722 3594 2778 καὶ
3651 2742 3800 2795 μεμο-

2185 2807 2493 2890 χλευμένας
2523 2810 2737 2884 ἤνοιγε,
2770 2809 2980 2885 σιδημᾶ
3035 2809 3208 2886 δεσμὰ
3238 2809 3482 2882 διέλυεν,
3523 2811 3572 2866 ἐν
3601 2809 3801 2871 δείπνοις

2186 2898 2396 2956 εἴδωλα
2452 2899 2815 2958 παντοδαπῶν
2899 2902 3057 2958 ἰδεῶν
3143 2903 3410 2979 παρίστα,
3465 2907 3532 2958 τά
3583 2900 3631 2957 ἐν
3678 2901 3792 2970 οίκίᾳ

2189 2991 2356 3060 σκεύη
2412 2989 2734 3064 αὐτομάτως
2793 2991 3043 3066 φέρεσθαι
3099 2994 3234 3068 πρὸς
3295 2992 3588 3064 ὑπηρεσίαν
3651 2987 3787 3044 ἐποίει

2189 3083 2296 3134 τῶν
2354 3079 2626 3158 φερόντων
2682 3080 2792 3157 οὐχ
2847 3081 3160 3156 ὁρωμένων,
3221 3085 3378 3144 σκιὰς
3437 3081 3638 3142 πολλάς
3685 3097 3798 3153 προ-

415 3177 575 3232 rium
603 3176 921 3243 ferrentur,
948 3175 1188 3230 nemine
1211 3178 1532 3244 apparente
1562 3172 1664 3244 qui
1694 3187 1764 3227 ea
1791 3170 2066 3244 gestaret;

2183 3170 2432 3242 ηγεῖσθαι
2475 3169 2638 3223 αὐτοῦ
2687 3171 3102 3243 παρεσκεύαζεν,
3149 3170 3322 3245 ἅσπερ
3383 3173 3559 3247 ψυχὰς
3596 3174 3690 3225 τῶν
3731 3188 3805 3223 τε-

417 3264 716 3320 efﬁciebat
746 3264 926 3318 etiam
957 3267 1023 3317 ut
1053 3279 1114 3317 se
1145 3261 1346 3318 multae
1389 3261 1617 3317 umbrae
1665 3260 2070 3332 praecederent

419 3369 567 3425 quas
626 3351 862 3408 dicebat
917 3367 1046 3406 esse
1096 3350 1326 3405 animas
1383 3349 1820 3404 defunctorum.
1854 3348 2068 3404 Multos

417 3441 519 3514 qui
553 3441 749 3512 ipsum
779 3438 1272 3510 praestigiatorem
1306 3442 1364 3492 et
1391 3437 1776 3510 impostorem
1820 3437 2068 3492 demon-

419 3535 606 3586 strare
637 3527 837 3584 conati
866 3526 1122 3593 fuerant,
1148 3525 1424 3582 simulato
1457 3542 1593 3581 cum
1626 3526 1700 3580 iis
1730 3525 1792 3580 in
1819 3525 2068 3598 gratiam

416 3617 614 3674 reditu
671 3615 747 3672 ad
804 3615 1136 3671 convivium
1193 3613 1478 3680 invitavit,
1510 3629 1578 3668 ac
1616 3612 1760 3668 bove
1812 3617 2068 3668 mactato

423 3707 578 3762 varie
607 3705 682 3760 iis
713 3703 982 3760 tractatis
1037 3703 1278 3758 morbos
1325 3702 1713 3758 difﬁcillimas
1767 3708 1826 3758 et
1882 3701 2070 3756 malos

418 3798 623 3870 genios
653 3795 926 3860 immisit,
955 3811 1024 3850 ac
1081 3794 1341 3864 plurima
1396 3793 1514 3849 alia
1559 3793 1701 3848 fecit
1737 3793 2070 3848 ministerio

421 3889 779 3944 dmmonum.
800 3887 944 3942 Cum
969 3884 1286 3956 aliquando
1308 3901 1342 3940 a
1365 3886 1592 3940 Cmsare
1614 3888 1980 3955 quaereretur
1995 3883 2070 3938 ad

423 3976 777 4048 supplicium
803 3980 868 4029 ut
889 3975 1197 4046 impostor,
1223 3974 1468 4046 aufugit,
1503 3989 1609 4028 sua
1637 3973 1829 4028 forma
1857 3973 2068 4028 Fausto

421 4065 580 4121 Petri
602 4064 890 4136 discipulo
917 4063 1196 4136 imposita
1220 4080 1235 4130 ;
1270 4063 1438 4134 isque
1458 4063 1708 4118 Faustus
1733 4061 1806 4118 ad
1835 4063 2070 4116 Petrum

417 4170 688 4210 reversus
720 4153 794 4208 ab
825 4153 1104 4210 omnibus
1135 4170 1242 4225 pro
1273 4152 1511 4208 Simone
1543 4151 1781 4206 habitus
1812 4151 2068 4223 exagita-

417 4245 618 4302 batur.
652 4245 839 4310 Quem
870 4245 1078 4299 Petrus
1109 4243 1467 4310 intuitus,ut
1489 4241 1716 4296 tristem
1747 4241 2074 4312 lacryman—

421 4339 660 4405 temque
687 4333 852 4398 vidit,
887 4333 1112 4398 Simon,
1144 4331 1361 4401 inquit,
1392 4331 1590 4402 Magus
1620 4335 1804 4400 tuam,
1839 4331 2072 4398 Fauste,

421 4423 674 4480 formam
733 4419 1033 4491 pervertit.
1093 4421 1354 4473 Metuens
1412 4418 1573 4474 enim
1631 4419 1764 4487 sibi,
1823 4417 1982 4488 quod
2038 4433 2074 4473 a

2182 3259 2434 3314 θνεώτων
2465 3255 2690 3338 ἔφασκεν
2741 3249 2898 3319 εἶναί.
2959 3260 3196 3318 Πολλῶν
3257 3259 3320 3316 δὲ
3378 3262 3550 3338 γόητα
3576 3259 3658 3316 καὶ
3699 3256 3817 3312 πλά-

2179 3368 2271 3402 νον
2333 3347 2492 3402 αὐτὸν
2547 3346 2801 3425 ἐλέγχειν
2887 3350 3273 3426 πειρώμένων,
3355 3349 3640 3424 διαλλάξας
3699 3346 3814 3422 πρὸς

2183 3435 2394 3504 ἑαυτὸν,
2452 3433 2640 3492 ἒπειτα
2687 3440 2952 3515 προφάσει
3039 3439 3280 3518 εὐωχίας
3348 3441 3478 3516 βοῦν
3533 3439 3684 3500 θύσας
3731 3433 3806 3490 καὶ

2185 3522 2433 3584 ἑστιάσας
2463 3523 2662 3587 αὐτοὺς
2722 3523 3001 3604 διαφόρως
3061 3525 3342 3591 δυσιάτοις
3398 3528 3575 3590 νόσοις
3603 3525 3685 3583 καὶ
3713 3522 3811 3578 δαί-

2187 3631 2344 3684 μοσιν
2406 3607 2667 3669 ὑπέϐαλε.
2733 3615 2836 3672 Καὶ
2894 3613 3040 3672 ἄλλα
3096 3616 3330 3673 πλεῖστα
3388 3619 3660 3694 εἰργάσατο
3694 3624 3806 3676 καθ-

2188 3699 2612 3776 υπουργούντων
2668 3701 2817 3777 αὐτῷ
2873 3709 2982 3759 τῶν
3032 3702 3327 3778 δαιμόνων.
3396 3707 3499 3764 Καὶ
3553 3705 3677 3781 γοῦν
3701 3701 3813 3759 ποτὶ

2189 3788 2522 3862 ζητούμενος
2585 3791 2690 3846 ὑπὸ
2749 3797 2848 3848 τοῦ
2902 3793 3174 3870 Καίσαρος
3227 3796 3304 3858 ὡς
3363 3795 3566 3858 πλάνος
3620 3790 3811 3866 ἀπέδρα,

2181 3878 2284 3944 τὴν
2321 3880 2540 3956 μορφὴν
2595 3880 2759 3934 αὑτοῦ
2811 3882 3054 3957 περίθεὶς
3085 3883 3322 3958 Φαύστῳ
3371 3887 3584 3959 μαθητῇ
3616 3884 3809 3956 Πέτρου.

2188 3965 2293 4022 Καὶ
2354 3966 2512 4030 οὗτος
2572 3967 2890 4035 ἐπανελθὼν
2950 3973 3084 4046 πρὸς
3165 3973 3258 4029 τὸν
3332 3975 3534 4050 Πέτρον
3587 3970 3810 4028 ἐδιώκετο

2188 4054 2290 4109 ὑπὸ
2334 4056 2551 4111 πάντων
2615 4055 2704 4112 διὰ
2757 4062 2857 4130 τήν
2914 4061 3127 4117 ἀνόσιον
3185 4060 3332 4119 ἰδέαν
3388 4062 3456 4133 ἤν
3519 4061 3808 4139 περιέκειτο.

2185 4139 2504 4220 Ἐμϐλέψας
2553 4143 2610 4202 δὲ
2658 4149 2686 4203 ὁ
2737 4149 2941 4224 Πέτρος
2989 4149 3066 4215 εἷς
3112 4151 3297 4218 αὐτὸν,
3330 4154 3420 4208 καὶ
3469 4149 3594 4208 ἰδὼν
3625 4145 3807 4206 λυπού-

2189 4253 2352 4306 μενον
2383 4235 2472 4289 καὶ
2511 4233 2837 4310 δακρύοντα,
2885 4236 3010 4316 ἔφη·
3059 4241 3185 4296 Ὑπὸ
3218 4241 3494 4316 Σίμωνος,
3533 4240 3578 4295 ὦ
3606 4244 3808 4308 Φαῦστε,

2187 4325 2286 4376 τοῦ
2321 4323 2499 4400 μάγου
2558 4327 2594 4395 ἡ
2653 4325 2988 4404 παραλλαγὴ
3048 4337 3150 4400 τῆς
3212 4338 3431 4408 μορφῆς
3490 4352 3583 4386 σου
3629 4327 3806 4404 γέγονε)

2188 4410 2521 4484 ζητούμενος
2549 4417 2650 4490 γάρ
2713 4415 2816 4471 ὑπὸ
2877 4415 3140 4494 Καίσαρος
3193 4413 3455 4494 φοϐηθεὶς
3511 4414 3685 4498 ἔφυγε,
3724 4415 3806 4482 τήν

421 4512 650 4566 Caesare
682 4485 1080 4580 quaerebatur,
1117 4507 1362 4578 aufugit,
1387 4521 1492 4562 sua
1521 4507 1712 4563 forma
1741 4485 1860 4562 tibi
1879 4507 2066 4578 impo-

2181 4499 2372 4554 ἑαυτοῦ
2427 4523 2512 4556 σοι
2573 4505 2792 4582 μορφὴν
2871 4506 3136 4581 περιθεὶς,
3183 4505 3280 4562 ’ίνα
3337 4512 3434 4562 σοῦ
3493 4485 3812 4582 συσχεθέντος

425 4599 682 4664 εἱιογ-ριιι
738 4601 791 4652 te
849 4601 1020 4667 capto
1073 4601 1249 4667 atque
1307 4603 1515 4652 necato
1558 4597 1618 4651 in
1649 4613 1928 4668 magnum
1961 4612 2070 4650 nos

424 4686 694 4742 dolorem
723 4691 782 4741 et
811 4684 1207 4740 calamitatem
1237 4685 1576 4756 conjiceret.
1601 4684 1714 4740 Sed
1745 4686 1900 4740 Deus
1933 4700 2067 4738 mox

426 4781 483 4832 te
499 4771 664 4830 illius
684 4773 970 4847 populum
988 4773 1326 4828 seducentis
1341 4772 1721 4843 veritatisque
1743 4772 2066 4828 adversarii

424 4865 618 4921 forma
646 4864 964 4920 liberatum
997 4869 1109 4918 tum
1139 4863 1430 4918 restituet.
1480 4862 1665 4932 quue
1712 4861 1796 4915 ita
1823 4861 2064 4926 factum,

379 4955 390 4964 ’
422 4957 595 5011 Petro
627 4953 820 5011 adhuc
852 4951 1451 5024 loquente,omnibus
1473 4950 1645 5005 nobis
1665 4950 2065 5005 cernentibus.

421 5046 554 5102 Hinc
611 5049 670 5100 et
709 5044 829 5100 alia
886 5042 1106 5096 similia
1134 5041 1349 5095 horum
1398 5039 1460 5094 in
1509 5039 1674 5111 Syria
1703 5038 1862 5094 dicta
1891 5044 2067 5110 atque

416 5131 573 5188 facta
599 5131 784 5188 fuisse
815 5129 1090 5185 Clemens
1121 5126 1380 5198 scripsit.

491 5311 603 5366 Sed
629 5313 828 5367 Romae
887 5324 1042 5377 cum,
1097 5308 1182 5364 uti
1233 5306 1568 5374 retulimus,
1627 5309 1834 5362 Petrus
1891 5313 2068 5380 atque

421 5399 624 5455 Simon
654 5415 687 5454 a
715 5399 944 5454 Nerone
976 5402 1178 5454 essent
1233 5396 1474 5469 egressi,
1508 5396 1710 5452 Simon
1741 5398 1913 5452 Petro
1945 5397 2066 5454 ait:

421 5493 488 5544 tu
547 5487 848 5544 Christum
909 5488 1093 5544 Deum
1158 5491 1326 5543 tuum
1393 5487 1595 5556 inquis
1694 5487 1750 5540 in
1852 5487 2068 5543 malum

499 5697 549 5772 ίξ
573 5695 774 5753 Matth.
809 5709 888 5762 Ix,
925 5695 988 5748 l3
1015 5709 1030 5762 ;
1061 5708 1162 5761 xu,
1193 5693 1246 5746 7.
1326 5693 1372 5730 η
1401 5693 1536 5749 Luc.
1569 5709 1647 5760 γι,
1679 5694 1767 5747 36,

2179 4588 2266 4643 καὶ
2327 4589 2701 4665 ἀναιρεθέντος
2761 4593 2944 4666 λύπην
3003 4594 3256 4672 μεγάλην
3310 4597 3399 4652 καὶ
3462 4599 3642 4670 θλῖψιν
3694 4595 3809 4664 ἡμῖν

2173 4677 2502 4754 προξενήσῃ.
2563 4679 2724 4738 Ἀλλ’
2788 4683 2816 4738 6
2877 4683 3008 4745 Θεὸς
3067 4688 3169 4750 τῆς
3226 4691 3322 4741 τοῦ
3381 4683 3691 4741 λαοπλάνου
3737 4689 3812 4742 καὶ

2176 4766 2378 4842 ἐχθροῦ
2407 4777 2508 4838 τῆς
2557 4769 2817 4842 ἀληθείας
2879 4773 3135 4848 Σίμωνος
3194 4773 3510 4849 ἀπαλλάξας
3540 4795 3594 4829 σε
3625 4776 3812 4848 μοργῆς

2174 4855 2272 4940 τὴν
2334 4858 2600 4933 προτέραν
2670 4861 2762 4916 καὶ
2823 4859 2965 4918 ἰδίαν
3016 4885 3100 4918 σοι
3157 4865 3376 4939 παρέξει
3419 4865 3628 4940 τάχιον.
3665 4865 3812 4932 Ὅπερ

2175 4938 2242 5012 δὴ
2305 4945 2397 4998 καὶ
2466 4945 2558 5001 σὺν
2614 4951 2696 5020 τῷ
2761 4947 2911 5024 λόγῳ
2968 4949 3174 5026 γέγονε,
3235 4938 3449 5006 πάντων
3491 4938 3660 5024 Ἵῆμῶν
3696 4951 3812 5003 θεω-

2177 5032 2432 5105 ρούντων.
2467 5038 2656 5092 Ταῦτα
2715 5037 2903 5112 μέντοι
2935 5041 3022 5096 καὶ
3079 5037 3236 5112 ἕτερα
3285 5046 3508 5096 τοιαῦτα
3559 5038 3808 5114 γεγράφη·

2176 5145 2286 5192 κεν,
2345 5126 2421 5190 ὡς
2479 5125 2632 5208 ἔφην,
2687 5131 2924 5203 Κλήμης
2981 5129 3246 5209 λεχθῆναι
3295 5131 3406 5186 καὶ
3443 5123 3809 5208 πραχθῆναιέν

2177 5214 2360 5290 Συρίᾳ.

2246 5308 2328 5364 Ῥ.
2365 5309 2494 5378 2H]
2526 5307 2618 5362 Ἐν
2657 5303 2714 5360 δὲ
2743 5309 2811 5380 τῇ
2841 5306 3060 5382 Ῥώμῃ,
3120 5309 3255 5382 μετὰ
3281 5307 3342 5362 τὸ
3373 5302 3700 5376 ἐκϐληθῆναι
3728 5299 3810 5354 αὖ·

2173 5395 2301 5458 τοὺς
2333 5397 2438 5452 ἀπὸ
2469 5396 2774 5470 προσώπου
2807 5395 3083 5470 Νέρωνος,
3117 5397 3194 5458 ὡς
3227 5395 3568 5472 προείρηται,
3601 5393 3706 5448 εἶπε
3730 5386 3809 5443 Σί-

2181 5507 2298 5560 μων
2317 5490 2398 5558 τῷ
2423 5485 2630 5560 Πέτρον
2649 5486 2828 5564 "quc:
2851 5485 2934 5540 ὅτι
2957 5485 3188 5562 Χριστὸς
3213 5487 3241 5541 6
3262 5485 3391 5548 Θεός
3415 5506 3510 5540 σου
3531 5481 3806 5560 ἀνελήφθη.

1846 5693 1896 5729 ²⁰
1923 5695 2136 5752 Joann.
2167 5711 2298 5766 xvn,
2334 5697 2386 5754 3.
2461 5694 2508 5734 ³⁸
2541 5696 2716 5752 Marc.
2749 5710 2849 5764 xu,
2879 5693 2971 5751 29.
