4118 6276
310 386 439 447 409

1461 389 2006 452 HISTORIARUM
2053 387 2591 452 COMPENDIUM.

3638 387 3754 448 410

309 516 432 575 ί.δοῦ
475 518 635 596 κάγὼ
668 518 1160 596 ἀναλαμϐάνομαι.
1216 520 1318 580 Καὶ
1377 519 1509 577 ῒδὼν
1570 522 1731 579 αότὸν
1788 522 1983 596 Πέτρος

2108 522 2203 579 87
2212 524 2263 578 0
2290 523 2476 580 fuisse
2507 522 2808 580 sublatum
2827 523 2855 578 ‘I
2884 523 2969 577 En
2998 521 3123 595 ipse
3159 537 3394 593 quoque
3453 520 3515 575 in
3545 521 3760 581 caelum

315 610 729 686 κουφιζόμενον
766 608 860 666 διὰ
890 618 992 681 τῆς
1046 611 1268 688 μαγείας
1320 612 1394 672 εἰς
1452 611 1544 669 τὸν
1577 612 1705 687 ἀέρα
1736 610 1786 665 ἐν
1845 610 1990 684 μέσῳ

321 706 422 768 τῆς
450 697 673 761 πόλεως
706 700 962 773 Ῥώμης,
1020 696 1243 770 ηὔξατο,
1302 700 1392 754 καὶ
1423 699 1578 765 εὐθὺς
1633 699 1811 755 πεσὼν
1841 701 1868 755 6
1900 698 1992 756 Σί-

330 810 446 862 μων
474 787 567 843 καὶ
618 783 933 863 συντριϐεὶς
980 788 1254 847 ἀπέθανεν.
1287 790 1349 847 Ὁ
1403 786 1459 843 δὲ
1509 785 1675 851 τόπος
1727 786 1929 857 ἔκτοτε,
1963 790 1991 843 6

328 873 617 950 δεξάμενος
648 876 819 932 αὐτοῦ
867 878 930 932 τὸ
992 873 1228 953 βέϐηλον
1290 880 1381 933 καὶ
1436 879 1756 951 παμμίαρον
1809 882 1989 952 σῶμα,

332 966 539 1037 ἐκλήθη
614 966 929 1039 ἑιμώνιον.
984 968 1112 1037 Περὶ
1192 966 1254 1023 οῦ
1306 967 1358 1022 έν
1412 972 1532 1030 ταῖς
1593 966 1988 1030 ἀποστολικαῖς

337 1055 628 1126 διατάξεσιν
663 1056 692 1111 ὁ
727 1055 897 1132 μέγας
957 1055 1265 1119 ἀπόστολος
1331 1056 1535 1131 Πέτρος
1595 1055 1742 1111 οὕτω
1800 1057 1991 1130 φάσκει

338 1147 404 1201 ’Π
432 1142 489 1199 δὲ
515 1146 764 1220 καταρχή
815 1150 924 1200 τῶν
980 1145 1111 1200 νέων
1172 1143 1427 1219 αἱρέσεων
1485 1144 1701 1222 γέγονεν
1759 1146 1863 1200 ἀπὸ
1896 1144 1988 1200 Σί-

350 1256 520 1309 μωνος
552 1232 643 1289 τοῦ
677 1235 873 1309 μάγου,
924 1236 984 1299 ὃς
1012 1235 1103 1289 καὶ
1132 1232 1185 1289 έν
1220 1234 1390 1309 Συρίᾳ
1449 1232 1636 1290 πολλὰ
1695 1231 1991 1309 διαπραξά-

354 1347 507 1400 μενος
552 1322 725 1380 ἄτοπα
804 1324 894 1380 καὶ
966 1323 1018 1381 ἐν
1082 1327 1273 1401 Ῥώμῃ
1335 1326 1634 1400 γενόμενος
1688 1325 1831 1382 πολὺ
1889 1327 1987 1395 τὴν

352 1414 660 1484 Ἐκκλησίαν
748 1411 941 1470 ἔσκυλε
1020 1412 1109 1470 διὰ
1186 1415 1412 1491 μαγείας
1500 1416 1587 1470 καὶ
1666 1409 1992 1485 διαϐολικῆς

348 1503 604 1581 ἐνεργείας
631 1503 722 1558 καὶ
753 1503 1059 1577 ἐμπειρίας.
1101 1504 1190 1559 Ἐν
1254 1503 1348 1578 μὲν
1411 1505 1513 1581 γὰρ
1569 1503 1865 1579 Καισαρείᾳ
1920 1509 1988 1577 τῇ

352 1595 652 1667 Στράτωνος
683 1593 812 1666 ἐμοὶ
857 1596 1046 1668 Πέτρῳ
1105 1594 1388 1672 συντυχὼν
1442 1596 1695 1670 ἒπειρᾶτο
1742 1592 1990 1669 διαστρέ-

353 1704 458 1760 φειν
503 1682 589 1738 τὸν
648 1682 816 1757 λόγον
870 1686 969 1738 τοῦ
1023 1686 1204 1750 Θεοῦ,
1282 1683 1676 1758 συμπαρόντων
1733 1704 1828 1756 μοι
1882 1687 1990 1738 τῶν

352 1772 496 1845 ἱερῶν
521 1770 736 1839 τέκνων,
787 1770 1100 1847 Ζακχαρίου
1128 1776 1224 1826 τοῦ
1250 1791 1380 1827 ποτε
1428 1769 1670 1828 τελώνου
1725 1771 1816 1827 καὶ
1848 1778 1985 1844 Βαρ-

2101 613 2334 669 attolor.
2365 614 2507 669 Cum
2540 619 2738 669 autem
2772 615 2980 667 Petrus
3041 628 3176 666 eum
3235 611 3478 683 magicis
3532 611 3758 666 artibus

2102 703 2419 760 sublimem
2449 705 2512 759 in
2543 720 2741 759 aerem
2772 704 2969 759 efferri
2997 702 3220 757 videret
3251 702 3311 756 in
3352 702 3546 757 medio
3579 702 3754 771 lurbis

2102 792 2320 860 Romae,
2350 795 2535 850 Deum
2569 799 2842 866 precatus
2865 797 2969 861 est,
2999 797 3175 862 atque
3206 791 3518 846 confestim
3550 792 3757 846 Simon

2101 881 2341 950 decidit,
2375 883 2875 953 comminutisque
2934 898 3001 936 eo
3034 897 3174 936 casu
3229 880 3515 935 membris
3558 880 3753 952 periit.

2107 971 2291 1026 Locus
2319 972 2420 1042 qui
2471 972 2773 1044 impurum
2832 971 2961 1042 ejus
3021 976 3079 1025 et
3136 968 3489 1024 sceleratum
3544 986 3758 1040 corpus

2101 1061 2353 1132 excepit,
2379 1061 2507 1132 jam
2552 1060 2691 1115 inde
2725 1060 3057 1117 Simonium
3115 1058 3478 1113 nominatur.
3532 1059 3611 1113 De
3643 1057 3756 1113 hoc

2098 1164 2348 1222 magnus
2381 1149 2482 1205 ille
2525 1150 2832 1222 apostolus
2866 1151 3073 1203 Petrus
3106 1148 3167 1202 in
3225 1147 3757 1203 Constitutionibus

2098 1238 2438 1309 apostolicis
2467 1239 2548 1295 ita
2568 1239 2808 1294 disserit
2840 1256 2850 1291 :
2881 1237 3241 1310 principium
3269 1252 3554 1289 novarum
3576 1236 3759 1291 haere-

2101 1327 2255 1382 sium
2286 1345 2320 1382 a
2342 1328 2579 1383 Simone
2609 1330 2769 1400 Mago
2794 1327 3050 1383 ducitur.
3086 1328 3138 1381 Is
3172 1325 3311 1380 etin
3355 1324 3523 1398 Syria
3571 1325 3758 1380 multa

2098 1416 2434 1489 prodigiose
2473 1417 2636 1485 fecit,
2687 1424 2745 1473 et
2772 1420 2972 1472 Bomaz
3024 1415 3267 1488 magicis
3328 1414 3759 1486 diabolicisque

2099 1505 2324 1561 artibus
2344 1506 2734 1564 etcalliditate
2765 1507 3089 1564 Ecclesiam
3111 1506 3402 1579 majorem
3433 1506 3495 1560 in
3510 1505 3756 1561 modum

2098 1596 2347 1651 vexavit.
2371 1596 2745 1653 AcCaasareaa
2779 1597 3042 1667 quidem,
3096 1612 3227 1667 quae
3279 1595 3572 1650 Stratonis
3617 1595 3759 1649 dici-

2100 1689 2220 1753 tur,
2254 1685 2403 1741 mihi
2455 1688 2628 1742 Petro
2688 1703 3041 1758 congressus
3072 1690 3319 1740 conatus
3367 1689 3459 1739 est
3514 1683 3756 1739 verbum

2100 1772 2204 1827 Dei
2233 1778 2592 1843 pervertere,
2643 1790 2778 1828 cum
2833 1778 3033 1828 essent
3080 1788 3315 1827 mecum
3373 1769 3561 1826 sancti
3622 1769 3750 1838 ﬁlii,

353 1854 495 1931 νάϐα,
524 1860 609 1915 καὶ
642 1860 848 1951 Ἀκύλα
885 1857 1126 1937 ἀδελφοῦ
1185 1859 1502 1933 Κλήμεντος
1560 1865 1658 1916 τοῦ
1688 1861 1983 1951 Ῥωμαίου,

2101 1860 2399 1929 Zachmus,
2431 1863 2532 1934 qui
2563 1862 2704 1919 olim
2726 1862 3083 1934 publicanus
3108 1862 3320 1930 fuerat,
3354 1859 3670 1927 Barnabas,
3695 1864 3755 1914 et

362 1949 771 2022 μαθητεύσαντπ
802 1946 858 2004 δὲ
888 1950 974 2004 καὶ
1035 1948 1236 2022 Παύλῳ
1289 1953 1367 2021 τῷ
1399 1946 1793 2023 συναποστόλῳ
1823 1946 1983 2024 ἡμῶν

356 2038 435 2093 καὶ
455 2043 681 2113 συνεργῷ
725 2037 780 2093 ἐν
830 2043 912 2110 τῷ
961 2036 1301 2114 Εὐαγγελίῳ·
1361 2038 1451 2093 καὶ
1509 2037 1695 2114 τρίτου
1755 2037 1837 2094 ἐπ’
1894 2038 1984 2093 αὖ-

356 2132 449 2182 τῶν
495 2124 798 2203 διαλεχθεὶς
850 2127 998 2199 αὐτῷ
1051 2127 1112 2183 ἔκ
1164 2131 1273 2183 τῶν
1357 2125 1446 2183 διὰ
1515 2132 1624 2183 τῶν
1683 2132 1979 2206 προφητῶν

356 2214 520 2291 λόγων
556 2217 642 2271 καὶ
674 2217 802 2292 περὶ
862 2220 994 2272 Θεοῦ
1057 2216 1383 2291 μοναρχίας,
1440 2218 1649 2286 ¹ίῆττησα
1704 2216 1834 2271 αὐτὸ
1888 2213 1983 2270 δυ-

348 2305 495 2378 νάμει
544 2309 637 2360 τοῦ
694 2308 904 2379 Κυρίου
965 2308 1124 2379 ἡμῶν
1188 2306 1368 2383 Ἰησοῦ
1416 2307 1656 2382 Χριστοῦ
1689 2348 1703 2373 ,
1758 2305 1848 2361 καὶ
1904 2305 1980 2368 εἰς

346 2394 567 2470 ἀφωνίαν
607 2390 910 2450 κατέϐαλον
956 2438 970 2465 ,
1020 2392 1234 2474 φυγάδα
1288 2416 1345 2449 τε
1393 2395 1552 2450 αὐτὸν
1603 2395 1682 2458 εἴς
1746 2393 1980 2451 Ἰταλίαν

345 2487 649 2554 κατέστησα.
684 2484 981 2557 Γενόμενος
1013 2481 1097 2553 δὲ,
1153 2483 1226 2545 ὡς
1286 2482 1444 2561 ἔφην,
1501 2482 1552 2539 έν
1613 2485 1804 2559 Ῥώμῃ
1838 2483 1981 2539 πολὺ

348 2572 439 2640 τὴν
494 2570 820 2642 Ἐκκλησίαν
899 2570 1136 2648 ἐτάραξε,
1223 2569 1408 2628 πολλὰ
1488 2572 1797 2648 ἀνατρέπων
1892 2574 1982 2627 καὶ

350 2666 506 2733 εαυτῷ
532 2660 1003 2737 περιποιούμενος,
1031 2661 1099 2715 τὰ
1149 2658 1204 2716 δὲ
1259 2655 1384 2733 ἔθνη
1437 2659 1717 2733 ἐξιστάνων
1777 2665 1981 2736 μαγικῇ

353 2749 495 2825 τέχνῃ
527 2752 614 2806 καί
646 2748 923 2822 δαιμόνων
954 2748 1214 2826 ἐνεργείᾳ.
1245 2755 1339 2812 “Oc
1383 2749 1473 2806 καὶ
1524 2772 1655 2807 ποτε
1715 2749 1985 2826 μεσούσης

349 2840 543 2914 ἡμέρας
607 2837 893 2913 προελθὼν
944 2838 1020 2900 εἷς
1079 2839 1140 2894 τὸ
1199 2838 1415 2914 θέατρον
1492 2837 1857 2915 ἐπηγγείλατο
1911 2835 1983 2895 δι’

341 2930 492 3004 ἀέρος
546 2928 875 2998 ἀναπτῆναι,
932 2928 1145 2982 πάντων
1203 2928 1590 3002 θαυμαζόντων
1635 2929 1722 2985 ἐπὶ
1780 2930 1980 3003 τούτῳ.

329 3014 475 3091 Ἐγὼ
539 3010 597 3067 δὲ
656 3012 857 3086 Πέτρος
897 3012 1016 3066 καθ’
1046 3011 1233 3066 ἑαυτὸν
1281 3011 1565 3087 ηύχόμην.
1628 3011 1724 3067 Καὶ
1785 3010 1851 3082 δὴ
1889 3034 1981 3087 με-

329 3101 645 3175 τεωρισθείς
679 3100 785 3155 ὑπὸ
840 3096 1117 3173 δαιμόνων
1165 3100 1363 3155 ἳπτατο
1421 3101 1706 3176 μετάρσιος
1761 3101 1836 3165 εἷς
1894 3102 1984 3158 τὸν

335 3188 486 3263 ἀέρα,
516 3188 690 3264 λέγων
727 3188 803 3250 εἰς
846 3189 974 3250 τοὺς
1005 3188 1264 3263 οὐρανοὺς
1297 3188 1500 3244 ἀνιέναι
1561 3196 1805 3254 κακεῖθεν
1864 3199 1983 3254 τοῖς

334 3277 494 3340 λαοῖς
545 3280 612 3333 τὰ
670 3278 848 3351 ἀγαθὰ
912 3278 1361 3354 ὲπιχορηγήσειν.
1414 3282 1535 3337 Τῶν
1594 3277 1652 3334 δὲ
1708 3277 1978 3353 δαιμόνων

336 3364 788 3441 ἑπευᾳημοῦντων
849 3365 1021 3421 αὐτῶν
1080 3367 1154 3428 ὡς
1225 3367 1371 3437 Θεὸν,
1434 3366 1668 3431 ἐκτείνας
1730 3368 1834 3444 ἐγὼ
1891 3370 1984 3432 τὰς

329 3461 523 3530 χεῖρας
549 3455 624 3517 είς
673 3455 812 3528 ὕψος
865 3454 1103 3511 ἱκέτευον
1161 3455 1253 3511 τὸν
1323 3456 1450 3512 Θεὸν
1508 3456 1830 3534 καταρῥάξαι
1888 3459 1980 3514 τὸν

318 3544 598 3619 λυμεῶνα.
628 3544 904 3606 Ἀτενίσας
935 3542 1025 3599 οῦν
1055 3544 1207 3600 εἶπον
1237 3549 1317 3618 τῷ
1350 3545 1581 3619 Σίμωνι·
1634 3547 1698 3603 Ei.
1746 3548 1981 3603 ἀπόστο-

308 3634 412 3697 λος
444 3635 639 3704 Ἰησοῦ
671 3637 915 3705 Χριστοῦ
939 3633 1054 3707 εἰμι
1083 3633 1216 3709 ἐγὼ,
1248 3634 1338 3689 καὶ
1371 3633 1498 3710 οὐχὶ
1547 3634 1753 3699 πλάνος
1800 3634 1983 3714 ὥσπερ

304 3724 393 3795 σὺ,
426 3723 655 3796 Σίμων,
683 3723 1009 3797 προστάσσω
1038 3728 1157 3785 ταῖς
1188 3728 1458 3800 πονηραῖς
1514 3722 1798 3797 δυνάμεσιν
1829 3725 1985 3806 ἀφεῖ-

299 3816 393 3869 ναί
454 3834 519 3869 σε
578 3817 683 3878 τῆς
741 3814 1055 3888 κρατήσεως
1094 3855 1105 3868 .
1180 3814 1284 3870 Καὶ
1338 3818 1504 3869 ταῦτα
1562 3814 1807 3877 εἶπόντος
1876 3837 1982 3890 μου

298 3905 639 3979 κατηνέχθη
673 3904 791 3975 μετ’
820 3900 966 3977 ἤχου
1015 3901 1231 3959 πολλοῦ
1275 3904 1363 3958 καὶ
1424 3899 1733 3979 συνετρίϐη’
1764 3906 1855 3961 καὶ
1884 3911 1982 3963 τοῦ

304 3993 501 4070 ὄχλου
539 3994 848 4067 βοήσαντος
896 3992 975 4054 εἷς
1032 3993 1161 4055 Θεὸς
1218 3993 1275 4047 ’ὀν
1337 3994 1540 4068 Πέτρος
1594 3993 1981 4070 καταγγέλλει,

306 4082 494 4144 οὕτως
535 4084 573 4151 ἡ
627 4081 816 4153 πρώτη
873 4078 1142 4151 κατελύθη
1202 4086 1308 4136 τῶν
1364 4086 1721 4154 Σιμωνιανῶν
1775 4084 1983 4161 αἳρεσις

308 4172 361 4228 ἐν
394 4170 629 4244 Ῥώμῃ,
660 4168 749 4224 καὶ
776 4167 962 4224 τέλεον
992 4163 1226 4239 ἀπέσϐη.
1271 4171 1365 4225 Διὸ
1423 4167 1489 4238 δὴ
1522 4172 1610 4227 καὶ
1639 4173 1739 4241 τὴν
1770 4172 1980 4249 ἡμέραν

309 4260 533 4318 ἐκείνου
620 4262 718 4314 τοῦ
770 4252 1044 4314 σαϐϐάτου
1118 4258 1392 4332 ἒπίσημον
1459 4257 1647 4337 ἄγουσι
1692 4262 1982 4334 Ῥωμαῖοι.

2099 1951 2313 2021 Aquila
2340 1950 2660 2007 Clementis
2693 1951 2940 2007 Romani
2970 1951 3151 2006 frater
3173 1969 3187 2018 ;
3207 1950 3306 2020 qui
3337 1948 3552 2019 Aquila
3573 1948 3753 2002 etiam

2092 2036 2418 2107 discipulus
2441 2038 2551 2095 fuit
2571 2039 2760 2106 Pauli,
2786 2040 2847 2094 in
2877 2038 3204 2111 apostolico
3227 2053 3474 2092 munere
3494 2040 3553 2090 et
3572 2037 3754 2091 Evan-

2089 2126 2242 2199 gelio
2294 2126 2561 2183 docendo
2615 2128 2837 2199 college
2892 2127 3104 2183 nostri.
3156 2126 3418 2181 Tertium
3451 2141 3587 2180 cum
3645 2123 3748 2179 illo

2091 2217 2381 2291 disputavi
2426 2219 2498 2274 iis
2536 2220 2929 2292 praasentibus
2987 2237 3057 2276 ex
3122 2219 3358 2291 scriptis
3408 2218 3743 2273 divinorum

2088 2313 2286 2363 vatum
2317 2308 2390 2364 de
2418 2308 2594 2365 unius
2626 2310 2726 2364 Dei
2749 2309 3034 2381 imperio;
3091 2314 3149 2364 et
3205 2322 3341 2363 eum
3400 2306 3451 2361 vi
3508 2294 3746 2361 Domini

2089 2399 2277 2453 nostri
2304 2399 2441 2453 Jesu
2472 2398 2687 2454 Christi
2736 2404 3078 2471 superatum
3136 2414 3248 2453 usu
3297 2396 3452 2451 vocis
3500 2395 3747 2466 privavi,

2090 2486 2269 2558 inque
2299 2486 2527 2543 Italiam
2560 2488 2887 2544 exsulatum
2932 2487 3121 2560 abegi.
3155 2489 3352 2542 Roma:
3384 2488 3581 2541 autem
3614 2501 3748 2539 cum

2090 2581 2265 2644 esset,
2300 2577 2644 2646 Ecclesiam,
2676 2584 2742 2632 ut
2770 2577 2912 2645 dixi,
2950 2578 3334 2632 vehementer
3362 2573 3744 2646 perturbavit,

2088 2665 2278 2721 multa
2334 2672 2674 2737 pervertens
2749 2684 2817 2723 ac
2875 2667 2989 2723 sibi
3045 2682 3355 2738 arrogans,
3423 2668 3747 2736 gentesque

2088 2753 2333 2825 magicis
2388 2755 2611 2811 artibus
2642 2772 2707 2811 ac
2739 2756 3083 2811 daamonum
3106 2753 3454 2810 efﬁcacitate
3502 2752 3735 2809 fallens.

2089 2842 2243 2907 Quin
2278 2846 2336 2897 et
2363 2843 2684 2915 aliquando
2713 2844 2912 2900 media
2937 2843 3030 2899 die
3061 2844 3122 2898 in
3144 2845 3440 2898 theatrum
3472 2857 3739 2913 progres~

2091 2948 2190 2987 sus
2216 2931 2491 3002 promisit
2536 2948 2598 2987 se
2656 2949 2761 3004 per
2807 2950 3008 2988 aerem
3057 2949 3294 2988 sursum
3354 2931 3740 3001 evolaturum,

2091 3018 2366 3075 omnibus
2394 3019 2454 3073 id
2485 3020 2861 3076 mirantibus.
2922 3022 3037 3093 Ego
3091 3021 3240 3075 871
3280 3025 3478 3074 autem
3508 3035 3745 3073 mecum

2092 3109 2304 3165 tacitus
2334 3111 2517 3165 Deum
2547 3110 2849 3181 precabar.
2877 3112 2945 3165 Et
2966 3109 3206 3182 quidem
3230 3109 3432 3164 Simon
3464 3125 3497 3164 a
3518 3108 3743 3163 dmmot‘»

2093 3198 2268 3253 nibus
2299 3198 2636 3255 sublevatus
2669 3200 2729 3255 in
2787 3216 2985 3256 aerem
3035 3199 3307 3255 sublimis
3366 3197 3743 3263 efferebatur,

2094 3287 2378 3359 proﬁtens
2410 3288 2472 3344 in
2519 3288 2733 3344 ccelum
2788 3307 2850 3346 se
2897 3289 3219 3345 ascendere
3277 3288 3533 3359 indeque
3591 3287 3749 3341 bona

2093 3377 2328 3449 papulis
2365 3377 2899 3450 suppeditaturum.
2923 3384 3227 3434 Daemones
3247 3394 3381 3434 vero
3397 3377 3449 3433 ei
3466 3383 3752 3448 tanquam

2094 3466 2213 3521 Deo
2232 3466 2445 3523 faustis
2479 3468 3007 3525 acclamationibus
3030 3466 3408 3540 plaudebant.
3451 3467 3611 3522 Tunc
3644 3480 3746 3536 ego

2092 3555 2369 3612 manibus
2401 3575 2637 3614 sursum
2668 3559 2915 3614 intentis
2946 3557 3294 3630 suppliciter
3319 3558 3485 3613 aDeo
3515 3557 3659 3628 petii
3691 3560 3754 3610 ut

2090 3642 2245 3700 hanc
2301 3646 2614 3703 hominum
2645 3653 2874 3719 pestem
2905 3647 3271 3713 deturbaret,
3324 3662 3393 3702 ac
3425 3647 3750 3713 Simonem,

2091 3733 2155 3788 in
2187 3749 2323 3789 eum
2356 3734 2564 3792 defixis
2594 3737 2805 3803 oculis,
2838 3737 2922 3792 ita
2965 3752 3094 3791 sum
3126 3735 3420 3791 allocutus
3452 3751 3465 3789 :
3530 3734 3586 3788 Si
3646 3750 3747 3806 ego

2092 3823 2398 3894 apostolus
2457 3842 2587 3880 sum
2643 3827 2781 3880 Jesu
2866 3824 3103 3891 Christi,
3158 3829 3216 3879 et
3268 3840 3388 3878 non
3442 3822 3748 3893 impostor,

2094 3911 2265 3967 sicuti
2314 3920 2375 3968 tu
2426 3930 2510 3976 es,
2542 3931 2575 3967 o
2607 3915 2831 3978 Simon,
2866 3915 3094 3985 impero
3154 3913 3326 3968 malis
3381 3911 3571 3986 geniis
3603 3918 3666 3966 ut
3696 3917 3751 3967 te

2093 4000 2342 4055 missum
2377 4001 2615 4059 faciant.
2644 4003 2777 4056 Haec
2809 4019 2903 4057 me
2935 4003 3192 4069 dicente,
3224 4018 3437 4071 magno
3483 4000 3583 4055 ille
3615 4017 3751 4055 cum

2093 4090 2290 4145 sonitu
2324 4091 2543 4145 decidit
2568 4091 3001 4162 confractisque
3020 4091 3304 4146 membris
3326 4091 3572 4146 interiit.
3606 4092 3752 4145 Tum

2094 4179 2315 4252 populo
2353 4180 2721 4236 acclamante
2772 4197 2957 4235 unum
2999 4197 3129 4235 esse
3162 4182 3347 4235 Deum
3379 4180 3479 4251 qui
3513 4196 3546 4234 a
3577 4182 3750 4234 Petro

2095 4268 2472 4339 praedicetur,
2525 4270 2608 4324 ita
2638 4286 2707 4326 eo
2742 4274 3007 4340 tempore
3052 4269 3246 4340 prima
3277 4268 3753 4323 Simonianorum

310 4352 578 4409 heresis
610 4352 810 4405 Romaa
840 4365 1041 4407 eversa
1070 4367 1138 4406 ac
1168 4367 1411 4423 prorsus
1440 4351 1734 4408 exstincta
1780 4358 1887 4408 est.
1920 4354 2124 4427 Itaque
2155 4357 2335 4413 etiam
2380 4357 2533 4415 illius
2592 4358 2820 4414 sabbati
2878 4357 3036 4412 diem
3103 4357 3352 4415 Romani
3410 4356 3748 4412 solemnem

315 4445 531 4516 agunt.

386 4532 482 4603 [P.
511 4528 643 4600 212]
672 4528 730 4584 Ὀ
779 4525 959 4597 μέντοι
1017 4527 1220 4602 Νέρων,
1281 4526 1515 4589 ἀκούσας
1573 4529 1654 4583 ὅτι
1714 4531 1981 4609 πεφόνευ-

2162 4539 2310 4592 Nero
2342 4542 2539 4593 autem
2573 4537 2874 4592 Simonem
2905 4553 2938 4592 a
2987 4538 3158 4592 Petro
3208 4536 3585 4592 interfectum
3616 4552 3746 4592 esse

311 4639 402 4674 ται
439 4614 634 4688 Σίμων
695 4615 798 4669 ὑπὸ
853 4619 951 4670 τοῦ
1002 4615 1230 4689 Πέτρου,
1276 4615 1367 4671 καὶ
1418 4617 1817 4692 ἀγανακτήσας,
1866 4616 1979 4673 ἐκέ-

316 4708 514 4765 λευσεν
566 4705 725 4760 αὐτὸν
786 4708 1187 4782 σταυρωθῆναι.
1255 4709 1316 4764 Ὁ
1359 4705 1416 4762 δὲ
1472 4706 1677 4782 Πέτρος
1733 4729 1980 4783 παρακα.

320 4798 490 4858 λέσας
527 4796 621 4851 τὸν
677 4789 921 4870 ἔπαρχον
977 4795 1070 4850 ἳνα
1128 4796 1206 4868 μὴ
1265 4799 1555 4872 σταυρωθῇ
1615 4793 1795 4871 ὄρθιος
1846 4799 1980 4860 ὡςὸ

321 4888 556 4961 Κύριος,
586 4884 721 4939 κατὰ
769 4882 1013 4958 κεφαλῆς
1070 4883 1404 4959 ἐσταυρώθη.
1465 4886 1613 4940 Μετά
1666 4883 1724 4940 δέ
1773 4908 1834 4962 γε
1881 4889 1979 4957 τὴν

326 4980 538 5052 Πέτρου
599 4973 919 5045 τελευτήν,
973 4972 1048 5037 ὥς
1128 4994 1290 5050 φησιν
1341 4970 1627 5044 Εὐσέϐιος,
1687 4974 1902 5039 Παῦλος
1953 4978 1981 5032 6

321 5063 635 5125 ἀπόστολος
663 5063 798 5117 κατὰ
853 5063 948 5135 μὶν
995 5063 1095 5132 τήν
1150 5063 1375 5138 πρώτην
1442 5061 1743 5139 ἀπολογίαν
1805 5063 1979 5130 ἐλθὼν

323 5155 430 5209 ἀπὸ
457 5161 560 5223 τῆς
621 5149 887 5211 Ἰουδαίας
943 5147 1162 5224 δέσμιος
1221 5150 1713 5227 ἀπολογησάμενος
1767 5155 1979 5230 Νέρωνι

326 5241 412 5296 ἐπὶ
471 5244 574 5311 την
634 5236 909 5293 διακονίαν
970 5243 1067 5292 τοῦ
1149 5240 1499 5315 κηρύγματος
1557 5239 1780 5309 ἐστάλη.
1842 5243 1978 5299 Κάν-

326 5332 527 5399 τεῦθεν,
586 5330 660 5390 ὡς
718 5324 882 5394 ἔοικε,
931 5327 1029 5389 τὰς
1073 5332 1180 5382 τῶν
1237 5326 1561 5384 ἀποστόλων
1614 5331 1837 5406 Πράξεις
1895 5332 1981 5388 ἐπ’

332 5420 525 5475 ἐκεῖνον
553 5420 649 5474 τὸν
677 5417 876 5496 χρόνον
905 5422 1114 5479 Λουκᾶς
1164 5415 1387 5494 ἔγραψε,
1423 5419 1618 5498 μέχρις
1678 5418 1768 5475 ὅτε
1817 5429 1977 5492 συνῆν

333 5519 407 5586 τῷ
468 5512 674 5585 Παύλῳ
751 5512 853 5566 καθ
923 5510 981 5564 ’ὸν
1067 5508 1124 5567 δὲ
1189 5514 1378 5587 καιρὸν
1454 5512 1847 5589 ἐμαρτύρησεν,
1916 5515 1979 5571 οὐ

340 5609 618 5679 συμπαρῆν
664 5599 836 5672 αὐτῷ,
886 5603 982 5653 τοῦ
1038 5600 1384 5657 Ἀποστόλου
1436 5607 1618 5682 σαφῶς
1675 5603 1837 5659 τοῦτο
1887 5605 1977 5661 λέο

408 5705 452 5740 η
480 5704 527 5759 ιι
557 5702 705 5759 Tim.
734 5717 811 5769 ιν,
852 5700 935 5754 ιο.

2095 4627 2406 4683 inaudiens
2447 4628 2697 4683 moleste
2745 4626 2803 4681 id
2834 4626 3055 4682 factum
3109 4627 3264 4697 tulit,
3298 4630 3656 4698 Petrumque
3686 4628 3749 4683 in

2092 4732 2329 4773 crucem
2355 4717 2446 4789 agi
2470 4717 2679 4789 jussit.
2730 4716 2937 4772 Petrus
2968 4717 3039 4772 ab
3088 4717 3254 4772 urbis
3285 4717 3563 4789 praefecto
3595 4715 3751 4771 obti-

2092 4807 2224 4862 nuit
2252 4822 2327 4862 ne
2344 4812 2505 4861 recto
2538 4813 2784 4877 corpore
2809 4811 2876 4860 ut
2903 4806 3184 4878 magister
3210 4822 3353 4861 suus
3398 4807 3585 4872 Jesus,
3644 4805 3748 4860 sed

2093 4895 2283 4967 capite
2311 4895 2388 4950 ad
2410 4900 2629 4950 terram
2679 4894 2936 4949 demisso
2995 4895 3459 4966 crucifigeretur.
3520 4893 3744 4947 Mortuo

2091 4986 2285 5054 Petro,
2317 4989 2382 5039 ut
2419 4983 2705 5039 Eusebius
2736 4989 2825 5037 est
2889 4988 3114 5049 auctor,
3172 4982 3393 5037 Paulus
3441 4978 3743 5051 apostolus

2090 5074 2418 5131 secundum
2451 5074 2708 5145 primum
2739 5071 3148 5127 defensionem
3182 5088 3252 5126 ex
3282 5070 3483 5125 Iudaea
3512 5067 3744 5123 vinctus

2089 5163 2324 5229 missus,
2358 5178 2492 5217 cum
2525 5160 2681 5232 apud
2730 5162 3020 5215 Neronem
3073 5175 3317 5215 causam
3372 5156 3641 5222 dixisset,
3668 5157 3742 5211 ad

2088 5250 2534 5323 praedicandum
2578 5248 2821 5302 verbum
2854 5249 3071 5303 missus
3100 5246 3230 5301 fuit.
3262 5247 3452 5315 Atque
3486 5244 3645 5313 inde,
3678 5250 3744 5299 ut

2088 5340 2336 5408 videtur,
2370 5336 2929 5409 Actaapostolorum
2958 5336 3141 5390 Lucas
3173 5335 3246 5390 ad
3279 5334 3339 5389 id
3369 5350 3559 5406 usque
3590 5339 3738 5390 tem-

2087 5446 2197 5501 pus
2229 5426 2592 5500 presoripsit,
2626 5426 2912 5497 quamdiu
2968 5425 3080 5497 fuit
3135 5442 3269 5481 cum
3327 5424 3529 5481 Paulo.
3590 5426 3736 5480 Nam

2087 5517 2269 5573 Paulo
2297 5533 2415 5572 non
2449 5515 2656 5582 adfuit,
2690 5532 2806 5586 quo
2873 5514 2923 5570 is
2979 5519 3245 5588 tempore
3302 5514 3593 5587 supplicio
3645 5518 3737 5568 est

2087 5609 2352 5665 affectus.
2376 5605 2541 5674 Quod
2583 5604 2895 5679 Apostolus
2926 5604 3143 5661 diserte
3171 5607 3254 5662 ait
3281 5623 3293 5662 :
3344 5606 3496 5660 872
3555 5605 3733 5661 Nemo
