4118 6276
377 419 502 476 411

1759 407 2085 472 GEORGII
2128 399 2477 468 CEDRENI

3682 394 3796 455 412

383 551 532 609 mihi
563 551 626 606 in
659 549 850 622 prima
879 547 1227 605 defensione
1275 545 1482 614 adfuit,
1544 544 1649 601 sed
1706 559 1912 600 omnes
1942 558 2036 597 me

2157 559 2366 614 γοντος,
2399 539 2484 596 ὅτι
2514 535 2694 600 οὐδεὶς
2727 557 2823 612 μοι
2851 532 2904 592 ἓν
2935 537 3005 608 τῇ
3035 527 3537 622 πρώτιιμάπολογίςι,
3558 531 3813 622 “Quae-

386 641 814 706 deseruerunt;
861 655 981 693 non
1041 637 1370 708 imputetur
1427 635 1592 708 ipsis.
1643 634 2040 690 Posteriorem

385 727 697 801 epistolam
737 725 813 782 ad
878 725 1252 780 Timotheum
1314 723 1547 794 scripsit
1599 722 1899 793 captivus;
1938 719 2040 775 ubi

385 817 567 873 simul
602 816 969 871 mentionem
1000 813 1141 869 facit
1171 814 1375 884 prima)
1408 828 1530 867 suas
1561 811 1720 883 apud
1749 812 2042 867 Neronem

391 905 779 962 defensionis.
813 906 998 970 Quem
1031 907 1087 957 et
1118 903 1308 957 leonis
1336 902 1578 956 nomine
1619 901 1834 966 atl‘ecit,
1867 899 2041 954 inhu-

381 997 735 1052 manitatem
763 994 893 1064 ejus
923 999 1102 1063 atque
1124 991 1283 1048 feros
1303 1007 1498 1046 mores
1523 991 1806 1064 praeclare
1830 995 2045 1044 notans

389 1091 448 1142 et
477 1085 893 1140 imminentem
920 1099 1094 1136 suum
1127 1081 1353 1136 obitum
1379 1097 1513 1136 mox
1545 1080 1765 1135 indicat
1796 1095 1809 1134 :
1845 1102 1872 1128 «
1904 1080 2043 1134 Ere-

387 1181 523 1248 ptus
555 1190 708 1240 sum,
745 1171 1047 1242 inquiens,
1082 1171 1169 1225 ori
1197 1169 1405 1225 leonis.
1435 1169 1545 1226 Sed
1579 1175 1637 1224 et
1661 1169 1723 1223 in
1743 1173 2047 1240 posterum

389 1281 484 1320 me
507 1263 792 1318 Dominus
816 1260 1074 1316 servabit
1095 1260 1166 1314 ab
1187 1260 1346 1314 omni
1367 1259 1524 1314 mala
1554 1276 1638 1324 re,
1672 1259 1851 1328 inque
1875 1273 2048 1312 suum

389 1352 626 1408 caeleste
659 1366 903 1423 regnum
935 1354 1180 1416 asseret,
1223 1370 1252 1398 »
1285 1348 1542 1404 innuens
1573 1347 1917 1419 propediem
1943 1362 2049 1401 suo

387 1441 679 1512 supplicio
724 1455 784 1494 se
834 1438 1066 1493 veritati
1119 1437 1531 1492 testimonium
1588 1434 2050 1511 perhibiturum.

387 1529 555 1596 Quod
585 1529 765 1584 etiam
797 1527 1060 1599 apertius
1091 1527 1153 1582 in
1185 1525 1394 1582 eadem
1453 1525 1706 1597 epistola
1762 1523 2052 1599 praedicit,

392 1620 455 1674 in
485 1619 612 1674 haec
641 1617 855 1673 verba:
899 1633 1004 1690 ego
1042 1616 1206 1672 enim
1236 1633 1394 1671 nunc
1425 1615 1721 1684 immolor,
1753 1615 2054 1684 instatque

389 1715 626 1780 tempus
656 1722 804 1761 mea)
834 1705 1170 1761 solutionis.
1193 1706 1329 1760 Post
1357 1705 1615 1776 primam
1646 1703 2056 1758 defensionem

393 1797 675 1853 dimissus
707 1799 818 1861 est,
873 1799 939 1850 ut
987 1810 1194 1851 rursus
1256 1792 1626 1865 evangelium
1684 1792 2055 1864 prmdicaret-

2145 612 2375 704 εγένετο,
2433 625 2580 684 ἀλλὰ
2634 627 2831 686 πάντες
2907 643 2976 696 με
3031 617 3407 696 ἐγκατέλιπον.
3473 615 3550 704 μή
3621 612 3806 704 αὐτοῖς

2145 700 2451 792 λογισθείη.
2483 717 2600 784 Τήν
2633 711 2692 769 δε
2721 713 2858 786 πρὸς
2890 709 3158 784 Τιμόθεον
3201 705 3454 781 δευτέραν
3503 700 3800 770 ἐπιστολὴν

2145 804 2513 880 κατεχόμενος
2542 799 2797 880 ἔγραψεν,
2853 803 2996 873 ὁμοῦ
3056 797 3338 872 σημαίνων
3393 794 3495 863 τήν
3551 811 3623 880 τε
3659 809 3807 880 Δπρο-

2146 876 2318 970 τέροιν⁷
2354 876 2525 948 αὐτοῦ
2567 876 2872 968 άπολογίαν
2901 888 3039 964 πρὸς
3071 885 3313 962 Νέρωνα,
3363 884 3424 938 ὃν
3463 881 3555 936 καὶ
3612 876 3806 970 λέοντα

2151 965 2244 1038 διᾶ
2268 983 2331 1038 τὸ
2359 983 2723 1058 ἀπάνθρωπον
2755 965 2847 1034 καὶ
2905 973 3172 1053 θηριῶδες
3203 977 3303 1030 τοῦ
3355 972 3564 1048 τρόπου
3621 965 3809 1058 καλῶς

2151 1071 2421 1146 ὠνόμασε.
2503 1056 2606 1129 Καὶ
2689 1071 2791 1140 τὴν
2847 1069 2996 1143 παρὰ
3050 1063 3222 1128 πόδας
3273 1060 3558 1118 τελείωσιν
3619 1056 3807 1146 ἐπάγει

2154 1144 2394 1240 φάσκων·
2453 1185 2481 1214 ‹‹
2515 1159 2806 1238 Ἐῥβῦφθεν
2835 1158 2895 1214 ἐκ
2942 1157 3212 1230 στόματος
3245 1153 3482 1213 λέοντος·
3517 1147 3669 1205 ἄλλα
3717 1144 3812 1240 xui

2156 1230 2372 1328 ῥύσεταί
2406 1272 2474 1324 με
2503 1251 2533 1306 ὅ
2564 1230 2759 1326 ἰξύριος
2791 1246 2897 1304 άπό
2926 1246 3131 1309 πάςτὸς
3186 1243 3350 1318 ἔργου
3407 1241 3682 1328 πονηροῦ,
3715 1230 3813 1291 καὶ

2159 1325 2320 1395 σώσει
2387 1339 2465 1402 εἰς
2526 1325 2649 1408 τήν
2687 1335 2967 1414 βασιλείαν
3053 1333 3218 1389 αὐτοῦ
3299 1331 3400 1400 τήν
3466 1325 3814 1401 ἐπουράνιον,

2158 1427 2516 1508 ὗπεμφαίνων
2581 1427 2644 1483 τὸ
2700 1424 3008 1502 παραυτίκα
3070 1421 3390 1497 μαρτύριον,
3436 1417 3466 1472 ’ὀ
3493 1414 3818 1508 *καὶ-σαφὲ-

2159 1501 2346 1592 στερον
2405 1517 2458 1572 ἐν
2517 1520 2586 1591 τῇ
2645 1515 2782 1589 αὐτῇ
2833 1510 3100 1586 ἐπιστολῇ
3165 1505 3561 1584 προσαγορεύει
3613 1501 3814 1592 λέγων·

2162 1589 2306 1680 ἘΥῶ
2334 1607 2439 1683 γὰρ
2625 1601 2950 1678 σπένδομαι,
3009 1600 3102 1656 καὶ
3167 1600 3195 1654 ὁ
3245 1595 3433 1672 καιρὸς
3489 1601 3590 1683 τῆς
3612 1589 3817 1683 bald-

2164 1697 2301 1760 σεώς
2348 1680 2467 1770 ’μου
2525 1695 2832 1775 ἐφέστηκεν.
2893 1688 3412 1766 Ἀπολογησάμενος
3486 1681 3672 1775 τοίνυν
3721 1680 3818 1748 τήν

2163 1784 2388 1859 πρώτην
2419 1770 2728 1861 ἀπολογίαν
2753 1781 2846 1837 καὶ
2880 1781 3032 1842 αὖθις
3061 1778 3149 1835 ἐπὶ
3180 1779 3282 1848 τήν
3313 1779 3411 1831 τοῦ
3469 1770 3820 1861 κηρύγμαξνς

390 1888 604 1942 Denuo
621 1889 823 1940 autem
843 1884 902 1938 in
925 1883 1176 1938 vinculis
1198 1885 1442 1939 Romam
1466 1881 1774 1947 adductus,
1794 1881 2046 1951 itemque

2166 1853 2442 1928 δίακονίαν
2465 1853 2849 1945 στειλάμενος,
2882 1871 3001 1925 εἶτα
3039 1865 3206 1922 πάλιν
3237 1865 3300 1921 τὸ
3326 1861 3572 1938 δεύτερον
3630 1853 3822 1919 ἐπιϐὰς

389 1972 608 2028 Neroni
631 1969 906 2037 traditus,
929 1969 1126 2043 gladio
1146 1974 1453 2024 truncatus
1475 1969 1741 2040 martyrii
1767 1947 2046 2024 coronam

2162 1966 2232 2037 τῇ
2262 1962 2450 2036 Ῥώμῃ
2483 1959 2709 2034 δέσμιος
2737 1959 2830 2015 καὶ
2852 1958 3113 2018 ὡσαύτως
3142 1956 3359 2030 Νέρωνι
3387 1947 3718 2043 παραδοθεὶς
3735 1947 3826 2043 τὸν

392 2059 641 2132 accepit,
674 2059 767 2114 die
823 2059 982 2113 Junii
1024 2061 1114 2124 2'3,
1149 2057 1358 2112 eodem
1388 2057 1482 2112 die
1515 2073 1630 2129 quo
1663 2062 1800 2112 ante
1831 2073 2054 2112 annum

394 2151 607 2204 Petrus
637 2148 702 2202 in
733 2163 970 2202 crucem
1001 2145 1114 2200 fuit
1155 2152 1338 2201 actus.
1373 2146 1498 2211 Quo
1549 2145 1798 2217 supplici
1837 2161 2054 2216 genere

397 2237 595 2294 aﬂ‘ecti
629 2241 770 2292 sunt
798 2235 974 2290 etiam
998 2237 1225 2291 Marcus
1256 2241 1316 2290 et
1344 2236 1528 2290 Lucas
1577 2234 1952 2306 evangelista;
1988 2249 2054 2289 ac

403 2325 654 2381 Iacobus
685 2325 920 2380 Domini
953 2325 1152 2393 frater,
1197 2323 1269 2379 de
1301 2323 1517 2394 quibus
1545 2328 1681 2378 ante
1723 2323 2054 2377 retulimus-

403 2414 546 2470 Divo
579 2413 746 2468 Lucas
777 2428 884 2484 pro
917 2429 1090 2468 cruce
1121 2411 1233 2467 fuit
1274 2411 1406 2467 olea
1451 2411 1752 2484 frugifera,
1798 2426 1932 2465 cum
1982 2409 2056 2465 ad

403 2501 736 2575 parandam
767 2517 1005 2556 crucem
1036 2501 1269 2556 nullum
1300 2500 1374 2555 iis
1404 2500 1465 2554 in
1495 2499 1640 2556 locis
1685 2499 1914 2555 aridum
1947 2499 2059 2571 lig-

403 2607 548 2646 num
580 2589 963 2662 reperiretur.
1009 2589 1154 2660 Ejus
1191 2605 1408 2661 corpus
1459 2588 1701 2659 quidam
1759 2587 2057 2644 sublatum

397 2681 553 2734 inter
583 2678 772 2734 multa
793 2678 912 2734 alia
942 2678 1217 2750 sepulcra
1244 2677 1616 2745 recondidit;
1639 2677 1839 2750 itaque
1861 2664 2061 2733 effecit

399 2769 556 2848 utin
605 2768 854 2823 obscuro
914 2756 1044 2840 ejus
1103 2767 1392 2840 sepulcrm
1449 2766 1612 2822 locus
1671 2772 1847 2822 esset.
1907 2767 2052 2822 Cum

401 2863 600 2914 autem
631 2862 838 2928 postea
895 2857 1173 2928 discipuli
1233 2872 1364 2912 eam
1419 2857 1814 2928 requirerent,
1875 2861 2053 2926 atque

397 2951 641 3018 propter
654 2945 1061 3016 sepulcrorum
1075 2943 1583 3000 multitutudinem
1598 2961 1718 3000 non
1731 2944 1842 3016 dep
1850 2943 1948 2999 reh
1956 2959 2057 2998 en-

397 3035 536 3090 dere
559 3035 714 3090 878
731 3039 996 3108 possent,
1027 3049 1232 3090 eorum
1263 3033 1540 3106 precibus
1583 3039 1780 3089 motus
1804 3037 1953 3088 Deus
1986 3049 2055 3088 ea

395 3131 569 3181 nocte
599 3124 850 3196 collyria
879 3123 1112 3179 medica
1135 3139 1316 3195 super
1336 3123 1464 3196 ejus
1491 3123 1785 3178 tumulum
1801 3121 2052 3195 depluit:

393 3220 598 3270 notam
626 3213 770 3268 artis
800 3229 978 3283 quam
1027 3218 1393 3267 exercuerat.
1455 3215 1644 3284 Atque
1701 3213 1813 3267 hoc
1865 3211 2041 3268 modo

393 3301 732 3373 sepulcrum
783 3302 950 3356 Lucas
1003 3301 1285 3356 innotuit.
1349 3300 1536 3371 Hujus
1595 3306 1812 3356 sanctae
1862 3305 2040 3373 atque

389 3371 744 3446 venerandus
774 3388 1044 3459 reliquias
1102 3389 1210 3444 sub
1268 3388 1612 3444 Constantio
1670 3371 2041 3445 Constantini

391 3479 582 3552 Magni
616 3478 736 3534 filio
767 3478 922 3533 beati
952 3478 1199 3532 Artemii
1244 3494 1424 3550 opera
1472 3479 2044 3550 Constantinopolim

391 3568 616 3634 relatae,
647 3566 932 3638 depositas
965 3572 1105 3621 sunt
1130 3567 1190 3620 in
1223 3565 1446 3638 templo
1477 3566 1752 3621 Divorum
1801 3569 2044 3638 Aposto-

392 3657 610 3723 lorum,
652 3656 812 3711 intra
841 3671 1070 3710 sacram
1120 3671 1412 3722 mensam,
1441 3671 1562 3711 una
1617 3671 1751 3711 cum
1811 3655 2048 3712 Andrea

393 3753 453 3802 et
479 3747 782 3802 Timotheo
805 3745 995 3800 beatis
1025 3745 1329 3816 apostolis.

465 3835 754 3888 Cmterum
811 3832 996 3888 Judaai
1027 3849 1062 3888 a
1091 3832 1305 3888 Christi
1336 3833 1398 3886 in
1430 3833 1642 3890 cmlum
1703 3835 2042 3907 receptione

395 3939 600 3994 pacem
615 3921 951 3976 habuerunt
970 3937 1156 3976 annos
1173 3920 1583 3994 quadraginta,
1597 3939 1731 3978 cum
1751 3923 1836 3978 eis
1851 3923 2050 3979 divina

389 4010 682 4066 lentitudo
709 4009 767 4064 id
786 4010 860 4066 ad
883 4009 1356 4082 resipiscendum
1385 4011 1701 4083 largiretur
1721 4017 2050 4084 tempus,ut

393 4115 502 4154 sua
531 4099 882 4155 damnantes
900 4104 1142 4172 peccata
1157 4100 1377 4155 factum
1395 4107 1715 4156 mutarent.
1752 4101 1795 4156 li
1827 4118 1962 4158 vero
1983 4103 2046 4158 in

391 4189 652 4245 deterius
675 4196 942 4260 ruentes,
984 4189 1210 4244 invidia
1239 4205 1306 4244 eo
1339 4189 1580 4245 adducti
1616 4196 1756 4246 sunt
1782 4191 1868 4246 uti
1901 4207 2046 4246 san-

387 4286 510 4335 clos
541 4280 948 4335 interficerent
1031 4279 1418 4350 Stephanum,
1449 4279 1728 4335 Jacobum
1779 4275 2051 4336 Zebedaai

387 4368 597 4436 filium,
629 4369 910 4424 Jacobum
942 4368 1176 4423 Domini
1207 4367 1476 4436 fratrem,
1509 4373 1569 4423 et
1618 4368 1788 4424 alios.
1842 4371 2048 4441 Itaque

386 4473 492 4510 suo
524 4457 734 4511 merito
767 4457 982 4512 divitus
1011 4455 1339 4528 profectam
1383 4456 1496 4510 sibi
1551 4463 1924 4514 attraxerunt
1953 4459 2047 4513 in-

386 4545 814 4606 ternecionem.
847 4546 929 4598 Ea
958 4544 1100 4614 ipsis
1127 4550 1216 4598 est
1254 4545 1618 4600 terribilibus
1674 4553 1852 4618 atque
1909 4566 2047 4620 per-

2166 2031 2254 2106 διᾶ
2282 2031 2468 2125 ξίφους
2495 2031 2593 2105 τού
2632 2048 2936 2124 μαρτυρίου
2996 2045 3254 2120 στέφανον
3313 2039 3636 2112 ἀνεδήσατο,
3690 2031 3822 2110 μηνὶ

2165 2138 2379 2213 Ἰουνίῳ
2407 2141 2506 2209 κθ¹,
2538 2139 2656 2194 καθ’
2713 2137 2780 2208 ἢν
2838 2137 3048 2212 ἡμέραν
3106 2135 3200 2189 καὶ
3241 2131 3442 2206 Πέτρος
3479 2125 3820 2202 ἐσταυρώθη,

2170 2228 2303 2301 μετᾶ
2331 2225 2586 2304 περίοδον
2617 2227 2824 2302 χρόνου
2869 2226 3004 2295 ἐνὸς,
3034 2223 3272 2298 καθάπερ
3329 2220 3420 2276 καὶ
3475 2219 3700 2292 Μάρκος
3729 2214 3820 2270 καὶ

2167 2321 2379 2379 Λουκᾶς
2424 2319 2475 2372 οί
2533 2315 2911 2392 εύαγγελισταὶ
2967 2314 3057 2368 καὶ
3105 2306 3368 2372 Ἰάκωϐος
3401 2311 3430 2364 ὁ
3467 2304 3820 2384 ἀδελφόθεος,

2168 2409 2242 2472 ὡς
2290 2403 2594 2485 ἔμπροσθεν
2627 2406 2858 2484 εἴρηται.
2890 2413 2946 2462 Ὁ
2985 2407 3078 2462 οὗν
3130 2406 3396 2480 μακάριος
3465 2403 3684 2461 Λουκᾶς
3737 2396 3825 2453 ἐπὶ

2166 2497 2352 2562 ἐλαίας
2420 2498 2772 2578 καρποφόρου
2855 2495 3192 2566 ἐσταυρώθη,
3278 2493 3354 2566 μή
3431 2487 3826 2578 εὑρισκομένου

2165 2586 2335 2658 ξύλου
2369 2589 2536 2662 ξηροῦ
2566 2577 2621 2642 ἐν
2645 2591 2726 2658 τῷ
2753 2586 2910 2659 τόπῳ
2966 2583 3105 2658 πρὸς
3156 2583 3221 2638 τὸ
3264 2579 3510 2659 γενέσθαι
3567 2577 3820 2651 σταυρόν.

2167 2676 2271 2734 Καὶ
2297 2671 2483 2732 λαϐών
2513 2696 2597 2738 τις
2631 2677 2694 2731 τὸ
2761 2679 2922 2749 σῶμα
2977 2671 3144 2729 αὐτοῦ
3197 2671 3286 2726 καὶ
3347 2669 3540 2742 μεταξὺ
3595 2664 3824 2722 πολλῶν

2169 2764 2454 2840 μνημείων
2487 2765 2658 2838 θάψας
2698 2762 2911 2835 ἄδηλον
2968 2761 3193 2832 ἐποίησε
3241 2760 3338 2814 τὸν
3373 2757 3562 2836 τάφον.
3609 2758 3730 2814 Τῶν
3763 2752 3820 2810 δέ

2168 2856 2424 2927 μαθητῶν
2466 2851 2874 2924 ἀναζητούντων
2911 2849 3196 2926 μετέπειτα
3252 2847 3342 2902 καὶ
3404 2847 3481 2920 μὴ
3541 2843 3812 2916 εὑρισκόν-

2162 2963 2270 2998 των
2302 2943 2470 2999 αύτοῦ
2495 2943 2590 2998 τὸν
2618 2943 2788 3017 τάφον
2817 2939 2908 2997 διὰ
2935 2942 3000 2998 τὸ
3041 2938 3255 3009 πλῆθος
3315 2942 3426 2992 τῶν
3488 2935 3796 3009 μνημάτων,

2161 3031 2606 3109 προσευξαμένων
2689 3031 2866 3086 αὐτῶν
2949 3034 3018 3105 τῇ
3093 3028 3244 3084 νυκτῖ
3311 3025 3492 3100 ἐκείνῃ
3551 3021 3799 3095 κολούρια

2159 3116 2370 3197 ἔϐρεξεν
2400 3121 2428 3176 ὁ
2459 3120 2589 3184 Θεὸς
2623 3121 2840 3196 ίατρικὰ
2875 3117 3057 3174 ἐπάνω
3111 3121 3210 3174 τοῦ
3264 3117 3438 3192 τάφου
3489 3117 3593 3169 τοῦ
3645 3112 3800 3168 Ἀποο

2163 3212 2382 3282 στόλου,
2417 3205 2673 3286 σύμϐολα
2699 3217 2800 3281 τῆς
2840 3211 3150 3282 ἐπιστήμης
3185 3205 3370 3274 αὐτοῦ,
3397 3205 3490 3260 καὶ
3521 3202 3584 3259 ἐκ
3604 3201 3805 3258 τούτων

2155 3301 2366 3379 ἐγένετο
2395 3301 2674 3377 γνώριμος
2717 3301 2744 3356 ὁ
2793 3301 2988 3377 τάφος.
3021 3299 3101 3357 Οὗ
3149 3297 3212 3352 τὸ
3274 3297 3464 3370 τίμιον
3516 3292 3612 3348 καὶ
3653 3293 3808 3365 ἅγιον

2153 3391 2407 3465 λείψανον
2439 3390 2794 3465 άνακομισθέν
2825 3388 2914 3444 ἐπὶ
2974 3386 3354 3446 Κωνσταντίου
3414 3386 3529 3460 (47)
3559 3387 3663 3438 τοῦ
3694 3381 3812 3436 υἱοῦ

2151 3483 2250 3535 τοῦ
2310 3477 2555 3557 μεγάλου
2639 3477 3038 3534 Κωνσταντίνου
3121 3472 3211 3530 διὰ
3272 3471 3370 3530 τοῦ
3428 3473 3591 3548 ἁγίου
3619 3477 3808 3547 Ἀρτε-

2157 3567 2288 3642 μίου
2321 3611 2335 3637 ,
2390 3568 2542 3640 ἐτέθη
2612 3567 2662 3624 ἐν
2719 3572 2799 3641 τῷ
2855 3571 2968 3638 ναῷ
3023 3570 3131 3621 τῶν
3187 3563 3388 3640 Ἀγίων
3434 3559 3808 3628 Ἀποστόλων,

2159 3656 2416 3714 ὑποκάτω
2466 3664 2568 3727 τῆς
2645 3657 2800 3732 ἁγίας
2873 3655 3171 3731 τραπέζης,
3234 3653 3352 3728 μετ’
3405 3649 3666 3726 Ἀνδρέου
3720 3648 3808 3704 καὶ

2154 3745 2431 3821 Τιμοθέου
2457 3751 2568 3802 τῶν
2600 3747 2770 3822 ἁγιων
2800 3743 3146 3801 ἀποστόλων.

2227 3839 2314 3911 [Ρ.
2347 3837 2474 3910 213]
2505 3837 2575 3894 0i.
2603 3835 2784 3892 τοίνυν
2816 3831 3076 3892 Ἰουδαῖοι
3111 3832 3248 3907 μετᾶ
3290 3832 3391 3901 τὴν
3443 3833 3542 3886 τοῦ
3601 3828 3806 3904 Κυρίου

2156 3925 2430 4000 ἆνάληψιν
2479 3924 2828 3998 ἀπολέμητοι
2885 3921 3159 3998 διέμειναν
3217 3916 3311 3992 ἔτη
3375 3921 3450 3994 μ’,
3515 3919 3802 3994 μετανοίας

2154 4015 2346 4077 αὐτοῖς
2389 4015 2576 4089 καιρὸν
2633 4015 2734 4082 τῆς
2797 4011 3176 4089 μακροθυμίας
3241 4006 3666 4077 ἀπεκτεινούσης
3709 4010 3805 4062 τοῦ

2155 4108 2310 4172 Θεοῦ,
2340 4103 2430 4158 ἳνα
2457 4105 2978 4180 γνωσιμαχήσαντες
3005 4101 3104 4170 τήν
3166 4097 3304 4155 ίδὶαν
3362 4095 3800 4153 άνακαλέσωνται

2153 4189 2566 4266 πλημμέλειαν.
2599 4192 2666 4250 Οἱ
2697 4189 2756 4246 δὲ
2789 4187 3002 4264 μᾶλλον
3037 4189 3113 4252 εἰς
3162 4188 3225 4243 τὸ
3283 4192 3473 4266 χεῖρον
3525 4185 3803 4246 νεύσαντες

2153 4284 2232 4352 τῷ
2263 4282 2446 4358 φθόνῳ
2475 4281 2564 4336 καὶ
2593 4279 2720 4342 τοὺς
2753 4278 2940 4356 ἁγίους
2976 4277 3236 4352 ἀνῄρουν,
3285 4275 3579 4355 Στέφανον,
3609 4273 3804 4330 Ἰάκω-

2153 4363 2250 4424 ϐον
2271 4370 2363 4424 τὸν
2395 4373 2491 4424 τοῦ
2520 4364 2808 4426 Ζεϐεδαίου
2856 4361 3119 4424 Ἰάκωϐον
3174 4365 3268 4420 τόν
3326 4361 3658 4442 άδελφόθεον
3711 4360 3802 4416 καὶ

2154 4455 2405 4520 λοιπούς.
2438 4457 2532 4514 Διὸ
2582 4457 2672 4512 καὶ
2737 4456 2900 4528 ἀξίως
2959 4455 3041 4533 ἐφ’
3095 4453 3320 4517 ἑαυτοὺς
3371 4454 3474 4523 τήν
3531 4451 3798 4522 θεήλατον

2153 4545 2519 4602 ἐπεσπάσαντο
2597 4543 2994 4619 πανωλεθρία-δ.
3073 4544 3232 4600 Ὅθεν
3316 4540 3500 4602 αὐτοῖς
3589 4535 3801 4618 φοϐερὰ

391 4632 611 4703 spicuis
647 4632 996 4687 denuntiata
1025 4632 1336 4703 portentis.
1399 4634 1541 4688 Nam
1599 4651 1714 4705 quo
1771 4641 2038 4708 tempore

2157 4640 2355 4712 σημεῖα
2385 4639 2476 4693 καὶ
2535 4637 2732 4714 ἐναργῆ
2788 4633 3177 4704 ἐπεδείκνυντο,
3228 4634 3328 4703 τὴν
3364 4633 3671 4708 μέλλουσαν
3699 4652 3801 4687 κα-

389 4735 728 4791 azymorum
760 4719 1040 4774 solemnis
1091 4721 1284 4793 agitur
1309 4721 1613 4791 festivitas,
1645 4724 1802 4778 circa
1829 4725 2035 4782 horam

389 4809 583 4864 noctis
614 4825 852 4878 nonam,
887 4813 1116 4864 tantum
1146 4825 1309 4864 aram
1350 4810 1754 4882 templumque
1785 4815 2036 4870 circum-

381 4899 550 4954 fulsit
580 4898 784 4954 lumen
818 4898 976 4970 quod
1001 4915 1108 4970 per
1137 4899 1430 4970 integram
1457 4898 1688 4955 duravit
1737 4901 1944 4958 horam
1973 4911 2040 4960 ut

381 4990 508 5045 dies
540 4991 839 5046 videretur
859 4989 1033 5044 facta.
1058 4989 1280 5044 Deinde
1301 4989 1474 5045 stella
1503 5005 1681 5062 supra
1701 4990 1908 5047 urbem
1940 5009 2037 5049 en-

381 5080 460 5135 sis
496 5081 691 5152 specie
715 5077 1011 5152 apparuit.
1049 5077 1180 5133 Alio
1204 5082 1467 5150 tempore
1489 5085 1659 5150 porta
1689 5081 1873 5149 urbis,
1907 5097 2038 5153 quae

2145 4721 2518 4801 ταλαμϐάνειν
2547 4725 2749 4789 αὐτοὺς
2780 4724 2984 4781 ἅλωσιν
3034 4723 3444 4799 προμηνύοντα.
3475 4724 3565 4780 ’Ev
3593 4723 3696 4799 γὰρ
3727 4728 3794 4791 τῆ

2144 4821 2253 4872 τῶν
2285 4817 2536 4892 Ἀζύμων
2571 4817 2756 4892 ἑορτῇ,
2788 4815 2913 4890 περὶ
2942 4813 3086 4888 ὥραν
3119 4815 3162 4878 θ’
3191 4819 3289 4882 τῆς
3318 4811 3506 4874 νυκτὸς
3534 4815 3798 4867 τοσοῦτον

2147 4909 2262 4980 φῶς
2298 4910 2408 4960 τῶν
2432 4906 2560 4961 ναὸν
2590 4903 2933 4982 περιέλαμψε
2981 4902 3070 4958 καὶ
3116 4903 3210 4958 τὸν
3241 4901 3430 4976 βωμὸν
3484 4901 3609 4976 περὶ
3655 4897 3803 4972 ὥραν

2151 4993 2276 5069 μίαν
2339 4995 2416 5056 ὡς
2470 4991 2648 5050 δοκεῖν
2709 4993 2918 5068 ἡμέραν
3000 4993 3292 5070 γενέσθαι.
3345 4992 3572 5048 Ἔπειτα
3625 4990 3799 5062 ἆστήρ

2149 5083 2375 5157 ὕπερθεν
2425 5089 2525 5153 τῆς
2583 5081 2799 5145 πόλεως
2857 5081 3105 5160 ῥομφαίᾳ
3160 5079 3466 5153 παρόμοιος
3523 5077 3798 5133 ὠπτάνετο

1580 5177 1944 5235 XYLANDRI
1983 5181 2072 5236 ET
2113 5183 2329 5239 (ἶοΑΒί
2366 5183 2588 5238 ΝΟΤίΕ.

459 5295 570 5364 (47)
595 5295 926 5378 Audaccter
945 5293 1360 5349 Constantium
1384 5295 1523 5378 νηθείὶ
1533 5295 1615 5378 tui
1633 5311 1739 5378 pro
1752 5296 2037 5378 Constan-

389 5365 537 5427 tino,
570 5383 704 5420 cum
733 5368 1064 5421 etZonaras
1093 5382 1330 5420 mecum
1399 5365 1575 5421 faciat
1631 5365 1690 5421 in
1722 5365 1838 5424 vita
1895 5371 2038 5424 Con-

389 5436 614 5499 stantii,
677 5443 734 5489 et
779 5437 1146 5507 Nicephorus
1197 5455 1254 5504 χ,
1300 5441 1354 5502 2,
1407 5437 1454 5491 si
1504 5438 1892 5494 Theodoritus
1951 5459 2039 5507 ιιι,

389 5510 474 5590 _i_8:
513 5513 570 5561 et
593 5508 1296 5590 t'ragmentumlDorothei
1325 5510 1623 5590 martyris,
1656 5511 1814 5580 quod
1873 5513 2038 5590 Ducas

383 5577 696 5666 Evangelia
713 5577 864 5632 solet
878 5579 1468 5666 p,rzntigi,quanquam
1483 5577 1547 5636 in
1561 5597 1628 5666 ep
1647 5577 1878 5666 quoque
1897 5589 2040 5666 ζίωνο

384 5649 662 5724 σταντίνου
717 5666 822 5724 pro
882 5649 1266 5724 Ιςωνσταντίου
1310 5649 1526 5724 ίνίῐξοδθ
1597 5649 1809 5724 legitur
1863 5660 1923 5710 et
1985 5655 2036 5712 is

385 5722 548 5779 filius
575 5720 764 5794 Magni
798 5719 1165 5793 perhibetur.
1197 5723 1341 5776 Nam
1393 5719 1816 5781 Constantinus
1845 5727 2034 5800 Magni

2153 5297 2596 5378 ﬁ_l_ius_ce_lerius
2624 5304 2713 5378 est
2741 5297 3008 5378 sublatus
3039 5313 3215 5378 quam
3233 5295 3517 5378 _ut_ipsiu§
3548 5294 3794 5378 imperi?

2150 5370 2377 5452 aliquid
2403 5371 2615 5425 horum
2655 5370 2786 5426 ﬁeri
2827 5367 3105 5497 potuerit.
3142 5367 3250 5423 Sed
3285 5374 3342 5423 et
3358 5367 3428 5421 in
3483 5367 3792 5438 Sophronii

2151 5449 2436 5497 scriptum
2469 5447 2558 5497 est
2587 5441 2660 5496 de
2699 5443 2766 5496 D.
2869 5457 2981 5496 uca
3033 5440 3386 5497 fragmento.
3437 5454 3593 5493 anno
3641 5440 3790 5492 Con-

2151 5440 2436 5512 scriptum
2469 5447 2558 5497 est
2587 5441 2660 5496 de
2699 5443 2766 5496 D.
2827 5440 2981 5497 Luca
3033 5440 3402 5512 fragmento,
3437 5454 3593 5493 anno
3641 5440 3790 5512 Gon-

2149 5508 2394 5568 stantini
2425 5513 2706 5586 vigesimo
2751 5513 3032 5584 reliquias
3062 5508 3192 5583 ejus
3241 5509 3471 5586 Cpolim
3501 5525 3632 5586 esse
3661 5508 3790 5586 alla-

2148 5589 2239 5639 tas
2265 5609 2280 5651 ;
2313 5584 2472 5712 ᾳιὲοᾶ
2487 5580 2847 5641 mendosum
2876 5580 3120 5656 prorsus
3149 5587 3240 5640 est
3266 5580 3328 5637 in
3372 5581 3616 5638 nomine
3648 5587 3702 5636 et
3730 5580 3788 5634 in

2148 5672 2325 5712 anno.
2408 5672 2494 5712 YL.

2146 5672 2325 5714 anno.
2358 5672 2494 5712 ᾹΥΙ..
