4118 6288
292 426 408 487 413

1428 428 1803 489 HISTORIA
1816 426 1982 489 HUM
2027 428 2184 491 COM
2198 430 2588 495 PENDIUM.

3590 444 3710 503 414

293 557 539 614 ’Δλλοτε
568 561 605 628 ἡ
638 557 977 629 Ἀνατολική
1012 556 1161 627 πυλη
1194 556 1378 634 χαλκῆ
1427 569 1528 631 τῆς
1576 560 1818 630 πόλεως,
1851 582 1932 632 σηι

2065 568 2235 635 porta
2265 566 2581 623 Orientalis
2610 568 2848 638 dicitur,
2907 587 3063 627 aarea
3118 587 3185 627 ac
3242 571 3476 629 ferratis
3507 575 3709 633 obdita

296 644 614 722 δηροδέτοις
641 647 940 721 κλειομένη
978 647 1218 722 μοχλοῖς
1264 649 1354 704 καὶ
1400 651 1562 723 μόλις
1600 650 1703 706 ὑπὸ
1735 647 1947 725 ἀνδρῶν

295 736 346 793 λ’
375 735 740 811 ἀνοιγομένη,
772 732 927 814 ὤφθη
960 737 1082 811 περί
1113 735 1256 812 ὥραν
1314 740 1363 809 η’
1413 741 1511 808 τῆς
1565 739 1754 800 νυκτὸς
1784 739 1947 811 ἀνεῳ-

289 828 495 905 γμένη.
557 827 733 883 Πάλιν
792 827 1080 903 ὠράθησαν
1156 831 1262 905 πρὸ
1337 829 1504 900 ἡλίου
1565 829 1767 892 δύσεως
1821 830 1948 885 ὡσεὶ

288 921 514 995 ἅρματα
575 919 824 994 μετέωρα
879 920 969 974 καὶ
1035 918 1370 995 στρατόπεδα
1426 919 1632 977 ἔνοπλοι
1696 920 1819 995 περὶ
1858 920 1949 974 τὸν

284 1007 435 1083 ἀάρα
465 1006 828 1088 διατρέχοντα
885 1008 973 1063 καὶ
1019 1009 1114 1072 τὰς
1170 1009 1362 1071 πόλεις
1418 1017 1518 1080 τῆς
1552 1006 1815 1072 Ἰουδαίας
1845 1030 1947 1089 φο-

282 1092 464 1171 ϐερῶς
512 1098 1012 1173 περιστοιχίζοντα.
1078 1098 1187 1173 Πρὸ
1242 1097 1375 1154 ἐτῶν
1438 1096 1495 1154 δὲ
1548 1100 1818 1174 τεσσάρων
1846 1105 1946 1167 τῆς

278 1185 549 1249 ἁλώσεως
604 1185 656 1241 ἐν
714 1192 784 1262 τῇ
840 1189 1003 1262 ἑορτῇ
1080 1194 1180 1257 τῆς
1248 1186 1657 1265 Σκηνοπηγίας,
1716 1184 1793 1243 ἔτι
1850 1190 1947 1256 τῆς

274 1273 507 1335 πόλεως
540 1274 955 1350 εἴρηνευούσης,
985 1272 1267 1351 ἄντρωπός
1297 1298 1380 1341 τις
1436 1279 1648 1347 Ἰησοῦς
1705 1270 1949 1350 ὀνόματι

275 1362 543 1441 ἑξαίφνης
602 1363 654 1419 ἐν
719 1362 870 1437 μέσῳ
925 1369 1023 1419 τοῦ
1076 1363 1216 1420 λαοῦ
1265 1365 1552 1440 παρελθὼν
1595 1360 1742 1420 ἐϐόα·
1779 1366 1944 1434 Φωνή

275 1454 391 1508 ἄπό
452 1452 758 1525 ἀνατολῶν,
817 1454 972 1533 φωνή
1028 1454 1136 1509 ἀπὸ
1193 1451 1433 1528 δυσμῶν,
1486 1458 1638 1532 φωνή
1690 1455 1796 1510 ἀπὸ
1840 1459 1950 1517 τῶν

274 1543 563 1614 τεσσάρων
591 1539 828 1617 ἀνέμων,
861 1543 1015 1619 φωνὴ
1076 1541 1165 1597 ἐπὶ
1229 1541 1592 1617 Ἱεροσόλυμα
1639 1544 1726 1599 καὶ
1782 1546 1951 1600 πάντα

277 1632 374 1688 τὸν
413 1630 567 1687 λαόν.
612 1631 710 1686 Καὶ
768 1635 939 1687 ταῦτα
988 1629 1082 1686 ἐπὶ
1145 1630 1386 1695 πολλαῖς
1440 1634 1677 1707 ἡμέραις
1734 1655 1952 1729 περιερῖ

279 1723 532 1797 χόμειος
581 1719 719 1792 ὅλην
776 1721 878 1789 τήν
937 1720 1104 1776 πόλιν
1165 1720 1461 1785 ἀνενδότως
1518 1718 1673 1779 ἑϐοα.
1734 1722 1826 1778 Διὸ
1857 1718 1946 1779 καἰ

279 1831 427 1871 τινες
471 1815 581 1865 τῶν
651 1807 914 1883 δημοτῶν
975 1809 1445 1884 ἀγανακτήσαντες
1509 1812 1753 1885 μάστιξιν
1788 1811 1945 1867 αὐτὸν

278 1898 565 1973 ᾐκίζοντο.
594 1900 656 1956 Ὀ
707 1896 763 1955 δὲ
821 1899 955 1974 πρὸς
989 1900 1221 1970 ἑκάστην
1251 1904 1357 1956 τῶν
1417 1899 1653 1976 πληγῶν
1697 1895 1937 1976 ἔκραζεν·

276 1988 438 2061 Οὐαὶ,
471 1987 618 2058 ούαὶ,
674 1987 796 2043 οὐαὶ
847 1993 967 2051 τοῖς
1022 1989 1466 2065 Ἰεροσολύμοιςί
1516 1991 1647 2047 Κατ’
1676 1991 1846 2060 αὐτὴν
1881 1989 1939 2046 δὲ

276 2079 376 2146 τήν
455 2078 650 2152 ἑορτὴν
717 2081 849 2153 βοῦς
904 2078 1136 2153 ἀχθεῖσα
1187 2080 1323 2154 πρὸς
1380 2079 1561 2143 θυσίαν
1620 2078 1938 2155 παραδόξει.ς

276 2164 451 2223 ἔτεκεν
485 2166 616 2243 ἄρνα
646 2166 699 2221 ἐν
730 2167 880 2241 μέσῳ
934 2173 1032 2223 τοῦ
1105 2166 1275 2243 ἱεροῦ-
1336 2170 1475 2240 ¹ἣτις,
1534 2170 1711 2242 οἶμαι,
1754 2174 1939 2246 σαφῶς

276 2256 514 2334 ἐνέφαινε
549 2258 650 2326 τὴν
675 2259 1047 2333 γενησομένην
1096 2257 1283 2320 αὐτοῖς
1336 2255 1505 2332 ἄρδην
1539 2257 1933 2333 πανωλεθρίαν·

344 2352 465 2402 Τῶν
501 2347 594 2400 οὗν
623 2343 905 2403 Ἰουδαίων
954 2349 1055 2415 τήν
1114 2349 1250 2423 πρὸς
1305 2346 1433 2412 τοὺς
1461 2348 1772 2422 Ῥωμαίους
1805 2349 1935 2404 ὑποο

275 2436 441 2511 ταγην
471 2434 823 2505 ἠθετηκότων
856 2434 1144 2491 ἀπέστειλε
1173 2431 1361 2511 Νὲρων
1409 2436 1810 2495 Οὐεσπασιανὸν
1842 2439 1935 2493 τὸν

277 2526 389 2580 υἱὸν
452 2524 622 2579 αὐτοῦ
679 2525 771 2579 καί
823 2525 977 2580 Τίτον
1038 2526 1128 2581 τὸν
1184 2521 1402 2603 ἔκγονον
1475 2527 1668 2598 αὐτοῦ,
1736 2524 1788 2581 οἳ
1842 2513 1936 2582 καἰ

276 2614 583 2688 ἐπόρθησαν
632 2613 828 2685 αὐτην,
883 2616 1098 2671 πάντων
1151 2621 1259 2672 τῶν
1308 2618 1641 2691 Χριστιανῶν
1687 2614 1758 2672 δι’
1796 2617 1934 2673 ἀπο-

274 2703 570 2778 καλύψεως
680 2704 831 2765 θείας
905 2709 1014 2759 τῶν
1092 2703 1492 2780 Ἱεροσολύμῶν
1588 2704 1934 2776 ἐξελθόντων,

274 2794 438 2867 μόνον
495 2790 553 2847 δὲ
600 2797 709 2847 τῶν
758 2790 1034 2849 Ἰουδαίων
1086 2792 1147 2849 ἐκ
1198 2794 1377 2865 πάσης
1426 2801 1528 2864 τῆς
1566 2796 1756 2870 χώρας
1783 2794 1835 2850 ἐν
1867 2800 1936 2870 τῇ

266 2886 364 2938 τοῦ
397 2882 596 2960 Πάσχα
639 2881 802 2955 ἑορτῇ
863 2882 1043 2956 ὥσπερ
1100 2903 1153 2937 εν
1214 2882 1402 2958 εἱρκτῇ
1460 2889 1577 2946 τοῖς
1628 2884 1936 2960 Ἰεροσολύ-

271 2993 398 3047 μοις
462 2969 944 3045 συγκλεισθέντων,
1007 2973 1085 3035 ὡς
1147 2971 1289 3047 ἀμφὶ
1349 2972 1444 3035 τὰς
1496 2975 1809 3048 τριακοσίας
1843 2989 1939 3047 μυ·

266 3059 462 3136 ριάδας
495 3082 563 3115 το
594 3057 810 3128 πλῆθος
841 3061 1210 3136 ἀριθμεῖσθαι.
1269 3063 1367 3116 Καὶ
1416 3063 1611 3124 πάντες
1640 3063 1732 3117 τὸν
1764 3065 1939 3139 ἒπηρ-

265 3150 512 3222 τημένου
559 3148 745 3210 αὐτοῖς
797 3146 1031 3225 ὄλεθρον
1081 3151 1220 3225 πρὸς
1275 3155 1410 3205 Θεοῦ
1464 3148 1551 3206 διὰ
1581 3153 1679 3222 τήν
1707 3152 1783 3217 είς
1812 3156 1936 3229 Χρι;

277 3239 399 3293 στὸν
431 3238 521 3292 τὸν
550 3239 683 3294 Θεὸν
718 3240 879 3311 ἡμῶν
903 3236 1278 3312 τολμηθεῖσαν
1303 3239 1487 3303 αὐτοῖς
1514 3240 1816 3316 θεομαχίαν
1843 3230 1936 3297 και

285 3327 587 3401 μιαιφονίαν
639 3325 865 3390 ἐνδίκως
941 3326 1285 3400 κατεδέξατο.
1364 3328 1768 3392 Οὐεσπασιανὸς
1824 3331 1925 3409 γὰρ

282 3414 340 3470 ἐν
367 3419 438 3490 τῇ
474 3414 789 3491 Παλαιστίνῃ
845 3417 981 3492 μετᾶ
1041 3418 1264 3482 θάνατον
1326 3416 1579 3494 Νέρωνος
1634 3419 1929 3497 ἀναγορευ-

278 3505 391 3569 θείς
419 3504 671 3579 βασιλεὺς
707 3506 811 3560 ὑπὸ
857 3510 956 3560 τοῦ
1007 3511 1241 3579 στρατοῦ
1271 3507 1409 3582 πρὸς
1440 3508 1659 3580 Ῥώμην
1692 3508 1928 3580 ἀπῆλθε,

271 3597 432 3652 Τῖτον
466 3596 557 3650 τὸν
590 3596 707 3650 υἱὸν
768 3595 936 3650 αὐτοῦ
986 3594 1315 3671 καταλείψας
1372 3595 1561 3654 ἐκεῖσε.
1596 3600 1685 3673 [Ρ.
1717 3602 1841 3673 214]
1870 3600 1931 3658 Ὁ

265 3681 323 3739 δὲ
383 3683 679 3747 ἑλεπόλεις
739 3685 830 3739 καὶ
890 3686 1130 3759 πύργους
1192 3687 1481 3749 παντοίους
1530 3689 1929 3763 τεκτηνάμενος

264 3771 445 3850 διχῶς
494 3775 563 3830 τὰ
615 3773 775 3849 τείχη
826 3774 1224 3849 Ἰεροσολύμων
1265 3774 1647 3849 κατεπολέμει.
1681 3778 1924 3851 Ἐξελαύς

261 3838 508 3938 νεῗγοῦν
575 3838 826 3934 τοῦ
884 3838 1104 3938 τείχους
1160 3862 1287 3926 τοὺς
1344 3838 1663 3928 Ἰουδαίους.
1698 3838 1839 3942 Πρὸς
1873 3838 1931 3922 δὶ

261 3954 324 4007 τὸ
372 3949 635 4027 δεύτερον
696 3954 1104 4030 καταφυγόντας
1161 3956 1404 4018 κάκεῖθεν
1466 3954 1672 4033 σφόδρα
1728 3957 1930 4032 βιαίοις

255 4040 538 4113 πολέμοις
599 4042 905 4117 ἀναγκάσας
963 4040 1049 4097 ἐπί
1133 4041 1195 4098 τὸ
1270 4040 1544 4119 ἐνδότερον
1603 4045 1691 4099 καὶ
1749 4045 1927 4121 τρίτον

258 4129 491 4184 συνώθει
525 4135 755 4205 χωρεῖν,
805 4130 945 4185 ὃπου
1000 4130 1090 4185 καὶ
1132 4151 1395 4208 καρτερας
1447 4129 1729 4210 διαμάχης
1776 4137 1929 4212 γενοὲ

260 4217 426 4293 μὲν-ης
534 4218 587 4288 ἐξ
692 4218 946 4293 ἑκατέρας
1023 4219 1371 4295 παρατάξεως
1454 4220 1707 4278 πλεῖστοι
1802 4224 1928 4279 ’ὅσοι

259 4308 592 4384 ἀνῃροῦντο.
628 4313 812 4381 Λιμοῦ
864 4306 921 4363 δὲ
966 4310 1091 4363 τότε
1138 4312 1235 4378 τήν
1290 4309 1453 4365 πόλιν
1499 4310 1788 4388 ἀφορήτου
1817 4334 1915 4369 κα-

256 4401 682 4473 τακρατοῦντος,
730 4399 796 4466 ἧν
855 4394 988 4452 ἰδεῖν
1043 4396 1242 4471 πολλῷ
1299 4398 1472 4474 χείρω
1502 4404 1608 4455 τῶν
1642 4399 1928 4476 πολεμίων

256 4487 383 4549 τοὺς
414 4483 574 4542 ἔνδον
637 4482 883 4561 δρῶντας
942 4487 1285 4549 στασιαστάς’
1354 4485 1410 4543 εἷ’
1459 4509 1566 4543 που
1613 4489 1715 4564 γὰρ
1766 4493 1928 4566 θύραν

257 4574 402 4631 εἶδον
458 4576 876 4648 κεκλεισμένην,
936 4580 1321 4640 κατακλῶντες
1382 4575 1696 4649 εἰσεπήδων
1747 4581 1838 4634 καί
1869 4581 1931 4637 ἐκ

2056 654 2339 724 vectibus,
2367 662 2423 711 et
2453 674 2628 728 quam
2662 676 2812 731 aegre
2838 661 3078 733 triginta
3108 662 3213 716 viri
3245 670 3491 733 possent
3521 668 3710 736 aperi-

2055 760 2141 808 re,
2170 744 2328 801 circa
2355 750 2618 802 octavam
2649 748 2841 803 noctis
2896 749 3105 805 horam
3163 751 3285 806 visa
3329 758 3419 807 est
3461 755 3702 823 aperiri.

2057 835 2281 889 Rursus
2313 842 2451 891 ante
2501 837 2645 892 solis
2705 854 2983 894 occasum
3035 840 3139 895 visi
3201 848 3339 896 sunt
3370 842 3429 896 in
3464 843 3702 899 sublimi

2055 937 2264 977 currus
2296 929 2353 978 et
2381 925 2673 981 exercitus
2704 928 2915 982 armati
2938 944 3044 999 per
3065 945 3263 984 aerem
3292 931 3445 985 374
3476 931 3707 987 discur—

2053 1016 2253 1066 rentes
2271 1016 2447 1083 atque
2469 1014 2714 1071 urbibus
2734 1017 2948 1071 Judmaa
2976 1017 3318 1073 terribiliter
3338 1019 3701 1076 circumfusi.

2055 1101 2316 1164 Quatuor
2344 1102 2522 1157 etiam
2549 1110 2685 1158 ante
2707 1105 3002 1160 excidium
3030 1106 3224 1173 annis,
3249 1107 3397 1162 festo
3431 1108 3704 1165 taberna-

2055 1187 2322 1244 culorum
2354 1189 2469 1258 die,
2503 1192 2647 1247 urbe
2679 1192 2871 1248 adhuc
2902 1199 3131 1265 pacata,
3163 1195 3251 1249 vir
3271 1196 3515 1266 quidam
3533 1199 3703 1253 Jesus

2054 1278 2296 1333 nomine
2320 1278 2513 1334 subito
2536 1280 2597 1335 in
2620 1280 2882 1338 medium
2904 1283 3105 1355 populi
3124 1300 3471 1357 progressus
3491 1285 3705 1342 clama-

2054 1367 2153 1422 vit.
2181 1369 2297 1422 Vox
2329 1369 2400 1423 ab
2428 1374 2559 1425 ortu
2591 1372 2754 1439 solis,
2792 1388 2901 1427 vox
2953 1372 3024 1427 ab
3072 1389 3306 1439 occasu,
3357 1391 3465 1429 vox
3496 1392 3529 1430 a
3560 1392 3703 1447 qua-

2053 1460 2189 1511 tuor
2218 1458 2421 1513 mundi
2453 1459 2816 1527 cardinibus,
2848 1478 2956 1516 vox
2984 1461 3265 1518 adversus
3292 1464 3703 1539 Hierosolyma

2056 1549 2114 1599 et
2139 1550 2321 1601 totam
2352 1552 2609 1620 gentem.
2646 1550 2777 1605 Haec
2809 1549 2907 1604 ille
2942 1567 3049 1621 per
3077 1550 3306 1623 aliquot
3334 1553 3484 1623 dies,
3520 1558 3701 1609 totam

2054 1634 2411 1691 circumiens
2431 1636 2795 1703 urbem,sine
2815 1640 3704 1702 intermissionevociferabatur.

2054 1724 2219 1788 Quod
2238 1725 2480 1796 quidam
2500 1726 2570 1781 de
2588 1728 2807 1799 populo
2830 1728 3067 1801 indigne
3084 1729 3343 1785 ferentes
3366 1730 3564 1803 ﬂagris
3583 1748 3713 1786 eum

2054 1813 2419 1879 ceciderunt,
2452 1814 2525 1870 ad
2552 1816 2816 1889 singulos
2846 1818 2999 1873 ictus
3032 1818 3465 1875 exclamantem
3499 1822 3702 1890 Vm,vm

1971 1924 2018 1989 Β
2054 1918 2137 1955 vas
2168 1903 2611 1975 Hierosolyma}.
2646 1904 2863 1960 Eadem
2896 1906 3210 1962 festivitate
3240 1907 3347 1962 hos
3378 1908 3453 1963 ad
3475 1909 3700 1964 sacrifi-

2049 1990 2206 2046 cium
2229 1992 2484 2048 adducta
2504 2010 2723 2066 agnum
2746 2000 2916 2065 partu
2939 1996 3121 2051 edidit
3145 1997 3204 2051 in
3228 1996 3422 2052 medio
3445 1998 3698 2069 templo;

2049 2097 2166 2151 quo
2198 2081 2438 2152 quidem
2469 2083 2755 2154 prodigio,
2811 2084 2871 2137 ni
2928 2084 3123 2151 fallor,
3157 2085 3425 2142 funditus
3453 2086 3698 2142 exitium

2047 2169 2265 2225 Judaeis
2295 2177 2497 2243 aperte
2524 2171 2635 2227 fuit
2665 2180 3205 2243 prmmonstratum.

2119 2346 2262 2401 Cum
2323 2363 2460 2419 ergo
2515 2348 2701 2403 Judaei
2733 2365 2767 2402 a
2797 2349 3077 2404 Romanis
3126 2349 3503 2417 defecissent,
3536 2349 3700 2405 misit

2047 2438 2196 2492 Nero
2230 2437 2656 2508 Vespasianum
2690 2439 2879 2493 filium
2912 2445 2968 2493 et
2997 2438 3210 2505 Titum,
3236 2440 3333 2510 qui
3359 2438 3695 2511 Hierosoly-

2045 2543 2205 2582 mam
2236 2527 2668 2583 exscinderent.
2700 2528 2904 2584 Divina
2925 2532 3050 2583 tum
3072 2528 3463 2600 patefactione
3495 2528 3695 2584 admo-

2046 2616 2156 2670 niti
2184 2615 2502 2671 Christiani
2535 2616 2796 2671 universi
2839 2617 3262 2688 Hierosolymis
3294 2623 3691 2685 excesserant,

2046 2704 2276 2776 solique
2306 2704 2491 2760 Judaei
2524 2705 2583 2760 in
2606 2705 2750 2761 urbe
2781 2712 2969 2775 erant,
2995 2705 3068 2761 ad
3091 2706 3393 2761 Paschatis
3427 2706 3693 2763 solemne

2048 2793 2406 2848 sacrificium
2423 2811 2489 2849 ex
2506 2794 2829 2849 totaJudma
2843 2811 2910 2849 eo
2926 2794 3405 2867 profecti,ibique
3418 2801 3698 2867 tanquam

2046 2883 2108 2936 in
2132 2899 2368 2937 carcere
2390 2882 2796 2938 inclusi.Multi
2808 2883 3030 2938 tudinis
3054 2899 3338 2938 numerus
3359 2884 3471 2939 fuit
3490 2885 3566 2940 ad
3587 2890 3699 2941 ter-

2045 2972 2290 3027 millena
2310 2971 2629 3043 millia;qui
2644 2988 2851 3027 omnes
2865 2973 3063 3027 divina
3074 2972 3333 3027 vindicta
3352 2972 3699 3028 rebellionis

2047 3077 2168 3117 suae
2200 3065 2405 3117 contra
2425 3061 2721 3116 Christum
2744 3062 3061 3116 Dominum
3084 3067 3374 3127 nostrum,
3398 3062 3696 3134 caedisque

2045 3157 2106 3211 in
2139 3172 2273 3210 eum
2308 3161 2560 3226 statutas,
2588 3156 2765 3210 exitio
2794 3173 2900 3211 suo
2926 3173 3127 3228 poenas
3148 3156 3697 3214 dederunt.Etenim

1959 3285 2005 3356 ο
2048 3246 2442 3317 Vespasianus
2463 3246 2525 3301 in
2550 3245 2870 3301 Palmstina
2888 3246 3132 3320 degens,
3166 3263 3199 3301 a
3230 3253 3421 3301 morte
3451 3248 3701 3303 Neronis

2046 3337 2369 3356 :‘-_-__n-_
2413 3334 2477 3356 ΑΙ.
2546 3336 2799 3356 -_-_-2n__
2845 3342 3063 3356 ___-n___
3098 3338 3339 3356 n-_-n‘-
3383 3336 3518 3356 _l_!:1
3572 3337 3687 3356 "‘31-

2046 3337 2371 3407 imperator
2410 3334 2482 3391 ab
2539 3336 2805 3391 exercitu
2836 3342 3069 3391 creatus
3098 3338 3348 3391 Romam
3378 3336 3543 3404 abiit,
3572 3337 3697 3392 Tito

2036 3424 2159 3479 tilio
2188 3424 2337 3481 875
2373 3440 2480 3479 suo
2498 3424 2578 3479 ibi
2609 3424 2897 3480 relictols
2919 3425 3228 3481 machinas
3259 3425 3331 3481 ad
3354 3442 3699 3498 oppugnan-

2034 3513 2177 3569 dum
2201 3519 2368 3585 aptas
2390 3514 2704 3585 omnisque
2734 3515 3003 3586 genereis
3027 3519 3219 3570 turres
3250 3514 3696 3583 fabricatus,bi-

2035 3601 2246 3658 fariam
2268 3620 2469 3658 muros
2493 3603 3037 3675 Hierosolymorum
3054 3604 3693 3676 oppugnavit,Judzeos-

2037 3709 2151 3763 que
2170 3709 2334 3748 muro
2362 3693 2650 3747 exteriore
2670 3693 2909 3749 abactos
2932 3693 3006 3748 ad
3033 3693 3359 3748 secundum
3378 3693 3686 3763 compulit.

2035 3779 2179 3835 Inde
2210 3796 2447 3851 quoque
2476 3781 2705 3853 magnis
2735 3780 3164 3835 certaminibus
3195 3796 3296 3835 eos
3326 3779 3400 3833 ad
3448 3780 3687 3834 tertium

2037 3869 2266 3942 redegit
2296 3886 2533 3925 murum
2562 3870 2698 3937 ;ubi
2723 3870 2844 3925 acri
2868 3871 3190 3925 commissa
3218 3885 3415 3942 pugna
3445 3868 3687 3942 plurimi

2037 3958 2109 4013 ab
2141 3963 2390 4030 utraque
2420 3964 2588 4029 parte
2619 3958 3042 4014 occubuerunt.
3089 3958 3334 4013 Interim
3380 3974 3514 4013 cum
3544 3957 3686 4013 urbs

2037 4048 2398 4103 intolerabili
2420 4047 2575 4103 fame
2599 4046 3308 4117 conﬂictaretur,vidisses
3334 4048 3506 4120 longe
3528 4053 3685 4102 atro-

2036 4137 2197 4193 ciora
2227 4137 2387 4191 intus
2445 4153 2480 4192 a
2535 4137 2872 4208 raptoribus
2927 4153 3106 4207 quam
3138 4136 3281 4191 foris
3310 4137 3381 4191 ab
3414 4136 3683 4191 hostibus

2037 4225 2255 4281 damna
2274 4225 2573 4280 dari.Nam
2597 4225 2785 4281 sicubi
2801 4226 3049 4297 januam
3072 4225 3337 4279 viderent
3357 4225 3677 4291 occlusam,

2035 4331 2106 4370 ea
2134 4316 2375 4371 effracta
2402 4314 2811 4387 irrumpehant
2830 4315 3115 4386 holosque
3138 4332 3208 4370 ex
3239 4314 3384 4385 ipsis
3408 4313 3678 4369 faucibus

2032 4407 2344 4463 hominum
2366 4406 3039 4479 eripiebant.Propterea
3053 4412 3112 4461 et
3130 4422 3303 4461 senes
3321 4404 3678 4476 torquebant

2036 4502 2095 4551 et
2122 4495 2404 4552 mulieres
2433 4496 2740 4552 laniabant
2759 4501 2817 4551 et
2844 4496 3098 4551 infantes
3129 4501 3299 4550 terrm
3329 4494 3676 4565 allidebant,

2035 4591 2268 4641 meatus
2312 4585 2725 4657 pudendorum
2779 4586 2924 4657 pisis
2980 4586 3354 4654 obturabant,
3414 4600 3677 4656 anosque

249 4670 358 4721 τῶν
393 4664 692 4742 φαρύγγων
758 4665 1128 4746 γιηρπάζοντο
1191 4664 1290 4720 τὸν
1349 4666 1571 4741 ψωμόν.
1625 4668 1930 4741 Τούτουδή

2042 4675 2395 4731 miserorum
2431 4674 2620 4729 acutis
2640 4674 2814 4746 virgis
2833 4673 3238 4745 penetrabant,
3261 4673 3347 4728 uti
3378 4690 3479 4728 eos
3510 4689 3677 4745 coge-

250 4749 407 4808 ἕνεκα
439 4750 536 4806 καὶ
583 4751 840 4825 γέροντας
899 4745 1218 4821 ἐϐασάνιζον
1278 4753 1371 4807 καὶ
1432 4754 1631 4829 γύναια
1660 4754 1925 4832 ἐσπάρατ-

249 4863 340 4898 τον
404 4840 499 4896 καὶ
559 4841 729 4910 νήπια
784 4837 1023 4914 ⁴ἴῆρασσον
1084 4838 1158 4901 είς
1214 4847 1340 4915 γῆν.
1409 4838 1664 4919 Ὀρόϐοις
1715 4843 1771 4900 δὲ
1798 4840 1926 4901 τοὺς

247 4932 460 5008 πόρους
525 4933 635 4984 τῶν
730 4926 953 4984 αἰδοίων
1047 4928 1465 5010 ἐμφράττοντες,
1538 4934 1630 4989 καὶ
1697 4931 1924 5009 ῥάϐδοις

248 5018 456 5094 ὀξείαις
484 5019 584 5080 τὰς
610 5014 770 5092 ἕδρας
828 5022 935 5073 τῶν
998 5017 1206 5083 ἀθλίων
1268 5018 1716 5097 διαπερονῶντες,
1748 5024 1924 5092 οὕτως

244 5111 565 5185 ἠνάγκαζον
610 5103 782 5179 δράκα
841 5108 968 5180 μίαν
1027 5108 1266 5184 ἀλφίτου
1324 5115 1560 5183 μηνῦσαι
1614 5116 1920 5189 κεκρυμμέ-

242 5223 367 5273 νην.
443 5195 550 5254 Καὶ
634 5192 842 5271 χόρτου
934 5197 1030 5269 μὲν
1125 5199 1485 5274 σπαράγματα
1553 5198 1916 5275 διεμασῶντο,

246 5290 492 5366 μητέρες
543 5283 601 5340 δὲ
628 5283 737 5340 τῶν
798 5285 1013 5356 νηπίων
1065 5291 1186 5349 ταῖς
1226 5288 1428 5346 ἑαυτῶν
1461 5291 1620 5370 χερσὶ
1650 5297 1729 5366 τῷ
1761 5292 1915 5369 λιμῷ

244 5373 672 5455 μαραινομένων
724 5374 1068 5449 ὑπερεώρων,
1109 5376 1196 5431 καί
1245 5382 1354 5432 τῶν
1404 5380 1509 5455 πρὸ
1554 5386 1663 5435 τῶν
1713 5382 1913 5457 ὀφθαλ-

243 5474 368 5544 μῶν
423 5464 604 5520 αὔσῶν
659 5462 1005 5534 θνησκόντων
1063 5465 1155 5518 καὶ
1210 5470 1278 5539 τῇ
1334 5466 1510 5540 ’ἐνδείᾳ
1561 5483 1913 5551 καταφθειρο-

244 5559 430 5634 μὲνων
494 5551 945 5628 παρελογίζοντο.
1007 5558 1159 5609 Πᾶσα
1218 5552 1274 5610 δὲ
1334 5556 1480 5612 οῗκία
1529 5564 1735 5635 νεκρῶν
1767 5560 1909 5634 πλη-

245 5644 502 5725 ρουμὲνη
557 5642 647 5696 καὶ
698 5640 969 5709 ὲπὸζουσα
1025 5641 1290 5719 ἀργαλέον
1366 5643 1626 5722 ἆνὲσκηψε
1684 5648 1904 5725 λοιμόν.

244 5736 349 5794 Καὶ
379 5730 631 5793 πλείουςς
658 5729 688 5782 ὁ
742 5729 912 5802 λιμὸς
965 5730 1000 5799 ἢ
1058 5732 1087 5786 ὁ
1143 5731 1391 5807 πόλεμος
1418 5736 1685 5793 ἀνάλωσεθ
1717 5738 1771 5795 τί
1800 5739 1903 5817 γὰρ

2033 4769 2169 4819 rent
2197 4764 2488 4837 pugillum
2506 4780 2691 4820 unum
2722 4764 2930 4820 farina:
2953 4764 3365 4819 absconditum
3388 4762 3673 4818 indicare.

2031 4853 2538 4909 Manducahantur
2566 4853 2764 4909 herbae
2794 4852 3009 4907 evulsa:
3035 4870 3050 4919 ;
3084 4857 3141 4907 et
3170 4858 3389 4907 matres
3420 4868 3558 4906 suos
3580 4851 3675 4905 in-

2028 4943 2226 4999 fantes
2255 4944 2413 4999 inter
2442 4944 2703 5015 ipsarum
2733 4959 2944 4998 manus
2987 4942 3142 4996 fame
3172 4941 3541 4996 tabescentes
3570 4956 3677 4995 ne-

2028 5032 2348 5106 gligebant,
2379 5032 2651 5103 fameque
2682 5037 2819 5086 ante
2871 5029 3075 5085 oculos
3120 5046 3259 5085 suos
3290 5028 3673 5084 morientium

2028 5121 2256 5177 nullam
2278 5120 2577 5177 ducebant
2602 5120 2914 5174 rationem.
2940 5120 3119 5173 Porro
3146 5124 3344 5173 autem
3367 5117 3670 5182 cadavera,

2027 5212 2245 5283 quibus
2277 5227 2485 5266 omnes
2515 5214 2687 5266 erant
2732 5209 2944 5264 domus
2995 5208 3266 5280 oppletae,
3298 5207 3485 5261 fetore
3514 5206 3672 5262 edito

2023 5317 2259 5374 gravem
2284 5300 2690 5355 excitaverunt
2702 5304 3076 5369 pestem,qua
3095 5297 3297 5368 plures
3318 5313 3497 5367 quam
3518 5295 3673 5359 bello

2021 5390 2353 5463 perierunt.
2388 5387 2537 5452 Quid
2569 5387 2728 5441 enim
2761 5403 2879 5441 non
2910 5385 3022 5441 fuit
3058 5385 3438 5457 absumptum
3458 5386 3486 5441 ?
3514 5388 3671 5443 Tunc

2026 5481 2203 5536 etiam
2239 5480 2458 5535 mulier
2477 5478 2749 5550 quaadam
2773 5478 2991 5533 nobilis
3019 5484 3195 5550 atque
3218 5479 3400 5545 dives,
3423 5481 3671 5536 nomine

2019 5569 2223 5638 Maria,
2259 5585 2390 5641 quae
2422 5585 2491 5623 ex
2519 5584 2657 5641 agro
2685 5568 2745 5622 in
2775 5567 2985 5623 urbem
3016 5568 3519 5642 confugerat,cum
3543 5587 3666 5625 om-

2017 5658 2194 5715 nibus
2224 5659 2348 5714 suis
2382 5656 2764 5714 facultatibus
2821 5662 2977 5713 esset
3008 5675 3042 5714 a
3070 5659 3363 5715 militibus
3394 5659 3667 5730 spoliata,

2012 5747 2301 5805 infantem
2324 5763 2504 5820 quem
2528 5746 2719 5804 adhuc
2738 5746 2888 5804 lacte
2918 5764 3023 5804 suo
3046 5748 3348 5804 nutriebat
3366 5746 3662 5803 mactavit:
