  <div class='ocr_page' id='page_1' title='image "/cluster/home/n/w/nwhite01/storage/ocr_20150623/121/mdp.39015078384289/215.png"; bbox 0 0 4118 6288; ppageno 0'>
   <div class='ocr_carea' id='block_1_1' title="bbox 397 393 516 452">
    <p class='ocr_par' dir='ltr' id='par_1_1' title="bbox 397 393 516 452">
     <span class='ocr_line' id='line_1_1' title="bbox 397 393 516 452; baseline 0 0"><span class='ocrx_word' id='word_1_1' title='bbox 397 393 516 452; x_wconf 71' lang='grc'>415</span> 
     </span>
    </p>
   </div>
   <div class='ocr_carea' id='block_1_2' title="bbox 1747 386 2464 452">
    <p class='ocr_par' dir='ltr' id='par_1_2' title="bbox 1747 386 2464 452">
     <span class='ocr_line' id='line_1_2' title="bbox 1747 386 2464 452; baseline 0.007 -5"><span class='ocrx_word' id='word_1_2' title='bbox 1747 387 2078 448; x_wconf 67' lang='lat' dir='ltr'>GEORGII</span> <span class='ocrx_word' id='word_1_3' title='bbox 2123 386 2464 452; x_wconf 72' lang='lat' dir='ltr'>CEDliENI</span> 
     </span>
    </p>
   </div>
   <div class='ocr_carea' id='block_1_3' title="bbox 3689 389 3808 449">
    <p class='ocr_par' dir='ltr' id='par_1_3' title="bbox 3689 389 3808 449">
     <span class='ocr_line' id='line_1_3' title="bbox 3689 389 3808 449; baseline -0.008 0"><span class='ocrx_word' id='word_1_4' title='bbox 3689 389 3808 449; x_wconf 73' lang='lat' dir='ltr'>M6</span> 
     </span>
    </p>
   </div>
   <div class='ocr_carea' id='block_1_4' title="bbox 391 517 2055 600">
    <p class='ocr_par' dir='ltr' id='par_1_4' title="bbox 391 517 2050 596">
     <span class='ocr_line' id='line_1_4' title="bbox 391 517 2050 596; baseline -0.006 -13"><span class='ocrx_word' id='word_1_5' title='bbox 391 524 693 596; x_wconf 84' lang='lat' dir='ltr'>assatique</span> <span class='ocrx_word' id='word_1_6' title='bbox 711 520 1028 578; x_wconf 88' lang='lat' dir='ltr'>dimidium</span> <span class='ocrx_word' id='word_1_7' title='bbox 1045 517 1528 590; x_wconf 85' lang='lat' dir='ltr'>voravit,reliquo</span> <span class='ocrx_word' id='word_1_8' title='bbox 1547 518 1622 574; x_wconf 92' lang='lat' dir='ltr'>ad</span> <span class='ocrx_word' id='word_1_9' title='bbox 1638 519 1818 574; x_wconf 85' lang='lat' dir='ltr'>aliam</span> <span class='ocrx_word' id='word_1_10' title='bbox 1835 533 2050 574; x_wconf 68' lang='lat' dir='ltr'>caenam</span> 
     </span>
    </p>
   </div>
   <div class='ocr_carea' id='block_1_5' title="bbox 2169 517 3816 600">
    <p class='ocr_par' dir='ltr' id='par_1_5' title="bbox 2169 517 3816 600">
     <span class='ocr_line' id='line_1_5' title="bbox 2169 517 3816 600; baseline 0.005 -26"><span class='ocrx_word' id='word_1_11' title='bbox 2169 521 2493 599; x_wconf 82' lang='grc' dir='ltr'>παρελείφθη</span> <span class='ocrx_word' id='word_1_12' title='bbox 2529 525 2606 598; x_wconf 78' lang='grc' dir='ltr'>μὴ</span> <span class='ocrx_word' id='word_1_13' title='bbox 2661 523 2909 600; x_wconf 78' lang='grc' dir='ltr'>βρωθένς</span> <span class='ocrx_word' id='word_1_14' title='bbox 2964 522 3106 580; x_wconf 84' lang='grc' dir='ltr'>Τότε</span> <span class='ocrx_word' id='word_1_15' title='bbox 3165 521 3256 578; x_wconf 80' lang='grc' dir='ltr'>καὶ</span> <span class='ocrx_word' id='word_1_16' title='bbox 3321 521 3454 600; x_wconf 86' lang='grc' dir='ltr'>γυνή</span> <span class='ocrx_word' id='word_1_17' title='bbox 3486 540 3574 582; x_wconf 88' lang='grc' dir='ltr'>τις</span> <span class='ocrx_word' id='word_1_18' title='bbox 3602 517 3816 594; x_wconf 70' lang='grc' dir='ltr'>εὐγενὴς</span> 
     </span>
    </p>
   </div>
   <div class='ocr_carea' id='block_1_6' title="bbox 398 606 2052 680">
    <p class='ocr_par' dir='ltr' id='par_1_6' title="bbox 398 606 2052 680">
     <span class='ocr_line' id='line_1_6' title="bbox 398 606 2052 680; baseline -0.004 -11"><span class='ocrx_word' id='word_1_19' title='bbox 398 617 649 669; x_wconf 88' lang='lat' dir='ltr'>servato.</span> <span class='ocrx_word' id='word_1_20' title='bbox 677 610 831 666; x_wconf 73' lang='lat'><strong>870</strong></span> <span class='ocrx_word' id='word_1_21' title='bbox 864 607 975 663; x_wconf 90' lang='lat' dir='ltr'>Sed</span> <span class='ocrx_word' id='word_1_22' title='bbox 1006 606 1227 662; x_wconf 79' lang='lat' dir='ltr'>milites</span> <span class='ocrx_word' id='word_1_23' title='bbox 1259 606 1468 662; x_wconf 88' lang='lat' dir='ltr'>nidore</span> <span class='ocrx_word' id='word_1_24' title='bbox 1495 611 1772 680; x_wconf 85' lang='lat' dir='ltr'>percepto</span> <span class='ocrx_word' id='word_1_25' title='bbox 1805 606 2052 662; x_wconf 90' lang='lat' dir='ltr'>domum</span> 
     </span>
    </p>
   </div>
   <div class='ocr_carea' id='block_1_7' title="bbox 399 696 2054 773">
    <p class='ocr_par' dir='ltr' id='par_1_7' title="bbox 399 696 2054 773">
     <span class='ocr_line' id='line_1_7' title="bbox 399 696 2054 773; baseline -0.005 -15"><span class='ocrx_word' id='word_1_26' title='bbox 399 703 768 773; x_wconf 89' lang='lat' dir='ltr'>irruperunt,</span> <span class='ocrx_word' id='word_1_27' title='bbox 823 702 1196 768; x_wconf 88' lang='lat' dir='ltr'>mortemque</span> <span class='ocrx_word' id='word_1_28' title='bbox 1246 696 1484 752; x_wconf 84' lang='lat' dir='ltr'>mulieri</span> <span class='ocrx_word' id='word_1_29' title='bbox 1525 697 1734 752; x_wconf 85' lang='lat' dir='ltr'>minati</span> <span class='ocrx_word' id='word_1_30' title='bbox 1769 702 1909 752; x_wconf 88' lang='lat' dir='ltr'>sunt</span> <span class='ocrx_word' id='word_1_31' title='bbox 1937 697 2054 751; x_wconf 89' lang='lat' dir='ltr'>nisi</span> 
     </span>
    </p>
   </div>
   <div class='ocr_carea' id='block_1_8' title="bbox 403 785 2058 858">
    <p class='ocr_par' dir='ltr' id='par_1_8' title="bbox 403 785 2058 858">
     <span class='ocr_line' id='line_1_8' title="bbox 403 785 2058 858; baseline -0.004 -11"><span class='ocrx_word' id='word_1_32' title='bbox 403 791 604 848; x_wconf 88' lang='lat' dir='ltr'>cibum</span> <span class='ocrx_word' id='word_1_33' title='bbox 637 787 1014 845; x_wconf 81' lang='lat' dir='ltr'>ostendisset.</span> <span class='ocrx_word' id='word_1_34' title='bbox 1051 788 1196 841; x_wconf 91' lang='lat' dir='ltr'>Tum</span> <span class='ocrx_word' id='word_1_35' title='bbox 1227 785 1332 841; x_wconf 89' lang='lat' dir='ltr'>illa</span> <span class='ocrx_word' id='word_1_36' title='bbox 1361 786 1634 857; x_wconf 85' lang='lat' dir='ltr'>reliquiis</span> <span class='ocrx_word' id='word_1_37' title='bbox 1662 786 1897 858; x_wconf 84' lang='lat' dir='ltr'>pueruli</span> <span class='ocrx_word' id='word_1_38' title='bbox 1927 802 2058 856; x_wconf 54' lang='lat' dir='ltr'>pro-</span> 
     </span>
    </p>
   </div>
   <div class='ocr_carea' id='block_1_9' title="bbox 402 874 2054 952">
    <p class='ocr_par' dir='ltr' id='par_1_9' title="bbox 402 874 2054 952">
     <span class='ocr_line' id='line_1_9' title="bbox 402 874 2054 952; baseline -0.004 -16"><span class='ocrx_word' id='word_1_39' title='bbox 402 880 580 936; x_wconf 88' lang='lat' dir='ltr'>latis:</span> <span class='ocrx_word' id='word_1_40' title='bbox 615 879 768 944; x_wconf 69' lang='lat' dir='ltr'>Haac,</span> <span class='ocrx_word' id='word_1_41' title='bbox 803 877 1018 948; x_wconf 87' lang='lat' dir='ltr'>inquit,</span> <span class='ocrx_word' id='word_1_42' title='bbox 1051 875 1194 931; x_wconf 84' lang='lat' dir='ltr'>olim</span> <span class='ocrx_word' id='word_1_43' title='bbox 1227 891 1361 930; x_wconf 84' lang='lat' dir='ltr'>mea</span> <span class='ocrx_word' id='word_1_44' title='bbox 1398 874 1508 929; x_wconf 88' lang='lat' dir='ltr'>fuit</span> <span class='ocrx_word' id='word_1_45' title='bbox 1537 875 1798 948; x_wconf 85' lang='lat' dir='ltr'>genuina</span> <span class='ocrx_word' id='word_1_46' title='bbox 1833 875 2054 952; x_wconf 70' lang='lat' dir='ltr'>proles,</span> 
     </span>
    </p>
   </div>
   <div class='ocr_carea' id='block_1_10' title="bbox 402 963 2058 1036">
    <p class='ocr_par' dir='ltr' id='par_1_10' title="bbox 402 963 2058 1036">
     <span class='ocr_line' id='line_1_10' title="bbox 402 963 2058 1036; baseline -0.003 -11"><span class='ocrx_word' id='word_1_47' title='bbox 402 986 562 1025; x_wconf 92' lang='lat' dir='ltr'>nunc</span> <span class='ocrx_word' id='word_1_48' title='bbox 591 967 967 1024; x_wconf 81' lang='lat' dir='ltr'>miserrimus</span> <span class='ocrx_word' id='word_1_49' title='bbox 997 965 1186 1021; x_wconf 91' lang='lat' dir='ltr'>cibus.</span> <span class='ocrx_word' id='word_1_50' title='bbox 1247 963 1414 1019; x_wconf 90' lang='lat' dir='ltr'>Edite</span> <span class='ocrx_word' id='word_1_51' title='bbox 1456 969 1513 1018; x_wconf 88' lang='lat' dir='ltr'>et</span> <span class='ocrx_word' id='word_1_52' title='bbox 1558 981 1699 1020; x_wconf 82' lang='lat' dir='ltr'>vos:</span> <span class='ocrx_word' id='word_1_53' title='bbox 1759 980 1898 1020; x_wconf 86' lang='lat' dir='ltr'>nam</span> <span class='ocrx_word' id='word_1_54' title='bbox 1930 964 2058 1036; x_wconf 87' lang='lat' dir='ltr'>ipsa</span> 
     </span>
    </p>
   </div>
   <div class='ocr_carea' id='block_1_11' title="bbox 403 1053 2054 1134">
    <p class='ocr_par' dir='ltr' id='par_1_11' title="bbox 403 1053 2054 1134">
     <span class='ocr_line' id='line_1_11' title="bbox 403 1053 2054 1134; baseline -0.003 -21"><span class='ocrx_word' id='word_1_55' title='bbox 403 1073 640 1130; x_wconf 86' lang='lat' dir='ltr'>quoque</span> <span class='ocrx_word' id='word_1_56' title='bbox 670 1056 784 1124; x_wconf 87' lang='lat' dir='ltr'>edi,</span> <span class='ocrx_word' id='word_1_57' title='bbox 817 1071 1010 1126; x_wconf 91' lang='lat' dir='ltr'>neque</span> <span class='ocrx_word' id='word_1_58' title='bbox 1041 1059 1163 1109; x_wconf 83' lang='lat' dir='ltr'>este</span> <span class='ocrx_word' id='word_1_59' title='bbox 1193 1069 1288 1108; x_wconf 90' lang='lat' dir='ltr'>me</span> <span class='ocrx_word' id='word_1_60' title='bbox 1331 1053 1618 1125; x_wconf 90' lang='lat' dir='ltr'>genitrice</span> <span class='ocrx_word' id='word_1_61' title='bbox 1649 1053 2054 1134; x_wconf 58' lang='lat' dir='ltr'>humaniores:</span> 
     </span>
    </p>
   </div>
   <div class='ocr_carea' id='block_1_12' title="bbox 403 1139 2058 1216">
    <p class='ocr_par' dir='ltr' id='par_1_12' title="bbox 403 1139 2058 1216">
     <span class='ocr_line' id='line_1_12' title="bbox 403 1139 2058 1216; baseline -0.003 -13"><span class='ocrx_word' id='word_1_62' title='bbox 403 1149 504 1204; x_wconf 90' lang='lat' dir='ltr'>Sin</span> <span class='ocrx_word' id='word_1_63' title='bbox 535 1147 914 1214; x_wconf 87' lang='lat' dir='ltr'>aversamini,</span> <span class='ocrx_word' id='word_1_64' title='bbox 943 1146 1090 1200; x_wconf 90' lang='lat' dir='ltr'>mihi</span> <span class='ocrx_word' id='word_1_65' title='bbox 1139 1144 1437 1216; x_wconf 90' lang='lat' dir='ltr'>reliquum</span> <span class='ocrx_word' id='word_1_66' title='bbox 1499 1144 1802 1200; x_wconf 80' lang='lat' dir='ltr'>dimittite.</span> <span class='ocrx_word' id='word_1_67' title='bbox 1838 1145 1940 1200; x_wconf 86' lang='lat' dir='ltr'>His</span> <span class='ocrx_word' id='word_1_68' title='bbox 1967 1139 2058 1199; x_wconf 72' lang='lat' dir='ltr'>illl</span> 
     </span>
    </p>
   </div>
   <div class='ocr_carea' id='block_1_13' title="bbox 397 1229 2054 1306">
    <p class='ocr_par' dir='ltr' id='par_1_13' title="bbox 397 1229 2054 1306">
     <span class='ocr_line' id='line_1_13' title="bbox 397 1229 2054 1306; baseline -0.002 -17"><span class='ocrx_word' id='word_1_69' title='bbox 397 1236 537 1291; x_wconf 87' lang='lat' dir='ltr'>visis</span> <span class='ocrx_word' id='word_1_70' title='bbox 559 1241 736 1306; x_wconf 90' lang='lat' dir='ltr'>atque</span> <span class='ocrx_word' id='word_1_71' title='bbox 765 1233 982 1289; x_wconf 82' lang='lat' dir='ltr'>auditis</span> <span class='ocrx_word' id='word_1_72' title='bbox 1006 1231 1356 1304; x_wconf 88' lang='lat' dir='ltr'>plangentes</span> <span class='ocrx_word' id='word_1_73' title='bbox 1378 1245 1545 1285; x_wconf 87' lang='lat' dir='ltr'>suam</span> <span class='ocrx_word' id='word_1_74' title='bbox 1569 1231 1820 1302; x_wconf 88' lang='lat' dir='ltr'>quisque</span> <span class='ocrx_word' id='word_1_75' title='bbox 1843 1229 2054 1286; x_wconf 77' lang='lat' dir='ltr'>faciem</span> 
     </span>
    </p>
   </div>
   <div class='ocr_carea' id='block_1_14' title="bbox 393 1318 2055 1392">
    <p class='ocr_par' dir='ltr' id='par_1_14' title="bbox 393 1318 2055 1392">
     <span class='ocr_line' id='line_1_14' title="bbox 393 1318 2055 1392; baseline -0.004 -10"><span class='ocrx_word' id='word_1_76' title='bbox 393 1331 454 1382; x_wconf 87' lang='lat' dir='ltr'>et</span> <span class='ocrx_word' id='word_1_77' title='bbox 483 1321 859 1380; x_wconf 90' lang='lat' dir='ltr'>tremebundi</span> <span class='ocrx_word' id='word_1_78' title='bbox 892 1322 1182 1377; x_wconf 83' lang='lat' dir='ltr'>exierunt.</span> <span class='ocrx_word' id='word_1_79' title='bbox 1245 1320 1341 1376; x_wconf 87' lang='lat' dir='ltr'>Sic</span> <span class='ocrx_word' id='word_1_80' title='bbox 1389 1318 1610 1386; x_wconf 86' lang='lat' dir='ltr'>infans,</span> <span class='ocrx_word' id='word_1_81' title='bbox 1643 1337 1712 1375; x_wconf 85' lang='lat' dir='ltr'>ex</span> <span class='ocrx_word' id='word_1_82' title='bbox 1745 1336 1860 1392; x_wconf 91' lang='lat' dir='ltr'>quo</span> <span class='ocrx_word' id='word_1_83' title='bbox 1893 1325 2055 1376; x_wconf 89' lang='lat' dir='ltr'>recte</span> 
     </span>
    </p>
   </div>
   <div class='ocr_carea' id='block_1_15' title="bbox 395 1409 2054 1481">
    <p class='ocr_par' dir='ltr' id='par_1_15' title="bbox 395 1409 2054 1481">
     <span class='ocr_line' id='line_1_15' title="bbox 395 1409 2054 1481; baseline -0.007 -8"><span class='ocrx_word' id='word_1_84' title='bbox 395 1417 640 1473; x_wconf 90' lang='lat' dir='ltr'>eductus</span> <span class='ocrx_word' id='word_1_85' title='bbox 669 1413 862 1470; x_wconf 82' lang='lat' dir='ltr'>fuerat</span> <span class='ocrx_word' id='word_1_86' title='bbox 887 1417 1109 1478; x_wconf 86' lang='lat' dir='ltr'>ventre,</span> <span class='ocrx_word' id='word_1_87' title='bbox 1135 1411 1196 1465; x_wconf 92' lang='lat' dir='ltr'>in</span> <span class='ocrx_word' id='word_1_88' title='bbox 1229 1409 1504 1465; x_wconf 88' lang='lat' dir='ltr'>eumdem</span> <span class='ocrx_word' id='word_1_89' title='bbox 1531 1426 1638 1481; x_wconf 90' lang='lat' dir='ltr'>per</span> <span class='ocrx_word' id='word_1_90' title='bbox 1662 1409 1830 1465; x_wconf 84' lang='lat' dir='ltr'>nefas</span> <span class='ocrx_word' id='word_1_91' title='bbox 1853 1409 2054 1465; x_wconf 88' lang='lat' dir='ltr'>rediit.</span> 
     </span>
    </p>
   </div>
   <div class='ocr_carea' id='block_1_16' title="bbox 394 1498 2056 1576">
    <p class='ocr_par' dir='ltr' id='par_1_16' title="bbox 394 1498 2056 1576">
     <span class='ocr_line' id='line_1_16' title="bbox 394 1498 2056 1576; baseline -0.004 -16"><span class='ocrx_word' id='word_1_92' title='bbox 394 1503 570 1560; x_wconf 80' lang='lat' dir='ltr'>Aliud</span> <span class='ocrx_word' id='word_1_93' title='bbox 593 1519 767 1576; x_wconf 90' lang='lat' dir='ltr'>porro</span> <span class='ocrx_word' id='word_1_94' title='bbox 791 1503 890 1556; x_wconf 76' lang='lat' dir='ltr'>irte</span> <span class='ocrx_word' id='word_1_95' title='bbox 915 1501 1016 1556; x_wconf 91' lang='lat' dir='ltr'>Dei</span> <span class='ocrx_word' id='word_1_96' title='bbox 1038 1499 1256 1555; x_wconf 73' lang='lat' dir='ltr'>Judznis</span> <span class='ocrx_word' id='word_1_97' title='bbox 1281 1498 1510 1554; x_wconf 60' lang='lat' dir='ltr'>infestas</span> <span class='ocrx_word' id='word_1_98' title='bbox 1537 1499 1772 1572; x_wconf 89' lang='lat' dir='ltr'>signum</span> <span class='ocrx_word' id='word_1_99' title='bbox 1791 1515 1985 1554; x_wconf 91' lang='lat' dir='ltr'>comm</span> <span class='ocrx_word' id='word_1_100' title='bbox 1998 1506 2056 1554; x_wconf 86' lang='lat' dir='ltr'>e&#39;</span> 
     </span>
    </p>
   </div>
   <div class='ocr_carea' id='block_1_17' title="bbox 393 1588 2056 1649">
    <p class='ocr_par' dir='ltr' id='par_1_17' title="bbox 393 1588 2056 1649">
     <span class='ocr_line' id='line_1_17' title="bbox 393 1588 2056 1649; baseline -0.003 0"><span class='ocrx_word' id='word_1_101' title='bbox 393 1597 679 1649; x_wconf 78' lang='lat' dir='ltr'>moratur.</span> <span class='ocrx_word' id='word_1_102' title='bbox 711 1593 854 1647; x_wconf 92' lang='lat' dir='ltr'>Cum</span> <span class='ocrx_word' id='word_1_103' title='bbox 887 1589 1046 1644; x_wconf 91' lang='lat' dir='ltr'>enim</span> <span class='ocrx_word' id='word_1_104' title='bbox 1103 1588 1178 1644; x_wconf 92' lang='lat' dir='ltr'>ad</span> <span class='ocrx_word' id='word_1_105' title='bbox 1237 1605 1441 1644; x_wconf 91' lang='lat' dir='ltr'>muros</span> <span class='ocrx_word' id='word_1_106' title='bbox 1492 1605 1728 1644; x_wconf 90' lang='lat' dir='ltr'>summa</span> <span class='ocrx_word' id='word_1_107' title='bbox 1755 1588 1810 1642; x_wconf 89' lang='lat' dir='ltr'>vi</span> <span class='ocrx_word' id='word_1_108' title='bbox 1843 1595 2056 1644; x_wconf 76' lang='lat' dir='ltr'>manus</span> 
     </span>
    </p>
   </div>
   <div class='ocr_carea' id='block_1_18' title="bbox 395 1677 2053 1746">
    <p class='ocr_par' dir='ltr' id='par_1_18' title="bbox 395 1677 2053 1746">
     <span class='ocr_line' id='line_1_18' title="bbox 395 1677 2053 1746; baseline -0.004 -6"><span class='ocrx_word' id='word_1_109' title='bbox 395 1687 874 1746; x_wconf 87' lang='lat' dir='ltr'>consererentur,</span> <span class='ocrx_word' id='word_1_110' title='bbox 905 1679 1100 1736; x_wconf 89' lang='lat' dir='ltr'>subito</span> <span class='ocrx_word' id='word_1_111' title='bbox 1159 1679 1315 1733; x_wconf 90' lang='lat' dir='ltr'>venti</span> <span class='ocrx_word' id='word_1_112' title='bbox 1375 1677 1547 1733; x_wconf 91' lang='lat' dir='ltr'>turbo</span> <span class='ocrx_word' id='word_1_113' title='bbox 1588 1679 1746 1733; x_wconf 92' lang='lat' dir='ltr'>inter</span> <span class='ocrx_word' id='word_1_114' title='bbox 1772 1677 2053 1734; x_wconf 88' lang='lat' dir='ltr'>adversas</span> 
     </span>
    </p>
   </div>
   <div class='ocr_carea' id='block_1_19' title="bbox 394 1766 2052 1840">
    <p class='ocr_par' dir='ltr' id='par_1_19' title="bbox 394 1766 2052 1840">
     <span class='ocr_line' id='line_1_19' title="bbox 394 1766 2052 1840; baseline -0.004 -12"><span class='ocrx_word' id='word_1_115' title='bbox 394 1773 552 1828; x_wconf 92' lang='lat' dir='ltr'>acies</span> <span class='ocrx_word' id='word_1_116' title='bbox 583 1769 814 1839; x_wconf 88' lang='lat' dir='ltr'>incidit,</span> <span class='ocrx_word' id='word_1_117' title='bbox 846 1769 946 1840; x_wconf 90' lang='lat' dir='ltr'>qui</span> <span class='ocrx_word' id='word_1_118' title='bbox 986 1785 1020 1824; x_wconf 92' lang='lat' dir='ltr'>a</span> <span class='ocrx_word' id='word_1_119' title='bbox 1051 1767 1334 1828; x_wconf 80' lang='lat' dir='ltr'>Romanis</span> <span class='ocrx_word' id='word_1_120' title='bbox 1393 1767 1576 1822; x_wconf 91' lang='lat' dir='ltr'>missa</span> <span class='ocrx_word' id='word_1_121' title='bbox 1633 1766 1752 1822; x_wconf 88' lang='lat' dir='ltr'>tela</span> <span class='ocrx_word' id='word_1_122' title='bbox 1796 1771 1959 1823; x_wconf 88' lang='lat' dir='ltr'>recta</span> <span class='ocrx_word' id='word_1_123' title='bbox 1988 1766 2052 1822; x_wconf 91' lang='lat' dir='ltr'>in</span> 
     </span>
    </p>
   </div>
   <div class='ocr_carea' id='block_1_20' title="bbox 2162 608 3809 688">
    <p class='ocr_par' dir='ltr' id='par_1_20' title="bbox 2162 608 3809 688">
     <span class='ocr_line' id='line_1_20' title="bbox 2162 608 3809 688; baseline -0.001 -26"><span class='ocrx_word' id='word_1_124' title='bbox 2162 608 2253 662; x_wconf 80' lang='grc' dir='ltr'>καὶ</span> <span class='ocrx_word' id='word_1_125' title='bbox 2283 609 2540 680; x_wconf 89' lang='grc' dir='ltr'>πλουσία,</span> <span class='ocrx_word' id='word_1_126' title='bbox 2570 610 2815 686; x_wconf 67' lang='grc' dir='ltr'>τοῦνομα</span> <span class='ocrx_word' id='word_1_127' title='bbox 2846 611 3050 688; x_wconf 82' lang='grc' dir='ltr'>Μαρία,</span> <span class='ocrx_word' id='word_1_128' title='bbox 3105 611 3166 667; x_wconf 90' lang='grc' dir='ltr'>ἐκ</span> <span class='ocrx_word' id='word_1_129' title='bbox 3211 616 3312 680; x_wconf 83' lang='grc' dir='ltr'>τῆς</span> <span class='ocrx_word' id='word_1_130' title='bbox 3358 612 3544 685; x_wconf 84' lang='grc' dir='ltr'>χώρας</span> <span class='ocrx_word' id='word_1_131' title='bbox 3574 629 3809 686; x_wconf 77' lang='grc' dir='ltr'>καταφυ-</span> 
     </span>
    </p>
   </div>
   <div class='ocr_carea' id='block_1_21' title="bbox 2162 697 3806 776">
    <p class='ocr_par' dir='ltr' id='par_1_21' title="bbox 2162 697 3806 776">
     <span class='ocr_line' id='line_1_21' title="bbox 2162 697 3806 776; baseline 0 -25"><span class='ocrx_word' id='word_1_132' title='bbox 2162 701 2332 773; x_wconf 75' lang='grc' dir='ltr'>γοῦσα</span> <span class='ocrx_word' id='word_1_133' title='bbox 2361 701 2496 776; x_wconf 88' lang='grc' dir='ltr'>πρὸς</span> <span class='ocrx_word' id='word_1_134' title='bbox 2525 703 2622 773; x_wconf 78' lang='grc' dir='ltr'>τήν</span> <span class='ocrx_word' id='word_1_135' title='bbox 2656 700 2843 766; x_wconf 86' lang='grc' dir='ltr'>πόλιν,</span> <span class='ocrx_word' id='word_1_136' title='bbox 2897 699 3087 770; x_wconf 85' lang='grc' dir='ltr'>ἐπειδή</span> <span class='ocrx_word' id='word_1_137' title='bbox 3136 700 3307 756; x_wconf 73' lang='grc' dir='ltr'>πὶσαν</span> <span class='ocrx_word' id='word_1_138' title='bbox 3363 698 3529 768; x_wconf 74' lang='grc' dir='ltr'>αὐτῆς</span> <span class='ocrx_word' id='word_1_139' title='bbox 3567 697 3668 752; x_wconf 76' lang='grc' dir='ltr'>ὑπὸ</span> <span class='ocrx_word' id='word_1_140' title='bbox 3697 701 3806 753; x_wconf 81' lang='grc' dir='ltr'>τῶν</span> 
     </span>
    </p>
   </div>
   <div class='ocr_carea' id='block_1_22' title="bbox 2165 787 3806 871">
    <p class='ocr_par' dir='ltr' id='par_1_22' title="bbox 2165 787 3806 871">
     <span class='ocr_line' id='line_1_22' title="bbox 2165 787 3806 871; baseline -0.016 -5"><span class='ocrx_word' id='word_1_141' title='bbox 2165 795 2497 846; x_wconf 61' lang='grc' dir='ltr'>στασιαστῶν</span> <span class='ocrx_word' id='word_1_142' title='bbox 2583 790 2826 871; x_wconf 65' lang='grc' dir='ltr'>ἇῬὨΡέθη</span> <span class='ocrx_word' id='word_1_143' title='bbox 2910 793 3009 862; x_wconf 72' lang='grc' dir='ltr'>τὴν</span> <span class='ocrx_word' id='word_1_144' title='bbox 3091 788 3424 865; x_wconf 76' lang='grc' dir='ltr'>περιουσίαν,</span> <span class='ocrx_word' id='word_1_145' title='bbox 3501 787 3806 859; x_wconf 80' lang='grc' dir='ltr'>ὓπομάζιον</span> 
     </span>
    </p>
   </div>
   <div class='ocr_carea' id='block_1_23' title="bbox 2166 870 3808 954">
    <p class='ocr_par' dir='ltr' id='par_1_23' title="bbox 2166 870 3808 954">
     <span class='ocr_line' id='line_1_23' title="bbox 2166 870 3808 954; baseline -0.001 -23"><span class='ocrx_word' id='word_1_146' title='bbox 2166 870 2374 954; x_wconf 70' lang='grc' dir='ltr'>ἔχουσα</span> <span class='ocrx_word' id='word_1_147' title='bbox 2428 870 2833 936; x_wconf 82' lang='grc' dir='ltr'>τέκνοντοῦτο</span> <span class='ocrx_word' id='word_1_148' title='bbox 2911 878 3186 945; x_wconf 70' lang='grc' dir='ltr'>καταθύει·</span> <span class='ocrx_word' id='word_1_149' title='bbox 3261 877 3352 938; x_wconf 65' lang='grc' dir='ltr'>καὶ</span> <span class='ocrx_word' id='word_1_150' title='bbox 3413 876 3694 948; x_wconf 75' lang='grc' dir='ltr'>ὀπτήσασα</span> <span class='ocrx_word' id='word_1_151' title='bbox 3746 875 3808 931; x_wconf 84' lang='grc' dir='ltr'>τὸ</span> 
     </span>
    </p>
   </div>
   <div class='ocr_carea' id='block_1_24' title="bbox 2164 963 3810 1045">
    <p class='ocr_par' dir='ltr' id='par_1_24' title="bbox 2164 963 3810 1045">
     <span class='ocr_line' id='line_1_24' title="bbox 2164 963 3810 1045; baseline -0.002 -24"><span class='ocrx_word' id='word_1_152' title='bbox 2164 964 2338 1038; x_wconf 77' lang='grc' dir='ltr'>ἥμισυ</span> <span class='ocrx_word' id='word_1_153' title='bbox 2371 967 2466 1041; x_wconf 76' lang='grc' dir='ltr'>μὶν</span> <span class='ocrx_word' id='word_1_154' title='bbox 2501 963 2687 1045; x_wconf 70' lang='grc' dir='ltr'>ἔφαγε,</span> <span class='ocrx_word' id='word_1_155' title='bbox 2740 969 2802 1024; x_wconf 79' lang='grc' dir='ltr'>τὸ</span> <span class='ocrx_word' id='word_1_156' title='bbox 2855 969 3028 1043; x_wconf 70' lang='grc' dir='ltr'>ἣμισυ</span> <span class='ocrx_word' id='word_1_157' title='bbox 3088 964 3146 1023; x_wconf 73' lang='grc' dir='ltr'>δὲ</span> <span class='ocrx_word' id='word_1_158' title='bbox 3199 963 3568 1039; x_wconf 77' lang='grc' dir='ltr'>καταλείψασα</span> <span class='ocrx_word' id='word_1_159' title='bbox 3606 963 3810 1040; x_wconf 86' lang='grc' dir='ltr'>ἐτήρει.</span> 
     </span>
    </p>
   </div>
   <div class='ocr_carea' id='block_1_25' title="bbox 2165 1051 3812 1132">
    <p class='ocr_par' dir='ltr' id='par_1_25' title="bbox 2165 1051 3812 1132">
     <span class='ocr_line' id='line_1_25' title="bbox 2165 1051 3812 1132; baseline -0.004 -18"><span class='ocrx_word' id='word_1_160' title='bbox 2165 1057 2232 1114; x_wconf 76' lang='grc' dir='ltr'>Οἱ</span> <span class='ocrx_word' id='word_1_161' title='bbox 2291 1053 2348 1111; x_wconf 75' lang='grc' dir='ltr'>δὲ</span> <span class='ocrx_word' id='word_1_162' title='bbox 2402 1061 2500 1123; x_wconf 79' lang='grc' dir='ltr'>τῆς</span> <span class='ocrx_word' id='word_1_163' title='bbox 2553 1059 2778 1130; x_wconf 86' lang='grc' dir='ltr'>κνίσσης</span> <span class='ocrx_word' id='word_1_164' title='bbox 2846 1057 3153 1132; x_wconf 74' lang='grc' dir='ltr'>αἰσθόμενοι</span> <span class='ocrx_word' id='word_1_165' title='bbox 3214 1056 3303 1112; x_wconf 87' lang='grc' dir='ltr'>καὶ</span> <span class='ocrx_word' id='word_1_166' title='bbox 3387 1051 3812 1125; x_wconf 74' lang='grc' dir='ltr'>εἰσπηδήσαντες</span> 
     </span>
    </p>
   </div>
   <div class='ocr_carea' id='block_1_26' title="bbox 2167 1139 3816 1223">
    <p class='ocr_par' dir='ltr' id='par_1_26' title="bbox 2167 1139 3816 1223">
     <span class='ocr_line' id='line_1_26' title="bbox 2167 1139 3816 1223; baseline -0.001 -23"><span class='ocrx_word' id='word_1_167' title='bbox 2167 1144 2373 1202; x_wconf 77' lang='grc' dir='ltr'>ἀνελεῖν</span> <span class='ocrx_word' id='word_1_168' title='bbox 2429 1146 2722 1217; x_wconf 76' lang='grc' dir='ltr'>ἠπείλουν,</span> <span class='ocrx_word' id='word_1_169' title='bbox 2782 1147 2833 1204; x_wconf 73' lang='grc' dir='ltr'>εἴ</span> <span class='ocrx_word' id='word_1_170' title='bbox 2891 1149 2968 1223; x_wconf 72' lang='grc' dir='ltr'>μὴ</span> <span class='ocrx_word' id='word_1_171' title='bbox 3029 1144 3310 1218; x_wconf 78' lang='grc' dir='ltr'>ἐπιδείξειε</span> <span class='ocrx_word' id='word_1_172' title='bbox 3354 1145 3416 1199; x_wconf 83' lang='grc' dir='ltr'>τὸ</span> <span class='ocrx_word' id='word_1_173' title='bbox 3449 1144 3630 1220; x_wconf 75' lang='grc' dir='ltr'>μέρος.</span> <span class='ocrx_word' id='word_1_174' title='bbox 3664 1143 3727 1200; x_wconf 84' lang='grc' dir='ltr'>Ἡ</span> <span class='ocrx_word' id='word_1_175' title='bbox 3759 1139 3816 1198; x_wconf 71' lang='grc' dir='ltr'>δέ</span> 
     </span>
    </p>
   </div>
   <div class='ocr_carea' id='block_1_27' title="bbox 2163 1226 3814 1312">
    <p class='ocr_par' dir='ltr' id='par_1_27' title="bbox 2163 1226 3814 1312">
     <span class='ocr_line' id='line_1_27' title="bbox 2163 1226 3814 1312; baseline -0.003 -22"><span class='ocrx_word' id='word_1_176' title='bbox 2163 1238 2262 1290; x_wconf 73' lang='grc' dir='ltr'>τοῦ</span> <span class='ocrx_word' id='word_1_177' title='bbox 2291 1233 2580 1311; x_wconf 78' lang='grc' dir='ltr'>παιδαρίου</span> <span class='ocrx_word' id='word_1_178' title='bbox 2600 1235 2668 1292; x_wconf 76' lang='grc' dir='ltr'>τὰ</span> <span class='ocrx_word' id='word_1_179' title='bbox 2689 1235 2916 1310; x_wconf 82' lang='grc' dir='ltr'>λείψανα</span> <span class='ocrx_word' id='word_1_180' title='bbox 2945 1238 3342 1312; x_wconf 79' lang='grc' dir='ltr'>προαγαγοῦσα,</span> <span class='ocrx_word' id='word_1_181' title='bbox 3365 1237 3560 1301; x_wconf 77' lang='grc' dir='ltr'>Τοῦτο,</span> <span class='ocrx_word' id='word_1_182' title='bbox 3596 1226 3723 1307; x_wconf 67' lang='grc' dir='ltr'>ἔφη,</span> <span class='ocrx_word' id='word_1_183' title='bbox 3753 1230 3814 1286; x_wconf 85' lang='grc' dir='ltr'>τὸ</span> 
     </span>
    </p>
   </div>
   <div class='ocr_carea' id='block_1_28' title="bbox 2165 1321 3819 1400">
    <p class='ocr_par' dir='ltr' id='par_1_28' title="bbox 2165 1321 3819 1400">
     <span class='ocr_line' id='line_1_28' title="bbox 2165 1321 3819 1400; baseline -0.002 -22"><span class='ocrx_word' id='word_1_184' title='bbox 2165 1324 2297 1398; x_wconf 72' lang='grc' dir='ltr'>ἐμόν</span> <span class='ocrx_word' id='word_1_185' title='bbox 2329 1345 2460 1380; x_wconf 90' lang='grc' dir='ltr'>ποτε</span> <span class='ocrx_word' id='word_1_186' title='bbox 2489 1327 2715 1400; x_wconf 86' lang='grc' dir='ltr'>γνήσιον</span> <span class='ocrx_word' id='word_1_187' title='bbox 2743 1325 2949 1397; x_wconf 78' lang='grc' dir='ltr'>τέκνον,</span> <span class='ocrx_word' id='word_1_188' title='bbox 3009 1328 3099 1379; x_wconf 79' lang='grc' dir='ltr'>νῦν</span> <span class='ocrx_word' id='word_1_189' title='bbox 3161 1321 3219 1379; x_wconf 70' lang='grc' dir='ltr'>δὲ</span> <span class='ocrx_word' id='word_1_190' title='bbox 3271 1321 3588 1392; x_wconf 75' lang='grc' dir='ltr'>πανάθλιον,</span> <span class='ocrx_word' id='word_1_191' title='bbox 3622 1321 3819 1399; x_wconf 70' lang='grc' dir='ltr'>φάγετε</span> 
     </span>
    </p>
   </div>
   <div class='ocr_carea' id='block_1_29' title="bbox 2163 1408 3816 1492">
    <p class='ocr_par' dir='ltr' id='par_1_29' title="bbox 2163 1408 3816 1492">
     <span class='ocr_line' id='line_1_29' title="bbox 2163 1408 3816 1492; baseline -0.003 -24"><span class='ocrx_word' id='word_1_192' title='bbox 2163 1413 2251 1468; x_wconf 75' lang='grc' dir='ltr'>καὶ</span> <span class='ocrx_word' id='word_1_193' title='bbox 2293 1414 2469 1487; x_wconf 82' lang='grc' dir='ltr'>ὑμεῖς,</span> <span class='ocrx_word' id='word_1_194' title='bbox 2501 1415 2586 1470; x_wconf 76' lang='grc' dir='ltr'>ὅτι</span> <span class='ocrx_word' id='word_1_195' title='bbox 2639 1415 2792 1490; x_wconf 83' lang='grc' dir='ltr'>κάγώ</span> <span class='ocrx_word' id='word_1_196' title='bbox 2834 1409 3108 1492; x_wconf 74' lang='grc' dir='ltr'>βέϐρωκα,</span> <span class='ocrx_word' id='word_1_197' title='bbox 3165 1412 3254 1468; x_wconf 77' lang='grc' dir='ltr'>καὶ</span> <span class='ocrx_word' id='word_1_198' title='bbox 3317 1413 3392 1487; x_wconf 79' lang='grc' dir='ltr'>μή</span> <span class='ocrx_word' id='word_1_199' title='bbox 3423 1412 3649 1487; x_wconf 78' lang='grc' dir='ltr'>γένησθε</span> <span class='ocrx_word' id='word_1_200' title='bbox 3677 1408 3816 1482; x_wconf 69' lang='grc' dir='ltr'>ἐμοῦ</span> 
     </span>
    </p>
   </div>
   <div class='ocr_carea' id='block_1_30' title="bbox 2162 1497 3814 1580">
    <p class='ocr_par' dir='ltr' id='par_1_30' title="bbox 2162 1497 3814 1580">
     <span class='ocr_line' id='line_1_30' title="bbox 2162 1497 3814 1580; baseline -0.007 -17"><span class='ocrx_word' id='word_1_201' title='bbox 2162 1509 2263 1573; x_wconf 85' lang='grc' dir='ltr'>τῆς</span> <span class='ocrx_word' id='word_1_202' title='bbox 2322 1502 2452 1558; x_wconf 71' lang='grc' dir='ltr'>αὐτὸ</span> <span class='ocrx_word' id='word_1_203' title='bbox 2507 1503 2912 1580; x_wconf 70' lang='grc' dir='ltr'>γεννησαμένης</span> <span class='ocrx_word' id='word_1_204' title='bbox 2969 1500 3420 1578; x_wconf 68' lang='grc' dir='ltr'>συμπαθέστεροι·</span> <span class='ocrx_word' id='word_1_205' title='bbox 3484 1500 3531 1555; x_wconf 81' lang='grc' dir='ltr'>εἰ</span> <span class='ocrx_word' id='word_1_206' title='bbox 3572 1497 3630 1554; x_wconf 76' lang='grc' dir='ltr'>δὲ</span> <span class='ocrx_word' id='word_1_207' title='bbox 3677 1499 3814 1553; x_wconf 75' lang='grc' dir='ltr'>ἀποο</span> 
     </span>
    </p>
   </div>
   <div class='ocr_carea' id='block_1_31' title="bbox 2163 1586 3814 1672">
    <p class='ocr_par' dir='ltr' id='par_1_31' title="bbox 2163 1586 3814 1672">
     <span class='ocr_line' id='line_1_31' title="bbox 2163 1586 3814 1672; baseline -0.003 -24"><span class='ocrx_word' id='word_1_208' title='bbox 2163 1593 2472 1672; x_wconf 78' lang='grc' dir='ltr'>στρέφεσθε,</span> <span class='ocrx_word' id='word_1_209' title='bbox 2501 1595 2564 1650; x_wconf 86' lang='grc' dir='ltr'>τὸ</span> <span class='ocrx_word' id='word_1_210' title='bbox 2596 1596 2793 1650; x_wconf 79' lang='grc' dir='ltr'>Λοιπὸν</span> <span class='ocrx_word' id='word_1_211' title='bbox 2847 1595 2972 1668; x_wconf 78' lang='grc' dir='ltr'>ἐμοὶ</span> <span class='ocrx_word' id='word_1_212' title='bbox 3028 1591 3408 1666; x_wconf 78' lang='grc' dir='ltr'>καταλείψατε.</span> <span class='ocrx_word' id='word_1_213' title='bbox 3443 1591 3514 1650; x_wconf 76' lang='grc' dir='ltr'>Οἱ</span> <span class='ocrx_word' id='word_1_214' title='bbox 3545 1587 3604 1644; x_wconf 67' lang='grc' dir='ltr'>δὲ</span> <span class='ocrx_word' id='word_1_215' title='bbox 3635 1586 3814 1650; x_wconf 73' lang='grc' dir='ltr'>οὕτως</span> 
     </span>
    </p>
   </div>
   <div class='ocr_carea' id='block_1_32' title="bbox 2163 1677 3815 1756">
    <p class='ocr_par' dir='ltr' id='par_1_32' title="bbox 2163 1677 3815 1756">
     <span class='ocr_line' id='line_1_32' title="bbox 2163 1677 3815 1756; baseline -0.003 -19"><span class='ocrx_word' id='word_1_216' title='bbox 2163 1679 2370 1748; x_wconf 83' lang='grc' dir='ltr'>ἰδόντες</span> <span class='ocrx_word' id='word_1_217' title='bbox 2395 1682 2486 1738; x_wconf 81' lang='grc' dir='ltr'>καὶ</span> <span class='ocrx_word' id='word_1_218' title='bbox 2521 1682 2868 1753; x_wconf 68' lang='grc' dir='ltr'>ἀκούσαντες,</span> <span class='ocrx_word' id='word_1_219' title='bbox 2927 1685 3022 1746; x_wconf 73' lang='grc' dir='ltr'>τὰς</span> <span class='ocrx_word' id='word_1_220' title='bbox 3079 1683 3260 1738; x_wconf 82' lang='grc' dir='ltr'>αὐτῶν</span> <span class='ocrx_word' id='word_1_221' title='bbox 3319 1677 3471 1756; x_wconf 70' lang='grc' dir='ltr'>ὄψεις</span> <span class='ocrx_word' id='word_1_222' title='bbox 3530 1679 3815 1754; x_wconf 73' lang='grc' dir='ltr'>τύψαντες,</span> 
     </span>
    </p>
   </div>
   <div class='ocr_carea' id='block_1_33' title="bbox 2161 1766 3818 1848">
    <p class='ocr_par' dir='ltr' id='par_1_33' title="bbox 2161 1766 3818 1848">
     <span class='ocr_line' id='line_1_33' title="bbox 2161 1766 3818 1848; baseline -0.003 -22"><span class='ocrx_word' id='word_1_223' title='bbox 2161 1771 2452 1848; x_wconf 77' lang='grc' dir='ltr'>τρέμοντες</span> <span class='ocrx_word' id='word_1_224' title='bbox 2481 1770 2732 1844; x_wconf 79' lang='grc' dir='ltr'>ἐξῆλθον.</span> <span class='ocrx_word' id='word_1_225' title='bbox 2767 1774 2927 1832; x_wconf 75' lang='grc' dir='ltr'>Οὕτω</span> <span class='ocrx_word' id='word_1_226' title='bbox 2972 1773 3035 1828; x_wconf 83' lang='grc' dir='ltr'>τὸ</span> <span class='ocrx_word' id='word_1_227' title='bbox 3085 1769 3270 1834; x_wconf 80' lang='grc' dir='ltr'>καλῶς</span> <span class='ocrx_word' id='word_1_228' title='bbox 3302 1769 3361 1826; x_wconf 92' lang='grc' dir='ltr'>ἐκ</span> <span class='ocrx_word' id='word_1_229' title='bbox 3413 1766 3630 1830; x_wconf 77' lang='grc' dir='ltr'>κοιλίας</span> <span class='ocrx_word' id='word_1_230' title='bbox 3659 1766 3818 1838; x_wconf 67' lang='grc' dir='ltr'>ὶξελ-</span> 
     </span>
    </p>
   </div>
   <div class='ocr_carea' id='block_1_34' title="bbox 391 1855 2055 1962">
    <p class='ocr_par' dir='ltr' id='par_1_34' title="bbox 391 1855 2053 1932">
     <span class='ocr_line' id='line_1_34' title="bbox 391 1855 2053 1932; baseline -0.003 -16"><span class='ocrx_word' id='word_1_231' title='bbox 391 1859 624 1916; x_wconf 70' lang='grc' dir='ltr'>Ιιιάωοε</span> <span class='ocrx_word' id='word_1_232' title='bbox 655 1859 956 1932; x_wconf 85' lang='lat' dir='ltr'>dirigeret,</span> <span class='ocrx_word' id='word_1_233' title='bbox 987 1857 1326 1914; x_wconf 76' lang='lat' dir='ltr'>Judmorum</span> <span class='ocrx_word' id='word_1_234' title='bbox 1384 1863 1584 1912; x_wconf 89' lang='lat' dir='ltr'>autem</span> <span class='ocrx_word' id='word_1_235' title='bbox 1644 1856 1760 1912; x_wconf 89' lang='lat' dir='ltr'>tela</span> <span class='ocrx_word' id='word_1_236' title='bbox 1811 1855 2053 1928; x_wconf 86' lang='lat' dir='ltr'>obliqua</span> 
     </span>
    </p>
   </div>
   <div class='ocr_carea' id='block_1_35' title="bbox 2169 1855 3824 1962">
    <p class='ocr_par' dir='ltr' id='par_1_35' title="bbox 2169 1857 3824 1937">
     <span class='ocr_line' id='line_1_35' title="bbox 2169 1857 3824 1937; baseline -0.002 -21"><span class='ocrx_word' id='word_1_237' title='bbox 2169 1861 2257 1924; x_wconf 87' lang='grc' dir='ltr'>θὸν</span> <span class='ocrx_word' id='word_1_238' title='bbox 2319 1861 2520 1937; x_wconf 73' lang='grc' dir='ltr'>βρέφος</span> <span class='ocrx_word' id='word_1_239' title='bbox 2581 1860 2657 1924; x_wconf 81' lang='grc' dir='ltr'>είς</span> <span class='ocrx_word' id='word_1_240' title='bbox 2709 1863 2810 1931; x_wconf 74' lang='grc' dir='ltr'>τήν</span> <span class='ocrx_word' id='word_1_241' title='bbox 2872 1860 3042 1931; x_wconf 79' lang='grc' dir='ltr'>αὐτὴν</span> <span class='ocrx_word' id='word_1_242' title='bbox 3097 1860 3261 1917; x_wconf 88' lang='grc' dir='ltr'>πάλιν</span> <span class='ocrx_word' id='word_1_243' title='bbox 3302 1863 3484 1921; x_wconf 82' lang='grc' dir='ltr'>κακῶς</span> <span class='ocrx_word' id='word_1_244' title='bbox 3520 1857 3824 1932; x_wconf 70' lang='grc' dir='ltr'>ὑπέστρεψε</span> 
     </span>
    </p>
   </div>
   <div class='ocr_carea' id='block_1_36' title="bbox 392 1945 2055 2027">
    <p class='ocr_par' dir='ltr' id='par_1_36' title="bbox 392 1945 2052 2020">
     <span class='ocr_line' id='line_1_36' title="bbox 392 1945 2052 2020; baseline -0.004 -12"><span class='ocrx_word' id='word_1_245' title='bbox 392 1954 718 2008; x_wconf 76' lang='lat' dir='ltr'>averteret:</span> <span class='ocrx_word' id='word_1_246' title='bbox 747 1949 947 2020; x_wconf 83' lang='lat' dir='ltr'>itaque</span> <span class='ocrx_word' id='word_1_247' title='bbox 978 1947 1226 2003; x_wconf 82' lang='lat' dir='ltr'>Romani</span> <span class='ocrx_word' id='word_1_248' title='bbox 1257 1946 1518 2002; x_wconf 90' lang='lat' dir='ltr'>hostium</span> <span class='ocrx_word' id='word_1_249' title='bbox 1551 1945 1757 2002; x_wconf 89' lang='lat' dir='ltr'>oculos</span> <span class='ocrx_word' id='word_1_250' title='bbox 1785 1945 2052 2002; x_wconf 86' lang='lat' dir='ltr'>videntes</span> 
     </span>
    </p>
   </div>
   <div class='ocr_carea' id='block_1_37' title="bbox 2169 1945 3822 2027">
    <p class='ocr_par' dir='ltr' id='par_1_37' title="bbox 2169 1947 3822 2027">
     <span class='ocr_line' id='line_1_37' title="bbox 2169 1947 3822 2027; baseline -0.002 -23"><span class='ocrx_word' id='word_1_251' title='bbox 2169 1949 2420 2027; x_wconf 87' lang='grc' dir='ltr'>γαστέρα.</span> <span class='ocrx_word' id='word_1_252' title='bbox 2453 1951 2554 2007; x_wconf 84' lang='grc' dir='ltr'>Καὶ</span> <span class='ocrx_word' id='word_1_253' title='bbox 2594 1954 2757 2008; x_wconf 82' lang='grc' dir='ltr'>τοῦτο</span> <span class='ocrx_word' id='word_1_254' title='bbox 2798 1947 2856 2007; x_wconf 73' lang='grc' dir='ltr'>δὲ</span> <span class='ocrx_word' id='word_1_255' title='bbox 2904 1957 3005 2021; x_wconf 77' lang='grc' dir='ltr'>τῆς</span> <span class='ocrx_word' id='word_1_256' title='bbox 3055 1949 3325 2022; x_wconf 84' lang='grc' dir='ltr'>θεηλάτου</span> <span class='ocrx_word' id='word_1_257' title='bbox 3385 1948 3559 2024; x_wconf 80' lang='grc' dir='ltr'>ὀργῆς</span> <span class='ocrx_word' id='word_1_258' title='bbox 3587 1952 3822 2021; x_wconf 83' lang='grc' dir='ltr'>σημεῖον</span> 
     </span>
    </p>
   </div>
   <div class='ocr_carea' id='block_1_38' title="bbox 393 2036 2055 2117">
    <p class='ocr_par' dir='ltr' id='par_1_38' title="bbox 393 2036 2052 2111">
     <span class='ocr_line' id='line_1_38' title="bbox 393 2036 2052 2111; baseline -0.002 -17"><span class='ocrx_word' id='word_1_259' title='bbox 393 2039 634 2095; x_wconf 80' lang='lat' dir='ltr'>turbine</span> <span class='ocrx_word' id='word_1_260' title='bbox 664 2037 1004 2111; x_wconf 81' lang='lat' dir='ltr'>perstringi,</span> <span class='ocrx_word' id='word_1_261' title='bbox 1033 2036 1184 2092; x_wconf 89' lang='lat' dir='ltr'>clam</span> <span class='ocrx_word' id='word_1_262' title='bbox 1218 2036 1292 2091; x_wconf 91' lang='lat' dir='ltr'>iis</span> <span class='ocrx_word' id='word_1_263' title='bbox 1349 2037 1412 2090; x_wconf 91' lang='lat' dir='ltr'>in</span> <span class='ocrx_word' id='word_1_264' title='bbox 1467 2051 1704 2092; x_wconf 89' lang='lat' dir='ltr'>murum</span> <span class='ocrx_word' id='word_1_265' title='bbox 1738 2041 2052 2092; x_wconf 87' lang='lat' dir='ltr'>evaserunt</span> 
     </span>
    </p>
   </div>
   <div class='ocr_carea' id='block_1_39' title="bbox 2169 2036 3828 2117">
    <p class='ocr_par' dir='ltr' id='par_1_39' title="bbox 2169 2037 3828 2117">
     <span class='ocr_line' id='line_1_39' title="bbox 2169 2037 3828 2117; baseline -0.001 -26"><span class='ocrx_word' id='word_1_266' title='bbox 2169 2037 2474 2113; x_wconf 77' lang='grc' dir='ltr'>ἱστόρηται.</span> <span class='ocrx_word' id='word_1_267' title='bbox 2517 2038 2621 2096; x_wconf 78' lang='grc' dir='ltr'>Καὶ</span> <span class='ocrx_word' id='word_1_268' title='bbox 2680 2039 2785 2117; x_wconf 77' lang='grc' dir='ltr'>γὰρ</span> <span class='ocrx_word' id='word_1_269' title='bbox 2839 2037 3092 2113; x_wconf 75' lang='grc' dir='ltr'>πολέμου</span> <span class='ocrx_word' id='word_1_270' title='bbox 3147 2037 3237 2095; x_wconf 78' lang='grc' dir='ltr'>ἐπὶ</span> <span class='ocrx_word' id='word_1_271' title='bbox 3295 2041 3364 2113; x_wconf 76' lang='grc' dir='ltr'>τῇ</span> <span class='ocrx_word' id='word_1_272' title='bbox 3422 2038 3664 2112; x_wconf 83' lang='grc' dir='ltr'>περιοχῇ</span> <span class='ocrx_word' id='word_1_273' title='bbox 3701 2055 3828 2109; x_wconf 62' lang='grc' dir='ltr'>σφο-</span> 
     </span>
    </p>
   </div>
   <div class='ocr_carea' id='block_1_40' title="bbox 394 2123 2055 2206">
    <p class='ocr_par' dir='ltr' id='par_1_40' title="bbox 394 2125 1446 2202">
     <span class='ocr_line' id='line_1_40' title="bbox 394 2125 1446 2202; baseline -0.003 -18"><span class='ocrx_word' id='word_1_274' title='bbox 394 2143 788 2202; x_wconf 81' lang='lat' dir='ltr'>magnamque</span> <span class='ocrx_word' id='word_1_275' title='bbox 822 2133 1078 2200; x_wconf 82' lang='lat' dir='ltr'>stragem</span> <span class='ocrx_word' id='word_1_276' title='bbox 1112 2125 1446 2182; x_wconf 84' lang='lat' dir='ltr'>ediderunt.</span> 
     </span>
    </p>
   </div>
   <div class='ocr_carea' id='block_1_41' title="bbox 2169 2123 3828 2206">
    <p class='ocr_par' dir='ltr' id='par_1_41' title="bbox 2169 2123 3828 2206">
     <span class='ocr_line' id='line_1_41' title="bbox 2169 2123 3828 2206; baseline -0.001 -25"><span class='ocrx_word' id='word_1_277' title='bbox 2169 2123 2304 2202; x_wconf 80' lang='grc' dir='ltr'>δρῶς</span> <span class='ocrx_word' id='word_1_278' title='bbox 2353 2125 2801 2206; x_wconf 75' lang='grc' dir='ltr'>συβρηγνυμένὸυ</span> <span class='ocrx_word' id='word_1_279' title='bbox 2858 2127 3078 2203; x_wconf 74' lang='grc' dir='ltr'>ἐξάπινα</span> <span class='ocrx_word' id='word_1_280' title='bbox 3133 2125 3342 2193; x_wconf 71' lang='grc' dir='ltr'>θύελλα</span> <span class='ocrx_word' id='word_1_281' title='bbox 3380 2123 3588 2205; x_wconf 78' lang='grc' dir='ltr'>σφόδρα</span> <span class='ocrx_word' id='word_1_282' title='bbox 3623 2125 3828 2202; x_wconf 57' lang='grc' dir='ltr'>μεταξο</span> 
     </span>
    </p>
   </div>
   <div class='ocr_carea' id='block_1_42' title="bbox 393 2212 3824 2296">
    <p class='ocr_par' dir='ltr' id='par_1_42' title="bbox 393 2212 3824 2296">
     <span class='ocr_line' id='line_1_42' title="bbox 393 2212 3824 2296; baseline -0.001 -26"><span class='ocrx_word' id='word_1_283' title='bbox 393 2219 502 2270; x_wconf 81' lang='grc' dir='ltr'>τῶν</span> <span class='ocrx_word' id='word_1_284' title='bbox 572 2213 673 2270; x_wconf 77' lang='grc' dir='ltr'>δύο</span> <span class='ocrx_word' id='word_1_285' title='bbox 743 2219 922 2290; x_wconf 77' lang='grc' dir='ltr'>μερῶν</span> <span class='ocrx_word' id='word_1_286' title='bbox 987 2217 1410 2288; x_wconf 78' lang='grc' dir='ltr'>παρεμπεσοῦσα</span> <span class='ocrx_word' id='word_1_287' title='bbox 1475 2212 1541 2268; x_wconf 75' lang='grc' dir='ltr'>τὰ</span> <span class='ocrx_word' id='word_1_288' title='bbox 1607 2213 1755 2288; x_wconf 72' lang='grc' dir='ltr'>παρὰ</span> <span class='ocrx_word' id='word_1_289' title='bbox 1816 2217 1922 2268; x_wconf 83' lang='grc' dir='ltr'>τῶν</span> <span class='ocrx_word' id='word_1_290' title='bbox 1991 2213 2276 2288; x_wconf 86' lang='grc' dir='ltr'>Ῥωμαίων</span> <span class='ocrx_word' id='word_1_291' title='bbox 2347 2215 2443 2290; x_wconf 75' lang='grc' dir='ltr'>μὶν</span> <span class='ocrx_word' id='word_1_292' title='bbox 2511 2216 2770 2296; x_wconf 76' lang='grc' dir='ltr'>ἀφιέμενα</span> <span class='ocrx_word' id='word_1_293' title='bbox 2825 2216 2963 2294; x_wconf 80' lang='grc' dir='ltr'>βέλη</span> <span class='ocrx_word' id='word_1_294' title='bbox 3021 2217 3304 2293; x_wconf 81' lang='grc' dir='ltr'>εὐστόχως</span> <span class='ocrx_word' id='word_1_295' title='bbox 3357 2215 3537 2280; x_wconf 82' lang='grc' dir='ltr'>ἲθυνεν</span> <span class='ocrx_word' id='word_1_296' title='bbox 3573 2212 3658 2270; x_wconf 88' lang='grc' dir='ltr'>ἐπ’</span> <span class='ocrx_word' id='word_1_297' title='bbox 3713 2214 3824 2268; x_wconf 82' lang='grc' dir='ltr'>αὗ-</span> 
     </span>
    </p>
   </div>
   <div class='ocr_carea' id='block_1_43' title="bbox 393 2307 3826 2392">
    <p class='ocr_par' dir='ltr' id='par_1_43' title="bbox 393 2307 3826 2392">
     <span class='ocr_line' id='line_1_43' title="bbox 393 2307 3826 2392; baseline -0 -24"><span class='ocrx_word' id='word_1_298' title='bbox 393 2312 546 2381; x_wconf 74' lang='grc' dir='ltr'>τοὺς,</span> <span class='ocrx_word' id='word_1_299' title='bbox 605 2314 671 2368; x_wconf 80' lang='grc' dir='ltr'>τὰ</span> <span class='ocrx_word' id='word_1_300' title='bbox 727 2312 872 2386; x_wconf 82' lang='grc' dir='ltr'>παρὰ</span> <span class='ocrx_word' id='word_1_301' title='bbox 931 2308 1206 2368; x_wconf 84' lang='grc' dir='ltr'>Ἰουδαίων</span> <span class='ocrx_word' id='word_1_302' title='bbox 1263 2307 1322 2365; x_wconf 76' lang='grc' dir='ltr'>δὶ</span> <span class='ocrx_word' id='word_1_303' title='bbox 1373 2311 1508 2385; x_wconf 88' lang='grc' dir='ltr'>πρὸς</span> <span class='ocrx_word' id='word_1_304' title='bbox 1567 2309 1760 2372; x_wconf 78' lang='grc' dir='ltr'>αὐτοὺς</span> <span class='ocrx_word' id='word_1_305' title='bbox 1819 2311 2148 2387; x_wconf 80' lang='grc' dir='ltr'>πεμπόμενα</span> <span class='ocrx_word' id='word_1_306' title='bbox 2203 2310 2410 2390; x_wconf 75' lang='grc' dir='ltr'>πλάγια</span> <span class='ocrx_word' id='word_1_307' title='bbox 2465 2316 2782 2392; x_wconf 70' lang='grc' dir='ltr'>παρέσυρεν.</span> <span class='ocrx_word' id='word_1_308' title='bbox 2841 2317 2994 2375; x_wconf 86' lang='grc' dir='ltr'>Ὅθεν</span> <span class='ocrx_word' id='word_1_309' title='bbox 3030 2317 3125 2378; x_wconf 75' lang='grc' dir='ltr'>τὰς</span> <span class='ocrx_word' id='word_1_310' title='bbox 3183 2313 3338 2391; x_wconf 72' lang='grc' dir='ltr'>ὄψεις</span> <span class='ocrx_word' id='word_1_311' title='bbox 3367 2313 3546 2371; x_wconf 76' lang='grc' dir='ltr'>αὐτῶν</span> <span class='ocrx_word' id='word_1_312' title='bbox 3581 2314 3637 2368; x_wconf 74' lang='grc' dir='ltr'>οἱ</span> <span class='ocrx_word' id='word_1_313' title='bbox 3665 2313 3826 2369; x_wconf 83' lang='grc' dir='ltr'>Ῥω·</span> 
     </span>
    </p>
   </div>
   <div class='ocr_carea' id='block_1_44' title="bbox 401 2399 3808 2478">
    <p class='ocr_par' dir='ltr' id='par_1_44' title="bbox 401 2399 3808 2478">
     <span class='ocr_line' id='line_1_44' title="bbox 401 2399 3808 2478; baseline 0 -22"><span class='ocrx_word' id='word_1_314' title='bbox 401 2407 556 2475; x_wconf 88' lang='grc' dir='ltr'>μαῖοι</span> <span class='ocrx_word' id='word_1_315' title='bbox 613 2399 674 2456; x_wconf 88' lang='grc' dir='ltr'>ἐκ</span> <span class='ocrx_word' id='word_1_316' title='bbox 727 2403 826 2469; x_wconf 74' lang='grc' dir='ltr'>τῆς</span> <span class='ocrx_word' id='word_1_317' title='bbox 887 2399 1125 2472; x_wconf 69' lang='grc' dir='ltr'>θυέλλης</span> <span class='ocrx_word' id='word_1_318' title='bbox 1189 2399 1609 2475; x_wconf 53' lang='grc' dir='ltr'>ἀμαυρουμὰαι·</span> <span class='ocrx_word' id='word_1_319' title='bbox 1687 2401 2003 2474; x_wconf 78' lang='grc' dir='ltr'>θεασάμενοι</span> <span class='ocrx_word' id='word_1_320' title='bbox 2087 2400 2360 2478; x_wconf 87' lang='grc' dir='ltr'>λαθραίως</span> <span class='ocrx_word' id='word_1_321' title='bbox 2429 2425 2490 2460; x_wconf 89' lang='grc' dir='ltr'>τε</span> <span class='ocrx_word' id='word_1_322' title='bbox 2564 2399 2906 2462; x_wconf 76' lang='grc' dir='ltr'>ἐπανέϐαινον</span> <span class='ocrx_word' id='word_1_323' title='bbox 2986 2404 3076 2462; x_wconf 81' lang='grc' dir='ltr'>καί</span> <span class='ocrx_word' id='word_1_324' title='bbox 3152 2405 3384 2466; x_wconf 79' lang='grc' dir='ltr'>ἐκτόνως</span> <span class='ocrx_word' id='word_1_325' title='bbox 3458 2401 3808 2460; x_wconf 79' lang='grc' dir='ltr'>κατέκτεινον</span> 
     </span>
    </p>
   </div>
   <div class='ocr_carea' id='block_1_45' title="bbox 397 2510 612 2552">
    <p class='ocr_par' dir='ltr' id='par_1_45' title="bbox 397 2510 612 2552">
     <span class='ocr_line' id='line_1_45' title="bbox 397 2510 612 2552; baseline -0.014 -6"><span class='ocrx_word' id='word_1_326' title='bbox 397 2510 612 2552; x_wconf 88' lang='grc' dir='ltr'>αυτους.</span> 
     </span>
    </p>
   </div>
   <div class='ocr_carea' id='block_1_46' title="bbox 462 2577 2044 2654">
    <p class='ocr_par' dir='ltr' id='par_1_46' title="bbox 462 2577 2044 2654">
     <span class='ocr_line' id='line_1_46' title="bbox 462 2577 2044 2654; baseline -0.001 -17"><span class='ocrx_word' id='word_1_327' title='bbox 462 2581 627 2637; x_wconf 89' lang='lat' dir='ltr'>Titus</span> <span class='ocrx_word' id='word_1_328' title='bbox 660 2579 1126 2653; x_wconf 82' lang='lat' dir='ltr'>Hierosolymam</span> <span class='ocrx_word' id='word_1_329' title='bbox 1150 2577 1415 2636; x_wconf 86' lang='lat' dir='ltr'>biennali</span> <span class='ocrx_word' id='word_1_330' title='bbox 1443 2580 1754 2638; x_wconf 84' lang='lat' dir='ltr'>obsidione</span> <span class='ocrx_word' id='word_1_331' title='bbox 1785 2583 1846 2638; x_wconf 90' lang='lat' dir='ltr'>in</span> <span class='ocrx_word' id='word_1_332' title='bbox 1878 2586 2044 2654; x_wconf 88' lang='lat' dir='ltr'>pote-</span> 
     </span>
    </p>
   </div>
   <div class='ocr_carea' id='block_1_47' title="bbox 395 2669 2048 2742">
    <p class='ocr_par' dir='ltr' id='par_1_47' title="bbox 395 2669 2048 2742">
     <span class='ocr_line' id='line_1_47' title="bbox 395 2669 2048 2742; baseline 0.001 -16"><span class='ocrx_word' id='word_1_333' title='bbox 395 2675 606 2726; x_wconf 88' lang='lat' dir='ltr'>statem</span> <span class='ocrx_word' id='word_1_334' title='bbox 630 2669 932 2725; x_wconf 85' lang='lat' dir='ltr'>redactam</span> <span class='ocrx_word' id='word_1_335' title='bbox 951 2685 1073 2725; x_wconf 87' lang='lat' dir='ltr'>una</span> <span class='ocrx_word' id='word_1_336' title='bbox 1093 2685 1227 2725; x_wconf 91' lang='lat' dir='ltr'>cum</span> <span class='ocrx_word' id='word_1_337' title='bbox 1258 2669 1477 2742; x_wconf 88' lang='lat' dir='ltr'>templo</span> <span class='ocrx_word' id='word_1_338' title='bbox 1501 2676 1685 2727; x_wconf 89' lang='lat' dir='ltr'>totam</span> <span class='ocrx_word' id='word_1_339' title='bbox 1706 2671 1766 2727; x_wconf 91' lang='lat' dir='ltr'>in</span> <span class='ocrx_word' id='word_1_340' title='bbox 1787 2671 2048 2728; x_wconf 87' lang='lat' dir='ltr'>favillam</span> 
     </span>
    </p>
   </div>
   <div class='ocr_carea' id='block_1_48' title="bbox 397 2757 2050 2834">
    <p class='ocr_par' dir='ltr' id='par_1_48' title="bbox 397 2757 2050 2834">
     <span class='ocr_line' id='line_1_48' title="bbox 397 2757 2050 2834; baseline 0.002 -19"><span class='ocrx_word' id='word_1_341' title='bbox 397 2759 656 2816; x_wconf 86' lang='lat' dir='ltr'>ﬂammis</span> <span class='ocrx_word' id='word_1_342' title='bbox 686 2757 931 2831; x_wconf 86' lang='lat' dir='ltr'>redegit.</span> <span class='ocrx_word' id='word_1_343' title='bbox 965 2759 1125 2816; x_wconf 89' lang='lat' dir='ltr'>Tunc</span> <span class='ocrx_word' id='word_1_344' title='bbox 1181 2757 1386 2831; x_wconf 86' lang='lat' dir='ltr'>utique</span> <span class='ocrx_word' id='word_1_345' title='bbox 1415 2760 1617 2816; x_wconf 91' lang='lat' dir='ltr'>unctio</span> <span class='ocrx_word' id='word_1_346' title='bbox 1663 2767 1721 2816; x_wconf 86' lang='lat' dir='ltr'>et</span> <span class='ocrx_word' id='word_1_347' title='bbox 1751 2761 2050 2834; x_wconf 90' lang='lat' dir='ltr'>judicium</span> 
     </span>
    </p>
   </div>
   <div class='ocr_carea' id='block_1_49' title="bbox 399 2847 2050 2922">
    <p class='ocr_par' dir='ltr' id='par_1_49' title="bbox 399 2847 2050 2922">
     <span class='ocr_line' id='line_1_49' title="bbox 399 2847 2050 2922; baseline 0.002 -19"><span class='ocrx_word' id='word_1_348' title='bbox 399 2847 624 2903; x_wconf 86' lang='lat' dir='ltr'>abolita</span> <span class='ocrx_word' id='word_1_349' title='bbox 653 2852 809 2915; x_wconf 92' lang='lat' dir='ltr'>sunt,</span> <span class='ocrx_word' id='word_1_350' title='bbox 843 2848 1203 2919; x_wconf 84' lang='lat' dir='ltr'>vastitasque</span> <span class='ocrx_word' id='word_1_351' title='bbox 1251 2847 1418 2904; x_wconf 86' lang='lat' dir='ltr'>urbis</span> <span class='ocrx_word' id='word_1_352' title='bbox 1462 2849 1729 2922; x_wconf 89' lang='lat' dir='ltr'>impleta,</span> <span class='ocrx_word' id='word_1_353' title='bbox 1763 2851 2050 2907; x_wconf 87' lang='lat' dir='ltr'>nimirum</span> 
     </span>
    </p>
   </div>
   <div class='ocr_carea' id='block_1_50' title="bbox 401 2937 2052 3010">
    <p class='ocr_par' dir='ltr' id='par_1_50' title="bbox 401 2937 2052 3010">
     <span class='ocr_line' id='line_1_50' title="bbox 401 2937 2052 3010; baseline 0.003 -18"><span class='ocrx_word' id='word_1_354' title='bbox 401 2937 698 2993; x_wconf 82' lang='lat' dir='ltr'>excidium</span> <span class='ocrx_word' id='word_1_355' title='bbox 725 2956 735 3000; x_wconf 84' lang='lat'>;</span> <span class='ocrx_word' id='word_1_356' title='bbox 771 2951 951 3010; x_wconf 84' lang='lat' dir='ltr'>quem</span> <span class='ocrx_word' id='word_1_357' title='bbox 979 2937 1165 2993; x_wconf 79' lang='lat' dir='ltr'>Judaei</span> <span class='ocrx_word' id='word_1_358' title='bbox 1217 2953 1338 2994; x_wconf 83' lang='lat' dir='ltr'>suae</span> <span class='ocrx_word' id='word_1_359' title='bbox 1369 2939 1762 2996; x_wconf 65' lang='lat' dir='ltr'>contumacia;</span> <span class='ocrx_word' id='word_1_360' title='bbox 1791 2940 2052 2997; x_wconf 80' lang='lat' dir='ltr'>fructum</span> 
     </span>
    </p>
   </div>
   <div class='ocr_carea' id='block_1_51' title="bbox 400 3025 2054 3102">
    <p class='ocr_par' dir='ltr' id='par_1_51' title="bbox 400 3025 2054 3102">
     <span class='ocr_line' id='line_1_51' title="bbox 400 3025 2054 3102; baseline 0.003 -20"><span class='ocrx_word' id='word_1_361' title='bbox 400 3031 706 3098; x_wconf 90' lang='lat' dir='ltr'>ceperunt.</span> <span class='ocrx_word' id='word_1_362' title='bbox 739 3025 889 3093; x_wconf 88' lang='lat' dir='ltr'>Quid</span> <span class='ocrx_word' id='word_1_363' title='bbox 919 3032 1119 3082; x_wconf 88' lang='lat' dir='ltr'>autem</span> <span class='ocrx_word' id='word_1_364' title='bbox 1174 3027 1390 3084; x_wconf 86' lang='lat' dir='ltr'>attinet</span> <span class='ocrx_word' id='word_1_365' title='bbox 1447 3044 1543 3084; x_wconf 91' lang='lat' dir='ltr'>me</span> <span class='ocrx_word' id='word_1_366' title='bbox 1577 3028 1614 3084; x_wconf 91' lang='lat' dir='ltr'><strong>h</strong></span> <span class='ocrx_word' id='word_1_367' title='bbox 1647 3029 1701 3084; x_wconf 93' lang='lat' dir='ltr'>ic</span> <span class='ocrx_word' id='word_1_368' title='bbox 1755 3029 2054 3102; x_wconf 84' lang='lat' dir='ltr'>prolixum</span> 
     </span>
    </p>
   </div>
   <div class='ocr_carea' id='block_1_52' title="bbox 397 3115 2051 3189">
    <p class='ocr_par' dir='ltr' id='par_1_52' title="bbox 397 3115 2051 3189">
     <span class='ocr_line' id='line_1_52' title="bbox 397 3115 2051 3189; baseline 0.002 -17"><span class='ocrx_word' id='word_1_369' title='bbox 397 3133 528 3172; x_wconf 85' lang='lat' dir='ltr'>esse</span> <span class='ocrx_word' id='word_1_370' title='bbox 543 3117 571 3172; x_wconf 87' lang='lat'><strong>?</strong></span> <span class='ocrx_word' id='word_1_371' title='bbox 587 3117 881 3189; x_wconf 85' lang='lat' dir='ltr'>Josephus</span> <span class='ocrx_word' id='word_1_372' title='bbox 897 3115 1155 3182; x_wconf 73' lang='lat' dir='ltr'>Judmus,</span> <span class='ocrx_word' id='word_1_373' title='bbox 1181 3116 1446 3173; x_wconf 87' lang='lat' dir='ltr'>veritatis</span> <span class='ocrx_word' id='word_1_374' title='bbox 1468 3117 2051 3188; x_wconf 86' lang='lat' dir='ltr'>observantissimus,</span> 
     </span>
    </p>
   </div>
   <div class='ocr_carea' id='block_1_53' title="bbox 398 3206 2054 3280">
    <p class='ocr_par' dir='ltr' id='par_1_53' title="bbox 398 3206 2054 3280">
     <span class='ocr_line' id='line_1_53' title="bbox 398 3206 2054 3280; baseline 0.002 -17"><span class='ocrx_word' id='word_1_375' title='bbox 398 3209 497 3280; x_wconf 91' lang='lat' dir='ltr'>qui</span> <span class='ocrx_word' id='word_1_376' title='bbox 530 3213 588 3262; x_wconf 91' lang='lat' dir='ltr'>et</span> <span class='ocrx_word' id='word_1_377' title='bbox 618 3207 774 3262; x_wconf 89' lang='lat' dir='ltr'>bello</span> <span class='ocrx_word' id='word_1_378' title='bbox 829 3211 888 3260; x_wconf 89' lang='lat' dir='ltr'>et</span> <span class='ocrx_word' id='word_1_379' title='bbox 936 3206 1165 3262; x_wconf 85' lang='lat' dir='ltr'>excidio</span> <span class='ocrx_word' id='word_1_380' title='bbox 1195 3207 1360 3262; x_wconf 89' lang='lat' dir='ltr'>urbis</span> <span class='ocrx_word' id='word_1_381' title='bbox 1418 3208 1704 3274; x_wconf 79' lang='lat' dir='ltr'>interfuit,</span> <span class='ocrx_word' id='word_1_382' title='bbox 1745 3209 2054 3266; x_wconf 84' lang='lat' dir='ltr'>historiam</span> 
     </span>
    </p>
   </div>
   <div class='ocr_carea' id='block_1_54' title="bbox 403 3295 2047 3373">
    <p class='ocr_par' dir='ltr' id='par_1_54' title="bbox 403 3295 2047 3373">
     <span class='ocr_line' id='line_1_54' title="bbox 403 3295 2047 3373; baseline 0.001 -21"><span class='ocrx_word' id='word_1_383' title='bbox 403 3297 534 3368; x_wconf 85' lang='lat' dir='ltr'>ejus</span> <span class='ocrx_word' id='word_1_384' title='bbox 558 3297 645 3350; x_wconf 90' lang='lat' dir='ltr'>rei</span> <span class='ocrx_word' id='word_1_385' title='bbox 675 3295 1008 3367; x_wconf 88' lang='lat' dir='ltr'>descripsit.</span> <span class='ocrx_word' id='word_1_386' title='bbox 1033 3297 1114 3350; x_wconf 90' lang='lat' dir='ltr'>Ea</span> <span class='ocrx_word' id='word_1_387' title='bbox 1136 3295 1290 3351; x_wconf 89' lang='lat' dir='ltr'>lecta</span> <span class='ocrx_word' id='word_1_388' title='bbox 1309 3313 1435 3352; x_wconf 88' lang='lat' dir='ltr'>rem</span> <span class='ocrx_word' id='word_1_389' title='bbox 1465 3297 1702 3369; x_wconf 89' lang='lat' dir='ltr'>planius</span> <span class='ocrx_word' id='word_1_390' title='bbox 1732 3299 2047 3373; x_wconf 83' lang='lat' dir='ltr'>intelliges.</span> 
     </span>
    </p>
   </div>
   <div class='ocr_carea' id='block_1_55' title="bbox 399 3383 2045 3445">
    <p class='ocr_par' dir='ltr' id='par_1_55' title="bbox 399 3383 2045 3445">
     <span class='ocr_line' id='line_1_55' title="bbox 399 3383 2045 3445; baseline 0.002 -3"><span class='ocrx_word' id='word_1_391' title='bbox 399 3387 454 3442; x_wconf 88' lang='lat' dir='ltr'>ls</span> <span class='ocrx_word' id='word_1_392' title='bbox 491 3390 584 3440; x_wconf 91' lang='lat' dir='ltr'>ter</span> <span class='ocrx_word' id='word_1_393' title='bbox 630 3383 851 3439; x_wconf 89' lang='lat' dir='ltr'>millies</span> <span class='ocrx_word' id='word_1_394' title='bbox 884 3383 1046 3438; x_wconf 88' lang='lat' dir='ltr'>mille</span> <span class='ocrx_word' id='word_1_395' title='bbox 1079 3389 1422 3440; x_wconf 86' lang='lat' dir='ltr'>numeratos</span> <span class='ocrx_word' id='word_1_396' title='bbox 1449 3384 1635 3442; x_wconf 86' lang='lat' dir='ltr'>fuisse</span> <span class='ocrx_word' id='word_1_397' title='bbox 1665 3393 1868 3444; x_wconf 86' lang='lat' dir='ltr'>narrat</span> <span class='ocrx_word' id='word_1_398' title='bbox 1898 3390 2045 3445; x_wconf 71' lang='lat'>871</span> 
     </span>
    </p>
   </div>
   <div class='ocr_carea' id='block_1_56' title="bbox 2230 2580 3823 2658">
    <p class='ocr_par' dir='ltr' id='par_1_56' title="bbox 2230 2580 3823 2658">
     <span class='ocr_line' id='line_1_56' title="bbox 2230 2580 3823 2658; baseline -0.002 -20"><span class='ocrx_word' id='word_1_399' title='bbox 2230 2583 2314 2655; x_wconf 85' lang='lat' dir='ltr'>[P.</span> <span class='ocrx_word' id='word_1_400' title='bbox 2350 2585 2480 2658; x_wconf 78' lang='grc'>215]</span> <span class='ocrx_word' id='word_1_401' title='bbox 2516 2584 2642 2642; x_wconf 82' lang='grc' dir='ltr'>Ἐπὶ</span> <span class='ocrx_word' id='word_1_402' title='bbox 2677 2581 2798 2640; x_wconf 82' lang='grc' dir='ltr'>δυσὶ</span> <span class='ocrx_word' id='word_1_403' title='bbox 2840 2581 2898 2640; x_wconf 69' lang='grc' dir='ltr'>δὲ</span> <span class='ocrx_word' id='word_1_404' title='bbox 2944 2580 3114 2640; x_wconf 84' lang='grc' dir='ltr'>ἔτεσιν</span> <span class='ocrx_word' id='word_1_405' title='bbox 3179 2584 3206 2640; x_wconf 87' lang='grc' dir='ltr'>ὁ</span> <span class='ocrx_word' id='word_1_406' title='bbox 3261 2587 3421 2646; x_wconf 87' lang='grc' dir='ltr'>Τῖτος</span> <span class='ocrx_word' id='word_1_407' title='bbox 3474 2582 3574 2650; x_wconf 76' lang='grc' dir='ltr'>τήν</span> <span class='ocrx_word' id='word_1_408' title='bbox 3604 2583 3823 2656; x_wconf 75' lang='grc' dir='ltr'>’Ἰερου-</span> 
     </span>
    </p>
   </div>
   <div class='ocr_carea' id='block_1_57' title="bbox 2157 2667 3818 2746">
    <p class='ocr_par' dir='ltr' id='par_1_57' title="bbox 2157 2667 3818 2746">
     <span class='ocr_line' id='line_1_57' title="bbox 2157 2667 3818 2746; baseline 0.001 -23"><span class='ocrx_word' id='word_1_409' title='bbox 2157 2667 2298 2739; x_wconf 86' lang='grc' dir='ltr'>σαλή</span> <span class='ocrx_word' id='word_1_410' title='bbox 2309 2691 2350 2743; x_wconf 91' lang='grc' dir='ltr'>μ</span> <span class='ocrx_word' id='word_1_411' title='bbox 2377 2667 2712 2746; x_wconf 77' lang='grc' dir='ltr'>παραλαϐὼν</span> <span class='ocrx_word' id='word_1_412' title='bbox 2743 2676 2915 2728; x_wconf 83' lang='grc' dir='ltr'>πᾶσαν</span> <span class='ocrx_word' id='word_1_413' title='bbox 2947 2673 3118 2742; x_wconf 81' lang='grc' dir='ltr'>αὐτὴν</span> <span class='ocrx_word' id='word_1_414' title='bbox 3169 2672 3259 2728; x_wconf 84' lang='grc' dir='ltr'>καὶ</span> <span class='ocrx_word' id='word_1_415' title='bbox 3302 2671 3394 2728; x_wconf 87' lang='grc' dir='ltr'>τὸν</span> <span class='ocrx_word' id='word_1_416' title='bbox 3437 2669 3491 2726; x_wconf 84' lang='grc' dir='ltr'>ἐν</span> <span class='ocrx_word' id='word_1_417' title='bbox 3523 2668 3662 2742; x_wconf 78' lang='grc' dir='ltr'>αὐτῇ</span> <span class='ocrx_word' id='word_1_418' title='bbox 3695 2670 3818 2726; x_wconf 82' lang='grc' dir='ltr'>ναὸν</span> 
     </span>
    </p>
   </div>
   <div class='ocr_carea' id='block_1_58' title="bbox 2156 2756 3814 2837">
    <p class='ocr_par' dir='ltr' id='par_1_58' title="bbox 2156 2756 3814 2837">
     <span class='ocr_line' id='line_1_58' title="bbox 2156 2756 3814 2837; baseline -0.001 -23"><span class='ocrx_word' id='word_1_419' title='bbox 2156 2757 2543 2834; x_wconf 76' lang='grc' dir='ltr'>κατῃθάλωσεν</span> <span class='ocrx_word' id='word_1_420' title='bbox 2603 2759 2655 2816; x_wconf 85' lang='grc' dir='ltr'>ἐν</span> <span class='ocrx_word' id='word_1_421' title='bbox 2713 2761 2864 2837; x_wconf 86' lang='grc' dir='ltr'>πυρί.</span> <span class='ocrx_word' id='word_1_422' title='bbox 2947 2762 3090 2820; x_wconf 87' lang='grc' dir='ltr'>Τότε</span> <span class='ocrx_word' id='word_1_423' title='bbox 3153 2761 3378 2832; x_wconf 72' lang='grc' dir='ltr'>ἀληθῶς</span> <span class='ocrx_word' id='word_1_424' title='bbox 3436 2756 3814 2833; x_wconf 76' lang='grc' dir='ltr'>ἐξωλοθρεόθη</span> 
     </span>
    </p>
   </div>
   <div class='ocr_carea' id='block_1_59' title="bbox 2158 2847 3816 2925">
    <p class='ocr_par' dir='ltr' id='par_1_59' title="bbox 2158 2847 3816 2925">
     <span class='ocr_line' id='line_1_59' title="bbox 2158 2847 3816 2925; baseline 0 -23"><span class='ocrx_word' id='word_1_425' title='bbox 2158 2847 2388 2923; x_wconf 77' lang='grc' dir='ltr'>χρίσμα,</span> <span class='ocrx_word' id='word_1_426' title='bbox 2447 2849 2538 2906; x_wconf 85' lang='grc' dir='ltr'>καὶ</span> <span class='ocrx_word' id='word_1_427' title='bbox 2595 2855 2790 2925; x_wconf 84' lang='grc' dir='ltr'>κρῖμα,</span> <span class='ocrx_word' id='word_1_428' title='bbox 2845 2851 2936 2906; x_wconf 86' lang='grc' dir='ltr'>καὶ</span> <span class='ocrx_word' id='word_1_429' title='bbox 2992 2849 3044 2906; x_wconf 81' lang='grc' dir='ltr'>ἐν</span> <span class='ocrx_word' id='word_1_430' title='bbox 3105 2847 3387 2920; x_wconf 83' lang='grc' dir='ltr'>συντελείᾳ</span> <span class='ocrx_word' id='word_1_431' title='bbox 3436 2851 3472 2918; x_wconf 85' lang='grc' dir='ltr'>ἡ</span> <span class='ocrx_word' id='word_1_432' title='bbox 3529 2847 3816 2922; x_wconf 75' lang='grc' dir='ltr'>ἐρήμωσις</span> 
     </span>
    </p>
   </div>
   <div class='ocr_carea' id='block_1_60' title="bbox 2158 2932 3806 3010">
    <p class='ocr_par' dir='ltr' id='par_1_60' title="bbox 2158 2932 3806 3010">
     <span class='ocr_line' id='line_1_60' title="bbox 2158 2932 3806 3010; baseline -0.001 -20"><span class='ocrx_word' id='word_1_433' title='bbox 2158 2935 2332 3006; x_wconf 79' lang='grc' dir='ltr'>αὐτῆς</span> <span class='ocrx_word' id='word_1_434' title='bbox 2361 2932 2550 3008; x_wconf 80' lang='grc' dir='ltr'>ἐδόθη,</span> <span class='ocrx_word' id='word_1_435' title='bbox 2580 2936 2827 2994; x_wconf 81' lang='grc' dir='ltr'>τουτέστι</span> <span class='ocrx_word' id='word_1_436' title='bbox 2873 2935 3364 3010; x_wconf 83' lang='grc' dir='ltr'>συντετελεσμένην</span> <span class='ocrx_word' id='word_1_437' title='bbox 3398 2933 3670 2990; x_wconf 74' lang='grc' dir='ltr'>ἀπώλειαν</span> <span class='ocrx_word' id='word_1_438' title='bbox 3722 2935 3806 2989; x_wconf 74' lang='grc' dir='ltr'>καί</span> 
     </span>
    </p>
   </div>
   <div class='ocr_carea' id='block_1_61' title="bbox 2159 3022 3803 3102">
    <p class='ocr_par' dir='ltr' id='par_1_61' title="bbox 2159 3022 3803 3102">
     <span class='ocr_line' id='line_1_61' title="bbox 2159 3022 3803 3102; baseline -0.002 -22"><span class='ocrx_word' id='word_1_439' title='bbox 2159 3022 2539 3100; x_wconf 79' lang='grc' dir='ltr'>πληρεστάτην</span> <span class='ocrx_word' id='word_1_440' title='bbox 2604 3025 2883 3102; x_wconf 88' lang='grc' dir='ltr'>ἐρήμωσιν</span> <span class='ocrx_word' id='word_1_441' title='bbox 2933 3029 3032 3098; x_wconf 79' lang='grc' dir='ltr'>τῆς</span> <span class='ocrx_word' id='word_1_442' title='bbox 3091 3024 3368 3090; x_wconf 84' lang='grc' dir='ltr'>ἀπειθείας</span> <span class='ocrx_word' id='word_1_443' title='bbox 3438 3023 3610 3080; x_wconf 82' lang='grc' dir='ltr'>αὐτῶν</span> <span class='ocrx_word' id='word_1_444' title='bbox 3656 3022 3803 3096; x_wconf 75' lang='grc' dir='ltr'>ἐτρό-</span> 
     </span>
    </p>
   </div>
   <div class='ocr_carea' id='block_1_62' title="bbox 2159 3111 3809 3192">
    <p class='ocr_par' dir='ltr' id='par_1_62' title="bbox 2159 3111 3809 3192">
     <span class='ocr_line' id='line_1_62' title="bbox 2159 3111 3809 3192; baseline 0.002 -24"><span class='ocrx_word' id='word_1_445' title='bbox 2159 3133 2329 3192; x_wconf 81' lang='grc' dir='ltr'>γησαν</span> <span class='ocrx_word' id='word_1_446' title='bbox 2373 3113 2599 3190; x_wconf 91' lang='grc' dir='ltr'>καρπόν.</span> <span class='ocrx_word' id='word_1_447' title='bbox 2660 3115 2762 3173; x_wconf 79' lang='grc' dir='ltr'>Καὶ</span> <span class='ocrx_word' id='word_1_448' title='bbox 2799 3115 2854 3171; x_wconf 90' lang='grc' dir='ltr'>τί</span> <span class='ocrx_word' id='word_1_449' title='bbox 2887 3136 2983 3189; x_wconf 88' lang='grc' dir='ltr'>μοι</span> <span class='ocrx_word' id='word_1_450' title='bbox 3039 3115 3105 3172; x_wconf 84' lang='grc' dir='ltr'>τὰ</span> <span class='ocrx_word' id='word_1_451' title='bbox 3135 3111 3322 3170; x_wconf 83' lang='grc' dir='ltr'>πολλὰ</span> <span class='ocrx_word' id='word_1_452' title='bbox 3363 3113 3546 3188; x_wconf 74' lang='grc' dir='ltr'>λέγειν</span> <span class='ocrx_word' id='word_1_453' title='bbox 3575 3133 3590 3182; x_wconf 89' lang='lat'><strong>;</strong></span> <span class='ocrx_word' id='word_1_454' title='bbox 3623 3111 3809 3182; x_wconf 76' lang='grc' dir='ltr'>Ἰώση-</span> 
     </span>
    </p>
   </div>
   <div class='ocr_carea' id='block_1_63' title="bbox 2161 3200 3816 3284">
    <p class='ocr_par' dir='ltr' id='par_1_63' title="bbox 2161 3200 3816 3284">
     <span class='ocr_line' id='line_1_63' title="bbox 2161 3200 3816 3284; baseline -0.002 -27"><span class='ocrx_word' id='word_1_455' title='bbox 2161 3222 2265 3264; x_wconf 91' lang='grc' dir='ltr'>πος</span> <span class='ocrx_word' id='word_1_456' title='bbox 2319 3203 2348 3258; x_wconf 85' lang='grc' dir='ltr'>ό</span> <span class='ocrx_word' id='word_1_457' title='bbox 2403 3201 2629 3277; x_wconf 88' lang='grc' dir='ltr'>ἐκεῖνος,</span> <span class='ocrx_word' id='word_1_458' title='bbox 2687 3201 3006 3284; x_wconf 75' lang='grc' dir='ltr'>φιλαλήθης</span> <span class='ocrx_word' id='word_1_459' title='bbox 3063 3203 3139 3260; x_wconf 82' lang='grc' dir='ltr'>ὤν</span> <span class='ocrx_word' id='word_1_460' title='bbox 3179 3204 3386 3279; x_wconf 77' lang='grc' dir='ltr'>ἱστορεῖ</span> <span class='ocrx_word' id='word_1_461' title='bbox 3445 3202 3568 3278; x_wconf 84' lang='grc' dir='ltr'>περῖ</span> <span class='ocrx_word' id='word_1_462' title='bbox 3622 3200 3816 3257; x_wconf 64' lang='grc' dir='ltr'>τούτου</span> 
     </span>
    </p>
   </div>
   <div class='ocr_carea' id='block_1_64' title="bbox 2160 3288 3820 3368">
    <p class='ocr_par' dir='ltr' id='par_1_64' title="bbox 2160 3288 3820 3368">
     <span class='ocr_line' id='line_1_64' title="bbox 2160 3288 3820 3368; baseline -0.002 -22"><span class='ocrx_word' id='word_1_463' title='bbox 2160 3296 2241 3365; x_wconf 81' lang='grc' dir='ltr'>τῷ</span> <span class='ocrx_word' id='word_1_464' title='bbox 2271 3311 2328 3347; x_wconf 88' lang='grc' dir='ltr'>τε</span> <span class='ocrx_word' id='word_1_465' title='bbox 2358 3288 2592 3367; x_wconf 83' lang='grc' dir='ltr'>πολέμῳ</span> <span class='ocrx_word' id='word_1_466' title='bbox 2648 3292 2739 3348; x_wconf 84' lang='grc' dir='ltr'>καὶ</span> <span class='ocrx_word' id='word_1_467' title='bbox 2794 3296 2863 3368; x_wconf 78' lang='grc' dir='ltr'>τῇ</span> <span class='ocrx_word' id='word_1_468' title='bbox 2921 3294 3124 3348; x_wconf 69' lang='grc' dir='ltr'>ἁλώσει</span> <span class='ocrx_word' id='word_1_469' title='bbox 3181 3289 3355 3348; x_wconf 75' lang='grc' dir='ltr'>ἐκεῖσε</span> <span class='ocrx_word' id='word_1_470' title='bbox 3399 3291 3593 3347; x_wconf 89' lang='grc' dir='ltr'>συνών.</span> <span class='ocrx_word' id='word_1_471' title='bbox 3627 3292 3820 3362; x_wconf 81' lang='grc' dir='ltr'>Τούτῳ</span> 
     </span>
    </p>
   </div>
   <div class='ocr_carea' id='block_1_65' title="bbox 2161 3377 3820 3460">
    <p class='ocr_par' dir='ltr' id='par_1_65' title="bbox 2161 3377 3820 3460">
     <span class='ocr_line' id='line_1_65' title="bbox 2161 3377 3820 3460; baseline -0.002 -24"><span class='ocrx_word' id='word_1_472' title='bbox 2161 3401 2242 3444; x_wconf 86' lang='grc' dir='ltr'>τις</span> <span class='ocrx_word' id='word_1_473' title='bbox 2304 3379 2548 3456; x_wconf 87' lang='grc' dir='ltr'>ἐντυχὼν</span> <span class='ocrx_word' id='word_1_474' title='bbox 2615 3381 2813 3438; x_wconf 76' lang='grc' dir='ltr'>εἳσεται</span> <span class='ocrx_word' id='word_1_475' title='bbox 2874 3381 3220 3460; x_wconf 75' lang='grc' dir='ltr'>σαφέστερον.</span> <span class='ocrx_word' id='word_1_476' title='bbox 3259 3382 3358 3442; x_wconf 69' lang='lat' dir='ltr'>&quot;Oc</span> <span class='ocrx_word' id='word_1_477' title='bbox 3415 3380 3507 3436; x_wconf 87' lang='grc' dir='ltr'>τὸν</span> <span class='ocrx_word' id='word_1_478' title='bbox 3557 3381 3656 3454; x_wconf 74' lang='grc' dir='ltr'>μὲν</span> <span class='ocrx_word' id='word_1_479' title='bbox 3689 3377 3820 3434; x_wconf 88' lang='grc' dir='ltr'>λαὸν</span> 
     </span>
    </p>
   </div>
   <div class='ocr_carea' id='block_1_66' title="bbox 399 3467 2055 3560">
    <p class='ocr_par' dir='ltr' id='par_1_66' title="bbox 399 3471 2051 3547">
     <span class='ocr_line' id='line_1_66' title="bbox 399 3471 2051 3547; baseline 0.003 -17"><span class='ocrx_word' id='word_1_480' title='bbox 399 3490 535 3530; x_wconf 91' lang='lat' dir='ltr'>cum</span> <span class='ocrx_word' id='word_1_481' title='bbox 564 3471 848 3528; x_wconf 78' lang='lat' dir='ltr'>uxoribus</span> <span class='ocrx_word' id='word_1_482' title='bbox 875 3477 936 3528; x_wconf 84' lang='lat' dir='ltr'>et</span> <span class='ocrx_word' id='word_1_483' title='bbox 964 3471 1188 3528; x_wconf 87' lang='lat' dir='ltr'>liberis.</span> <span class='ocrx_word' id='word_1_484' title='bbox 1211 3473 1465 3529; x_wconf 89' lang='lat' dir='ltr'>Periisse</span> <span class='ocrx_word' id='word_1_485' title='bbox 1489 3480 1686 3531; x_wconf 90' lang='lat' dir='ltr'>autem</span> <span class='ocrx_word' id='word_1_486' title='bbox 1707 3476 2051 3547; x_wconf 88' lang='lat' dir='ltr'>fame,bello</span> 
     </span>
    </p>
   </div>
   <div class='ocr_carea' id='block_1_67' title="bbox 2169 3467 3820 3560">
    <p class='ocr_par' dir='ltr' id='par_1_67' title="bbox 2169 3467 3820 3560">
     <span class='ocr_line' id='line_1_67' title="bbox 2169 3467 3820 3560; baseline -0.001 -36"><span class='ocrx_word' id='word_1_487' title='bbox 2169 3467 2241 3534; x_wconf 81' lang='grc' dir='ltr'>είς</span> <span class='ocrx_word' id='word_1_488' title='bbox 2303 3469 2612 3544; x_wconf 83' lang='grc' dir='ltr'>τριακοσίας</span> <span class='ocrx_word' id='word_1_489' title='bbox 2673 3468 2938 3548; x_wconf 82' lang='grc' dir='ltr'>μυριάδας</span> <span class='ocrx_word' id='word_1_490' title='bbox 2986 3468 3325 3544; x_wconf 80' lang='grc' dir='ltr'>ἠριθμῆσθαί</span> <span class='ocrx_word' id='word_1_491' title='bbox 3381 3490 3516 3544; x_wconf 85' lang='grc' dir='ltr'>φησι</span> <span class='ocrx_word' id='word_1_492' title='bbox 3570 3467 3664 3523; x_wconf 76' lang='grc' dir='ltr'>σὺν</span> <span class='ocrx_word' id='word_1_493' title='bbox 3727 3490 3820 3560; x_wconf 76' lang='grc' dir='ltr'>νη-</span> 
     </span>
    </p>
   </div>
   <div class='ocr_carea' id='block_1_68' title="bbox 402 3554 2055 3637">
    <p class='ocr_par' dir='ltr' id='par_1_68' title="bbox 402 3561 2055 3633">
     <span class='ocr_line' id='line_1_68' title="bbox 402 3561 2055 3633; baseline 0.006 -15"><span class='ocrx_word' id='word_1_494' title='bbox 402 3562 708 3630; x_wconf 85' lang='lat' dir='ltr'>intestino,</span> <span class='ocrx_word' id='word_1_495' title='bbox 741 3567 799 3617; x_wconf 91' lang='lat' dir='ltr'>et</span> <span class='ocrx_word' id='word_1_496' title='bbox 825 3561 885 3616; x_wconf 92' lang='lat' dir='ltr'>in</span> <span class='ocrx_word' id='word_1_497' title='bbox 917 3561 1209 3617; x_wconf 89' lang='lat' dir='ltr'>cuniculis</span> <span class='ocrx_word' id='word_1_498' title='bbox 1239 3561 1302 3617; x_wconf 92' lang='lat' dir='ltr'>in</span> <span class='ocrx_word' id='word_1_499' title='bbox 1333 3579 1482 3633; x_wconf 89' lang='lat' dir='ltr'>quos</span> <span class='ocrx_word' id='word_1_500' title='bbox 1514 3579 1643 3621; x_wconf 87' lang='lat' dir='ltr'>sese</span> <span class='ocrx_word' id='word_1_501' title='bbox 1674 3566 1830 3624; x_wconf 88' lang='lat' dir='ltr'>ultro</span> <span class='ocrx_word' id='word_1_502' title='bbox 1862 3569 2055 3628; x_wconf 90' lang='lat' dir='ltr'>inclu-</span> 
     </span>
    </p>
   </div>
   <div class='ocr_carea' id='block_1_69' title="bbox 2169 3554 3820 3637">
    <p class='ocr_par' dir='ltr' id='par_1_69' title="bbox 2169 3554 3820 3637">
     <span class='ocr_line' id='line_1_69' title="bbox 2169 3554 3820 3637; baseline -0.001 -23"><span class='ocrx_word' id='word_1_503' title='bbox 2169 3558 2312 3622; x_wconf 86' lang='grc' dir='ltr'>πίοις</span> <span class='ocrx_word' id='word_1_504' title='bbox 2341 3561 2430 3616; x_wconf 85' lang='grc' dir='ltr'>καὶ</span> <span class='ocrx_word' id='word_1_505' title='bbox 2460 3561 2720 3637; x_wconf 75' lang='grc' dir='ltr'>γυναιξὶν,</span> <span class='ocrx_word' id='word_1_506' title='bbox 2779 3557 2977 3635; x_wconf 78' lang='grc' dir='ltr'>ἄνδρας</span> <span class='ocrx_word' id='word_1_507' title='bbox 3035 3557 3094 3614; x_wconf 74' lang='grc' dir='ltr'>δὲ</span> <span class='ocrx_word' id='word_1_508' title='bbox 3148 3557 3334 3614; x_wconf 86' lang='grc' dir='ltr'>ἐκατὸν</span> <span class='ocrx_word' id='word_1_509' title='bbox 3387 3555 3514 3614; x_wconf 81' lang='grc' dir='ltr'>δέκα</span> <span class='ocrx_word' id='word_1_510' title='bbox 3547 3554 3820 3634; x_wconf 84' lang='grc' dir='ltr'>μυριάδας</span> 
     </span>
    </p>
   </div>
   <div class='ocr_carea' id='block_1_70' title="bbox 405 3651 2054 3723">
    <p class='ocr_par' dir='ltr' id='par_1_70' title="bbox 405 3651 2054 3723">
     <span class='ocr_line' id='line_1_70' title="bbox 405 3651 2054 3723; baseline 0.006 -14"><span class='ocrx_word' id='word_1_511' title='bbox 405 3657 610 3710; x_wconf 84' lang='lat' dir='ltr'>serant</span> <span class='ocrx_word' id='word_1_512' title='bbox 655 3658 833 3723; x_wconf 87' lang='lat' dir='ltr'>atque</span> <span class='ocrx_word' id='word_1_513' title='bbox 871 3651 1315 3720; x_wconf 85' lang='lat' dir='ltr'>interfecerant,</span> <span class='ocrx_word' id='word_1_514' title='bbox 1363 3653 1646 3710; x_wconf 88' lang='grc'>11000000</span> <span class='ocrx_word' id='word_1_515' title='bbox 1675 3656 1852 3716; x_wconf 90' lang='lat' dir='ltr'>viros.</span> <span class='ocrx_word' id='word_1_516' title='bbox 1887 3663 2054 3718; x_wconf 86' lang='lat' dir='ltr'>Reli-</span> 
     </span>
    </p>
   </div>
   <div class='ocr_carea' id='block_1_71' title="bbox 405 3741 2056 3822">
    <p class='ocr_par' dir='ltr' id='par_1_71' title="bbox 405 3741 2056 3822">
     <span class='ocr_line' id='line_1_71' title="bbox 405 3741 2056 3822; baseline 0.005 -23"><span class='ocrx_word' id='word_1_517' title='bbox 405 3759 553 3816; x_wconf 89' lang='lat' dir='ltr'>quos</span> <span class='ocrx_word' id='word_1_518' title='bbox 583 3742 686 3815; x_wconf 91' lang='lat' dir='ltr'>qui</span> <span class='ocrx_word' id='word_1_519' title='bbox 717 3745 890 3798; x_wconf 69' lang='lat' dir='ltr'>astate</span> <span class='ocrx_word' id='word_1_520' title='bbox 921 3741 1150 3814; x_wconf 84' lang='lat' dir='ltr'>integra</span> <span class='ocrx_word' id='word_1_521' title='bbox 1197 3759 1265 3799; x_wconf 87' lang='lat' dir='ltr'>ac</span> <span class='ocrx_word' id='word_1_522' title='bbox 1309 3742 1751 3815; x_wconf 88' lang='lat' dir='ltr'>pulchritudine</span> <span class='ocrx_word' id='word_1_523' title='bbox 1791 3752 2056 3822; x_wconf 86' lang='lat' dir='ltr'>corporis</span> 
     </span>
    </p>
   </div>
   <div class='ocr_carea' id='block_1_72' title="bbox 407 3831 2056 3906">
    <p class='ocr_par' dir='ltr' id='par_1_72' title="bbox 407 3831 2056 3906">
     <span class='ocr_line' id='line_1_72' title="bbox 407 3831 2056 3906; baseline 0.006 -18"><span class='ocrx_word' id='word_1_524' title='bbox 407 3838 781 3906; x_wconf 82' lang='lat' dir='ltr'>praestarent,</span> <span class='ocrx_word' id='word_1_525' title='bbox 803 3835 1052 3889; x_wconf 85' lang='lat' dir='ltr'>Romam</span> <span class='ocrx_word' id='word_1_526' title='bbox 1074 3831 1134 3886; x_wconf 91' lang='lat' dir='ltr'>in</span> <span class='ocrx_word' id='word_1_527' title='bbox 1163 3831 1462 3905; x_wconf 88' lang='lat' dir='ltr'>triumpho</span> <span class='ocrx_word' id='word_1_528' title='bbox 1489 3833 1790 3905; x_wconf 87' lang='lat' dir='ltr'>ductos,ut</span> <span class='ocrx_word' id='word_1_529' title='bbox 1819 3839 1900 3896; x_wconf 90' lang='lat' dir='ltr'>ibi</span> <span class='ocrx_word' id='word_1_530' title='bbox 1921 3858 2056 3898; x_wconf 90' lang='lat' dir='ltr'>cum</span> 
     </span>
    </p>
   </div>
   <div class='ocr_carea' id='block_1_73' title="bbox 405 3922 2056 3998">
    <p class='ocr_par' dir='ltr' id='par_1_73' title="bbox 405 3922 2056 3998">
     <span class='ocr_line' id='line_1_73' title="bbox 405 3922 2056 3998; baseline 0.005 -20"><span class='ocrx_word' id='word_1_531' title='bbox 405 3923 623 3978; x_wconf 90' lang='lat' dir='ltr'>belluis</span> <span class='ocrx_word' id='word_1_532' title='bbox 654 3923 1048 3978; x_wconf 87' lang='lat' dir='ltr'>decertarent.</span> <span class='ocrx_word' id='word_1_533' title='bbox 1082 3922 1161 3978; x_wconf 90' lang='lat' dir='ltr'>De</span> <span class='ocrx_word' id='word_1_534' title='bbox 1212 3923 1444 3996; x_wconf 89' lang='lat' dir='ltr'>reliqua</span> <span class='ocrx_word' id='word_1_535' title='bbox 1494 3925 1672 3982; x_wconf 90' lang='lat' dir='ltr'>turba</span> <span class='ocrx_word' id='word_1_536' title='bbox 1701 3928 1804 3998; x_wconf 88' lang='lat' dir='ltr'>qui</span> <span class='ocrx_word' id='word_1_537' title='bbox 1829 3943 2056 3987; x_wconf 89' lang='lat' dir='ltr'>annum</span> 
     </span>
    </p>
   </div>
   <div class='ocr_carea' id='block_1_74' title="bbox 409 4011 2059 4092">
    <p class='ocr_par' dir='ltr' id='par_1_74' title="bbox 409 4011 2059 4092">
     <span class='ocr_line' id='line_1_74' title="bbox 409 4011 2059 4092; baseline 0.006 -25"><span class='ocrx_word' id='word_1_538' title='bbox 409 4015 470 4067; x_wconf 82' lang='lat' dir='ltr'>i7</span> <span class='ocrx_word' id='word_1_539' title='bbox 497 4011 912 4078; x_wconf 82' lang='lat' dir='ltr'>excessissent,</span> <span class='ocrx_word' id='word_1_540' title='bbox 945 4028 1045 4066; x_wconf 91' lang='lat' dir='ltr'>eos</span> <span class='ocrx_word' id='word_1_541' title='bbox 1085 4013 1300 4084; x_wconf 89' lang='lat' dir='ltr'>partim</span> <span class='ocrx_word' id='word_1_542' title='bbox 1351 4013 1415 4069; x_wconf 93' lang='lat' dir='ltr'>in</span> <span class='ocrx_word' id='word_1_543' title='bbox 1466 4015 1773 4088; x_wconf 66' lang='lat' dir='ltr'>Egyptum</span> <span class='ocrx_word' id='word_1_544' title='bbox 1803 4019 1878 4075; x_wconf 92' lang='lat' dir='ltr'>ad</span> <span class='ocrx_word' id='word_1_545' title='bbox 1909 4037 2059 4092; x_wconf 85' lang='lat' dir='ltr'>opus</span> 
     </span>
    </p>
   </div>
   <div class='ocr_carea' id='block_1_75' title="bbox 403 4099 2056 4180">
    <p class='ocr_par' dir='ltr' id='par_1_75' title="bbox 403 4099 2056 4180">
     <span class='ocr_line' id='line_1_75' title="bbox 403 4099 2056 4180; baseline 0.005 -22"><span class='ocrx_word' id='word_1_546' title='bbox 403 4099 744 4159; x_wconf 79' lang='lat' dir='ltr'>faciendum</span> <span class='ocrx_word' id='word_1_547' title='bbox 766 4103 999 4167; x_wconf 85' lang='lat' dir='ltr'>missos,</span> <span class='ocrx_word' id='word_1_548' title='bbox 1024 4101 1341 4174; x_wconf 88' lang='lat' dir='ltr'>plerosque</span> <span class='ocrx_word' id='word_1_549' title='bbox 1367 4103 1430 4158; x_wconf 92' lang='lat' dir='ltr'>in</span> <span class='ocrx_word' id='word_1_550' title='bbox 1455 4106 1786 4176; x_wconf 84' lang='lat' dir='ltr'>provincias</span> <span class='ocrx_word' id='word_1_551' title='bbox 1817 4108 2056 4180; x_wconf 86' lang='lat' dir='ltr'>divisos,</span> 
     </span>
    </p>
   </div>
   <div class='ocr_carea' id='block_1_76' title="bbox 409 4190 2058 4262">
    <p class='ocr_par' dir='ltr' id='par_1_76' title="bbox 409 4190 2058 4262">
     <span class='ocr_line' id='line_1_76' title="bbox 409 4190 2058 4262; baseline 0.004 -14"><span class='ocrx_word' id='word_1_552' title='bbox 409 4197 474 4248; x_wconf 91' lang='lat' dir='ltr'>ut</span> <span class='ocrx_word' id='word_1_553' title='bbox 504 4192 565 4246; x_wconf 92' lang='lat' dir='ltr'>in</span> <span class='ocrx_word' id='word_1_554' title='bbox 597 4191 843 4248; x_wconf 88' lang='lat' dir='ltr'>theatris</span> <span class='ocrx_word' id='word_1_555' title='bbox 869 4190 951 4246; x_wconf 90' lang='lat' dir='ltr'>ibi</span> <span class='ocrx_word' id='word_1_556' title='bbox 975 4192 1288 4248; x_wconf 85' lang='lat' dir='ltr'>autaferis</span> <span class='ocrx_word' id='word_1_557' title='bbox 1309 4198 1685 4252; x_wconf 87' lang='lat' dir='ltr'>necarentur.</span> <span class='ocrx_word' id='word_1_558' title='bbox 1709 4197 1817 4262; x_wconf 92' lang='lat' dir='ltr'>Qui</span> <span class='ocrx_word' id='word_1_559' title='bbox 1858 4205 2058 4255; x_wconf 88' lang='lat' dir='ltr'>autem</span> 
     </span>
    </p>
   </div>
   <div class='ocr_carea' id='block_1_77' title="bbox 408 4281 2063 4350">
    <p class='ocr_par' dir='ltr' id='par_1_77' title="bbox 408 4281 2063 4350">
     <span class='ocr_line' id='line_1_77' title="bbox 408 4281 2063 4350; baseline 0.004 -14"><span class='ocrx_word' id='word_1_560' title='bbox 408 4282 566 4337; x_wconf 90' lang='lat' dir='ltr'>intra</span> <span class='ocrx_word' id='word_1_561' title='bbox 597 4284 661 4336; x_wconf 83' lang='grc'>17</span> <span class='ocrx_word' id='word_1_562' title='bbox 692 4295 913 4336; x_wconf 89' lang='lat' dir='ltr'>annum</span> <span class='ocrx_word' id='word_1_563' title='bbox 941 4281 1131 4336; x_wconf 84' lang='lat' dir='ltr'>aetatis</span> <span class='ocrx_word' id='word_1_564' title='bbox 1163 4287 1350 4350; x_wconf 88' lang='lat' dir='ltr'>erant,</span> <span class='ocrx_word' id='word_1_565' title='bbox 1367 4298 1470 4338; x_wconf 91' lang='lat' dir='ltr'>eos</span> <span class='ocrx_word' id='word_1_566' title='bbox 1490 4283 1552 4339; x_wconf 93' lang='lat' dir='ltr'>in</span> <span class='ocrx_word' id='word_1_567' title='bbox 1585 4286 1927 4343; x_wconf 86' lang='lat' dir='ltr'>servitutem</span> <span class='ocrx_word' id='word_1_568' title='bbox 1956 4287 2063 4344; x_wconf 89' lang='lat' dir='ltr'>ab-</span> 
     </span>
    </p>
   </div>
   <div class='ocr_carea' id='block_1_78' title="bbox 409 4369 2060 4441">
    <p class='ocr_par' dir='ltr' id='par_1_78' title="bbox 409 4369 2060 4441">
     <span class='ocr_line' id='line_1_78' title="bbox 409 4369 2060 4441; baseline 0.003 -13"><span class='ocrx_word' id='word_1_569' title='bbox 409 4370 544 4428; x_wconf 90' lang='lat' dir='ltr'>duci</span> <span class='ocrx_word' id='word_1_570' title='bbox 578 4387 644 4426; x_wconf 89' lang='lat' dir='ltr'>ac</span> <span class='ocrx_word' id='word_1_571' title='bbox 675 4369 910 4426; x_wconf 88' lang='lat' dir='ltr'>divendi</span> <span class='ocrx_word' id='word_1_572' title='bbox 935 4370 1191 4441; x_wconf 90' lang='lat' dir='ltr'>jussisse</span> <span class='ocrx_word' id='word_1_573' title='bbox 1219 4371 1452 4436; x_wconf 85' lang='lat' dir='ltr'>Titum;</span> <span class='ocrx_word' id='word_1_574' title='bbox 1485 4377 1545 4428; x_wconf 84' lang='lat' dir='ltr'>et</span> <span class='ocrx_word' id='word_1_575' title='bbox 1585 4374 1845 4432; x_wconf 88' lang='lat' dir='ltr'>virorum</span> <span class='ocrx_word' id='word_1_576' title='bbox 1876 4376 2060 4433; x_wconf 81' lang='lat' dir='ltr'>fuisse</span> 
     </span>
    </p>
   </div>
   <div class='ocr_carea' id='block_1_79' title="bbox 408 4457 2060 4532">
    <p class='ocr_par' dir='ltr' id='par_1_79' title="bbox 408 4457 2060 4532">
     <span class='ocr_line' id='line_1_79' title="bbox 408 4457 2060 4532; baseline 0.003 -17"><span class='ocrx_word' id='word_1_577' title='bbox 408 4475 750 4526; x_wconf 90' lang='lat' dir='ltr'>numerum,</span> <span class='ocrx_word' id='word_1_578' title='bbox 781 4459 882 4529; x_wconf 93' lang='lat' dir='ltr'>qui</span> <span class='ocrx_word' id='word_1_579' title='bbox 915 4457 1213 4528; x_wconf 87' lang='lat' dir='ltr'>mancipia</span> <span class='ocrx_word' id='word_1_580' title='bbox 1261 4459 1718 4532; x_wconf 88' lang='lat' dir='ltr'>abducerentur,</span> <span class='ocrx_word' id='word_1_581' title='bbox 1750 4464 1818 4520; x_wconf 81' lang='lat'><strong>90</strong></span> <span class='ocrx_word' id='word_1_582' title='bbox 1849 4465 2060 4522; x_wconf 87' lang='lat' dir='ltr'>millia.</span> 
     </span>
    </p>
   </div>
   <div class='ocr_carea' id='block_1_80' title="bbox 2164 3645 3820 3723">
    <p class='ocr_par' dir='ltr' id='par_1_80' title="bbox 2164 3645 3820 3723">
     <span class='ocr_line' id='line_1_80' title="bbox 2164 3645 3820 3723; baseline -0.002 -19"><span class='ocrx_word' id='word_1_583' title='bbox 2164 3645 2219 3704; x_wconf 86' lang='grc' dir='ltr'>ἐν</span> <span class='ocrx_word' id='word_1_584' title='bbox 2249 3653 2327 3722; x_wconf 84' lang='grc' dir='ltr'>τῷ</span> <span class='ocrx_word' id='word_1_585' title='bbox 2357 3649 2510 3723; x_wconf 78' lang='grc' dir='ltr'>λιμῷ</span> <span class='ocrx_word' id='word_1_586' title='bbox 2556 3651 2643 3706; x_wconf 84' lang='grc' dir='ltr'>καὶ</span> <span class='ocrx_word' id='word_1_587' title='bbox 2676 3654 2757 3722; x_wconf 80' lang='grc' dir='ltr'>τῷ</span> <span class='ocrx_word' id='word_1_588' title='bbox 2795 3647 3030 3723; x_wconf 84' lang='grc' dir='ltr'>πολέμῳ</span> <span class='ocrx_word' id='word_1_589' title='bbox 3084 3653 3162 3721; x_wconf 86' lang='grc' dir='ltr'>τῷ</span> <span class='ocrx_word' id='word_1_590' title='bbox 3218 3648 3355 3723; x_wconf 80' lang='grc' dir='ltr'>πρὸς</span> <span class='ocrx_word' id='word_1_591' title='bbox 3385 3645 3700 3718; x_wconf 78' lang='grc' dir='ltr'>ἀλλήλους,</span> <span class='ocrx_word' id='word_1_592' title='bbox 3735 3647 3820 3702; x_wconf 78' lang='grc' dir='ltr'>καὶ</span> 
     </span>
    </p>
   </div>
   <div class='ocr_carea' id='block_1_81' title="bbox 2165 3735 3826 3816">
    <p class='ocr_par' dir='ltr' id='par_1_81' title="bbox 2165 3735 3826 3816">
     <span class='ocr_line' id='line_1_81' title="bbox 2165 3735 3826 3816; baseline -0.001 -24"><span class='ocrx_word' id='word_1_593' title='bbox 2165 3738 2218 3796; x_wconf 79' lang='grc' dir='ltr'>ἐν</span> <span class='ocrx_word' id='word_1_594' title='bbox 2249 3743 2329 3814; x_wconf 79' lang='grc' dir='ltr'>τῷ</span> <span class='ocrx_word' id='word_1_595' title='bbox 2367 3738 2718 3816; x_wconf 80' lang='grc' dir='ltr'>συγκλεισμῷ</span> <span class='ocrx_word' id='word_1_596' title='bbox 2774 3739 2820 3812; x_wconf 82' lang='grc' dir='ltr'>ᾧ</span> <span class='ocrx_word' id='word_1_597' title='bbox 2877 3738 3100 3800; x_wconf 65' lang='grc' dir='ltr'>ἑαυτοὺς</span> <span class='ocrx_word' id='word_1_598' title='bbox 3155 3735 3414 3799; x_wconf 87' lang='grc' dir='ltr'>ἐκουσίως</span> <span class='ocrx_word' id='word_1_599' title='bbox 3444 3735 3494 3791; x_wconf 85' lang='grc' dir='ltr'>ἐν</span> <span class='ocrx_word' id='word_1_600' title='bbox 3533 3736 3826 3813; x_wconf 79' lang='grc' dir='ltr'>ὑπογαίοις</span> 
     </span>
    </p>
   </div>
   <div class='ocr_carea' id='block_1_82' title="bbox 2162 3824 3824 3904">
    <p class='ocr_par' dir='ltr' id='par_1_82' title="bbox 2162 3824 3824 3904">
     <span class='ocr_line' id='line_1_82' title="bbox 2162 3824 3824 3904; baseline -0.003 -18"><span class='ocrx_word' id='word_1_601' title='bbox 2162 3830 2362 3893; x_wconf 85' lang='grc' dir='ltr'>πόποις</span> <span class='ocrx_word' id='word_1_602' title='bbox 2443 3827 2790 3886; x_wconf 81' lang='grc' dir='ltr'>συνέκλεισαν</span> <span class='ocrx_word' id='word_1_603' title='bbox 2867 3830 2956 3884; x_wconf 84' lang='grc' dir='ltr'>καὶ</span> <span class='ocrx_word' id='word_1_604' title='bbox 3039 3828 3402 3895; x_wconf 73' lang='grc' dir='ltr'>κατέκτειναν,</span> <span class='ocrx_word' id='word_1_605' title='bbox 3473 3824 3824 3904; x_wconf 73' lang='grc' dir='ltr'>διεφθορέναι</span> 
     </span>
    </p>
   </div>
   <div class='ocr_carea' id='block_1_83' title="bbox 2165 3915 3826 3996">
    <p class='ocr_par' dir='ltr' id='par_1_83' title="bbox 2165 3915 3826 3996">
     <span class='ocr_line' id='line_1_83' title="bbox 2165 3915 3826 3996; baseline -0.001 -22"><span class='ocrx_word' id='word_1_606' title='bbox 2165 3920 2551 3996; x_wconf 81' lang='grc' dir='ltr'>συνεγράψατο.</span> <span class='ocrx_word' id='word_1_607' title='bbox 2614 3920 2713 3977; x_wconf 79' lang='grc' dir='ltr'>Καὶ</span> <span class='ocrx_word' id='word_1_608' title='bbox 2769 3917 2898 3981; x_wconf 77' lang='grc' dir='ltr'>τοὺς</span> <span class='ocrx_word' id='word_1_609' title='bbox 2958 3919 3054 3993; x_wconf 69' lang='grc' dir='ltr'>μὲν</span> <span class='ocrx_word' id='word_1_610' title='bbox 3109 3917 3160 3973; x_wconf 88' lang='grc' dir='ltr'>ἐν</span> <span class='ocrx_word' id='word_1_611' title='bbox 3227 3919 3378 3993; x_wconf 76' lang='grc' dir='ltr'>ἀκμῇ</span> <span class='ocrx_word' id='word_1_612' title='bbox 3433 3923 3533 3988; x_wconf 85' lang='grc' dir='ltr'>τῆς</span> <span class='ocrx_word' id='word_1_613' title='bbox 3593 3915 3826 3988; x_wconf 77' lang='grc' dir='ltr'>ἡλικίας</span> 
     </span>
    </p>
   </div>
   <div class='ocr_carea' id='block_1_84' title="bbox 2163 4001 3828 4086">
    <p class='ocr_par' dir='ltr' id='par_1_84' title="bbox 2163 4001 3828 4086">
     <span class='ocr_line' id='line_1_84' title="bbox 2163 4001 3828 4086; baseline -0.004 -19"><span class='ocrx_word' id='word_1_614' title='bbox 2163 4011 2255 4067; x_wconf 86' lang='grc' dir='ltr'>καὶ</span> <span class='ocrx_word' id='word_1_615' title='bbox 2287 4009 2540 4083; x_wconf 88' lang='grc' dir='ltr'>σώματος</span> <span class='ocrx_word' id='word_1_616' title='bbox 2598 4006 2794 4064; x_wconf 84' lang='grc' dir='ltr'>κάλλει</span> <span class='ocrx_word' id='word_1_617' title='bbox 2845 4004 3194 4086; x_wconf 78' lang='grc' dir='ltr'>διαφέροντας</span> <span class='ocrx_word' id='word_1_618' title='bbox 3252 4005 3332 4080; x_wconf 80' lang='grc' dir='ltr'>τῷ</span> <span class='ocrx_word' id='word_1_619' title='bbox 3395 4001 3653 4081; x_wconf 75' lang='grc' dir='ltr'>θριάμϐῳ</span> <span class='ocrx_word' id='word_1_620' title='bbox 3687 4007 3828 4061; x_wconf 81' lang='grc' dir='ltr'>Ῥώ-</span> 
     </span>
    </p>
   </div>
   <div class='ocr_carea' id='block_1_85' title="bbox 2169 4094 3825 4176">
    <p class='ocr_par' dir='ltr' id='par_1_85' title="bbox 2169 4094 3825 4176">
     <span class='ocr_line' id='line_1_85' title="bbox 2169 4094 3825 4176; baseline -0.004 -20"><span class='ocrx_word' id='word_1_621' title='bbox 2169 4122 2278 4176; x_wconf 88' lang='grc' dir='ltr'>μης</span> <span class='ocrx_word' id='word_1_622' title='bbox 2310 4102 2550 4176; x_wconf 68' lang='grc' dir='ltr'>ἀχθῆναι</span> <span class='ocrx_word' id='word_1_623' title='bbox 2581 4099 2656 4162; x_wconf 83' lang='grc' dir='ltr'>είς</span> <span class='ocrx_word' id='word_1_624' title='bbox 2688 4097 3086 4175; x_wconf 77' lang='grc' dir='ltr'>θηριομαχίαν,</span> <span class='ocrx_word' id='word_1_625' title='bbox 3123 4101 3220 4152; x_wconf 80' lang='grc' dir='ltr'>τοῦ</span> <span class='ocrx_word' id='word_1_626' title='bbox 3273 4094 3451 4152; x_wconf 77' lang='grc' dir='ltr'>ἄλλου</span> <span class='ocrx_word' id='word_1_627' title='bbox 3483 4094 3540 4152; x_wconf 76' lang='grc' dir='ltr'>δὲ</span> <span class='ocrx_word' id='word_1_628' title='bbox 3567 4094 3825 4166; x_wconf 82' lang='grc' dir='ltr'>πλήθους</span> 
     </span>
    </p>
   </div>
   <div class='ocr_carea' id='block_1_86' title="bbox 2164 4184 3831 4266">
    <p class='ocr_par' dir='ltr' id='par_1_86' title="bbox 2164 4184 3831 4266">
     <span class='ocr_line' id='line_1_86' title="bbox 2164 4184 3831 4266; baseline -0.004 -19"><span class='ocrx_word' id='word_1_629' title='bbox 2164 4191 2292 4254; x_wconf 79' lang='grc' dir='ltr'>τοὺς</span> <span class='ocrx_word' id='word_1_630' title='bbox 2327 4191 2423 4266; x_wconf 76' lang='grc' dir='ltr'>μὶν</span> <span class='ocrx_word' id='word_1_631' title='bbox 2457 4189 2590 4265; x_wconf 73' lang='grc' dir='ltr'>ὑπὲρ</span> <span class='ocrx_word' id='word_1_632' title='bbox 2647 4188 2716 4244; x_wconf 70' lang='grc' dir='ltr'>τὰ</span> <span class='ocrx_word' id='word_1_633' title='bbox 2775 4189 2838 4259; x_wconf 85' lang='grc' dir='ltr'>ιζ’</span> <span class='ocrx_word' id='word_1_634' title='bbox 2894 4184 2988 4260; x_wconf 85' lang='grc' dir='ltr'>ἔτη</span> <span class='ocrx_word' id='word_1_635' title='bbox 3043 4186 3171 4248; x_wconf 77' lang='grc' dir='ltr'>τοὺς</span> <span class='ocrx_word' id='word_1_636' title='bbox 3235 4185 3328 4260; x_wconf 72' lang='grc' dir='ltr'>μὲν</span> <span class='ocrx_word' id='word_1_637' title='bbox 3365 4184 3620 4260; x_wconf 87' lang='grc' dir='ltr'>δεσμίους</span> <span class='ocrx_word' id='word_1_638' title='bbox 3652 4185 3739 4250; x_wconf 80' lang='grc' dir='ltr'>εἷς</span> <span class='ocrx_word' id='word_1_639' title='bbox 3767 4185 3831 4241; x_wconf 80' lang='grc' dir='ltr'>τὰ</span> 
     </span>
    </p>
   </div>
   <div class='ocr_carea' id='block_1_87' title="bbox 2165 4271 3828 4353">
    <p class='ocr_par' dir='ltr' id='par_1_87' title="bbox 2165 4271 3828 4353">
     <span class='ocr_line' id='line_1_87' title="bbox 2165 4271 3828 4353; baseline -0.005 -17"><span class='ocrx_word' id='word_1_640' title='bbox 2165 4281 2282 4336; x_wconf 86' lang='grc' dir='ltr'>κατ’</span> <span class='ocrx_word' id='word_1_641' title='bbox 2341 4276 2606 4353; x_wconf 72' lang='grc' dir='ltr'>Α’ίγυπτον</span> <span class='ocrx_word' id='word_1_642' title='bbox 2662 4275 2796 4352; x_wconf 82' lang='grc' dir='ltr'>ἔργα</span> <span class='ocrx_word' id='word_1_643' title='bbox 2847 4277 3330 4353; x_wconf 68' lang='grc' dir='ltr'>παραπέμπεσθαι,</span> <span class='ocrx_word' id='word_1_644' title='bbox 3376 4275 3504 4338; x_wconf 84' lang='grc' dir='ltr'>τοὺς</span> <span class='ocrx_word' id='word_1_645' title='bbox 3530 4271 3828 4336; x_wconf 84' lang='grc' dir='ltr'>πλείστους</span> 
     </span>
    </p>
   </div>
   <div class='ocr_carea' id='block_1_88' title="bbox 2168 4364 3827 4443">
    <p class='ocr_par' dir='ltr' id='par_1_88' title="bbox 2168 4364 3827 4443">
     <span class='ocr_line' id='line_1_88' title="bbox 2168 4364 3827 4443; baseline -0.004 -18"><span class='ocrx_word' id='word_1_646' title='bbox 2168 4367 2228 4426; x_wconf 77' lang='grc' dir='ltr'>δὶ</span> <span class='ocrx_word' id='word_1_647' title='bbox 2285 4368 2362 4433; x_wconf 74' lang='grc' dir='ltr'>εἷς</span> <span class='ocrx_word' id='word_1_648' title='bbox 2413 4367 2511 4430; x_wconf 79' lang='grc' dir='ltr'>τὰς</span> <span class='ocrx_word' id='word_1_649' title='bbox 2568 4365 2837 4443; x_wconf 81' lang='grc' dir='ltr'>ἐπαρχίας</span> <span class='ocrx_word' id='word_1_650' title='bbox 2891 4365 3301 4440; x_wconf 79' lang='grc' dir='ltr'>ὑπερορίζεσθαι</span> <span class='ocrx_word' id='word_1_651' title='bbox 3373 4364 3827 4440; x_wconf 71' lang='grc' dir='ltr'>φθαρησομένους</span> 
     </span>
    </p>
   </div>
   <div class='ocr_carea' id='block_1_89' title="bbox 2167 4453 3827 4534">
    <p class='ocr_par' dir='ltr' id='par_1_89' title="bbox 2167 4453 3827 4534">
     <span class='ocr_line' id='line_1_89' title="bbox 2167 4453 3827 4534; baseline -0.005 -18"><span class='ocrx_word' id='word_1_652' title='bbox 2167 4459 2220 4516; x_wconf 88' lang='grc' dir='ltr'>ἐν</span> <span class='ocrx_word' id='word_1_653' title='bbox 2276 4459 2520 4534; x_wconf 87' lang='grc' dir='ltr'>θεάτροις</span> <span class='ocrx_word' id='word_1_654' title='bbox 2575 4457 2668 4512; x_wconf 86' lang='grc' dir='ltr'>καὶ</span> <span class='ocrx_word' id='word_1_655' title='bbox 2725 4453 2973 4530; x_wconf 87' lang='grc' dir='ltr'>σιδήροις</span> <span class='ocrx_word' id='word_1_656' title='bbox 3050 4453 3141 4510; x_wconf 81' lang='grc' dir='ltr'>καὶ</span> <span class='ocrx_word' id='word_1_657' title='bbox 3197 4453 3434 4529; x_wconf 90' lang='grc' dir='ltr'>θηρίοις.</span> <span class='ocrx_word' id='word_1_658' title='bbox 3487 4453 3616 4517; x_wconf 82' lang='grc' dir='ltr'>τοὺς</span> <span class='ocrx_word' id='word_1_659' title='bbox 3676 4453 3827 4514; x_wconf 85' lang='grc' dir='ltr'>ἐντὸς</span> 
     </span>
    </p>
   </div>
   <div class='ocr_carea' id='block_1_90' title="bbox 407 4543 3832 4629">
    <p class='ocr_par' dir='ltr' id='par_1_90' title="bbox 407 4543 3832 4629">
     <span class='ocr_line' id='line_1_90' title="bbox 407 4543 3832 4629; baseline -0.001 -25"><span class='ocrx_word' id='word_1_660' title='bbox 407 4546 466 4604; x_wconf 74' lang='grc' dir='ltr'>δὶ</span> <span class='ocrx_word' id='word_1_661' title='bbox 521 4552 630 4604; x_wconf 82' lang='grc' dir='ltr'>τῶν</span> <span class='ocrx_word' id='word_1_662' title='bbox 689 4549 752 4616; x_wconf 83' lang='grc' dir='ltr'>ιζ’</span> <span class='ocrx_word' id='word_1_663' title='bbox 809 4546 944 4601; x_wconf 84' lang='grc' dir='ltr'>ἐτῶν</span> <span class='ocrx_word' id='word_1_664' title='bbox 1005 4544 1405 4621; x_wconf 76' lang='grc' dir='ltr'>αἲχμαλώτους</span> <span class='ocrx_word' id='word_1_665' title='bbox 1458 4549 1751 4627; x_wconf 82' lang='grc' dir='ltr'>ἀπάγεσθαι</span> <span class='ocrx_word' id='word_1_666' title='bbox 1804 4552 2256 4629; x_wconf 76' lang='grc' dir='ltr'>πραθησομὲνους</span> <span class='ocrx_word' id='word_1_667' title='bbox 2310 4547 2608 4620; x_wconf 76' lang='grc' dir='ltr'>διετάξατο·</span> <span class='ocrx_word' id='word_1_668' title='bbox 2669 4546 2876 4602; x_wconf 78' lang='grc' dir='ltr'>τούτων</span> <span class='ocrx_word' id='word_1_669' title='bbox 2925 4543 2983 4602; x_wconf 72' lang='grc' dir='ltr'>δὲ</span> <span class='ocrx_word' id='word_1_670' title='bbox 3036 4544 3214 4618; x_wconf 88' lang='grc' dir='ltr'>μόνων</span> <span class='ocrx_word' id='word_1_671' title='bbox 3256 4546 3350 4601; x_wconf 89' lang='grc' dir='ltr'>τὸν</span> <span class='ocrx_word' id='word_1_672' title='bbox 3383 4544 3616 4619; x_wconf 78' lang='grc' dir='ltr'>ἀριθμὸν</span> <span class='ocrx_word' id='word_1_673' title='bbox 3647 4544 3693 4609; x_wconf 71' lang='grc' dir='ltr'>θ’</span> <span class='ocrx_word' id='word_1_674' title='bbox 3729 4560 3832 4619; x_wconf 83' lang='grc' dir='ltr'>μυ·</span> 
     </span>
    </p>
   </div>
   <div class='ocr_carea' id='block_1_91' title="bbox 408 4632 1348 4715">
    <p class='ocr_par' dir='ltr' id='par_1_91' title="bbox 408 4632 1348 4715">
     <span class='ocr_line' id='line_1_91' title="bbox 408 4632 1348 4715; baseline 0 -23"><span class='ocrx_word' id='word_1_675' title='bbox 408 4636 594 4715; x_wconf 89' lang='grc' dir='ltr'>ριάδας</span> <span class='ocrx_word' id='word_1_676' title='bbox 665 4632 874 4709; x_wconf 83' lang='grc' dir='ltr'>ἀνδρῶν</span> <span class='ocrx_word' id='word_1_677' title='bbox 909 4637 1348 4710; x_wconf 89' lang='grc' dir='ltr'>συνθεωρεῖσθαι.</span> 
     </span>
    </p>
   </div>
   <div class='ocr_carea' id='block_1_92' title="bbox 479 4718 2055 4804">
    <p class='ocr_par' dir='ltr' id='par_1_92' title="bbox 479 4725 2055 4804">
     <span class='ocr_line' id='line_1_92' title="bbox 479 4725 2055 4804; baseline 0.004 -21"><span class='ocrx_word' id='word_1_678' title='bbox 479 4729 641 4783; x_wconf 88' lang='lat' dir='ltr'>Tunc</span> <span class='ocrx_word' id='word_1_679' title='bbox 666 4726 842 4780; x_wconf 89' lang='lat' dir='ltr'>etiam</span> <span class='ocrx_word' id='word_1_680' title='bbox 866 4727 1065 4781; x_wconf 69' lang='lat' dir='ltr'>Romae</span> <span class='ocrx_word' id='word_1_681' title='bbox 1085 4725 1254 4781; x_wconf 90' lang='lat' dir='ltr'>aiunt</span> <span class='ocrx_word' id='word_1_682' title='bbox 1270 4731 1499 4784; x_wconf 89' lang='lat' dir='ltr'>tantum</span> <span class='ocrx_word' id='word_1_683' title='bbox 1519 4731 1813 4788; x_wconf 83' lang='lat' dir='ltr'>exstitisse</span> <span class='ocrx_word' id='word_1_684' title='bbox 1835 4738 2055 4804; x_wconf 87' lang='lat' dir='ltr'>pestem</span> 
     </span>
    </p>
   </div>
   <div class='ocr_carea' id='block_1_93' title="bbox 2169 4718 3827 4804">
    <p class='ocr_par' dir='ltr' id='par_1_93' title="bbox 2242 4718 3827 4798">
     <span class='ocr_line' id='line_1_93' title="bbox 2242 4718 3827 4798; baseline -0.005 -14"><span class='ocrx_word' id='word_1_685' title='bbox 2242 4725 2384 4785; x_wconf 88' lang='grc' dir='ltr'>Τότε</span> <span class='ocrx_word' id='word_1_686' title='bbox 2413 4722 2479 4797; x_wconf 86' lang='grc' dir='ltr'>δή</span> <span class='ocrx_word' id='word_1_687' title='bbox 2512 4723 2602 4779; x_wconf 84' lang='grc' dir='ltr'>καὶ</span> <span class='ocrx_word' id='word_1_688' title='bbox 2632 4721 2800 4798; x_wconf 78' lang='grc' dir='ltr'>λιμὸν</span> <span class='ocrx_word' id='word_1_689' title='bbox 2846 4723 2981 4778; x_wconf 81' lang='grc' dir='ltr'>κατὰ</span> <span class='ocrx_word' id='word_1_690' title='bbox 3027 4722 3128 4793; x_wconf 82' lang='grc' dir='ltr'>τὴν</span> <span class='ocrx_word' id='word_1_691' title='bbox 3173 4721 3397 4794; x_wconf 83' lang='grc' dir='ltr'>Ῥώμην</span> <span class='ocrx_word' id='word_1_692' title='bbox 3427 4720 3555 4798; x_wconf 79' lang='grc' dir='ltr'>φασὶ</span> <span class='ocrx_word' id='word_1_693' title='bbox 3585 4718 3827 4797; x_wconf 76' lang='grc' dir='ltr'>γενέσθαι</span> 
     </span>
    </p>
   </div>
   <div class='ocr_carea' id='block_1_94' title="bbox 407 4815 2062 4888">
    <p class='ocr_par' dir='ltr' id='par_1_94' title="bbox 407 4815 2062 4888">
     <span class='ocr_line' id='line_1_94' title="bbox 407 4815 2062 4888; baseline 0.002 -15"><span class='ocrx_word' id='word_1_694' title='bbox 407 4822 476 4873; x_wconf 92' lang='lat' dir='ltr'>ut</span> <span class='ocrx_word' id='word_1_695' title='bbox 503 4833 609 4888; x_wconf 88' lang='lat' dir='ltr'>per</span> <span class='ocrx_word' id='word_1_696' title='bbox 639 4815 858 4870; x_wconf 89' lang='lat' dir='ltr'>multos</span> <span class='ocrx_word' id='word_1_697' title='bbox 887 4815 1015 4870; x_wconf 86' lang='lat' dir='ltr'>dies</span> <span class='ocrx_word' id='word_1_698' title='bbox 1046 4815 1310 4885; x_wconf 91' lang='lat' dir='ltr'>quotidie</span> <span class='ocrx_word' id='word_1_699' title='bbox 1341 4831 1521 4887; x_wconf 84' lang='lat' dir='ltr'>supra</span> <span class='ocrx_word' id='word_1_700' title='bbox 1552 4819 1725 4873; x_wconf 92' lang='grc'>10000</span> <span class='ocrx_word' id='word_1_701' title='bbox 1749 4820 2062 4876; x_wconf 89' lang='lat' dir='ltr'>hominum</span> 
     </span>
    </p>
   </div>
   <div class='ocr_carea' id='block_1_95' title="bbox 411 4903 2058 4966">
    <p class='ocr_par' dir='ltr' id='par_1_95' title="bbox 411 4903 2058 4966">
     <span class='ocr_line' id='line_1_95' title="bbox 411 4903 2058 4966; baseline 0.002 -4"><span class='ocrx_word' id='word_1_702' title='bbox 411 4906 566 4962; x_wconf 88' lang='lat' dir='ltr'>elata</span> <span class='ocrx_word' id='word_1_703' title='bbox 595 4905 728 4960; x_wconf 91' lang='lat' dir='ltr'>sint.</span> <span class='ocrx_word' id='word_1_704' title='bbox 765 4906 926 4960; x_wconf 90' lang='lat' dir='ltr'>Tunc</span> <span class='ocrx_word' id='word_1_705' title='bbox 955 4909 1015 4959; x_wconf 90' lang='lat' dir='ltr'>et</span> <span class='ocrx_word' id='word_1_706' title='bbox 1043 4903 1302 4960; x_wconf 81' lang='lat' dir='ltr'>Rhodios</span> <span class='ocrx_word' id='word_1_707' title='bbox 1331 4904 1530 4962; x_wconf 87' lang='lat' dir='ltr'>ferunt</span> <span class='ocrx_word' id='word_1_708' title='bbox 1577 4907 1886 4965; x_wconf 87' lang='lat' dir='ltr'>Colossum</span> <span class='ocrx_word' id='word_1_709' title='bbox 1939 4915 2058 4966; x_wconf 89' lang='lat' dir='ltr'>sta-</span> 
     </span>
    </p>
   </div>
   <div class='ocr_carea' id='block_1_96' title="bbox 410 4995 1916 5068">
    <p class='ocr_par' dir='ltr' id='par_1_96' title="bbox 410 4995 1916 5068">
     <span class='ocr_line' id='line_1_96' title="bbox 410 4995 1916 5068; baseline 0.001 -16"><span class='ocrx_word' id='word_1_710' title='bbox 410 4997 618 5064; x_wconf 84' lang='lat' dir='ltr'>tuisse,</span> <span class='ocrx_word' id='word_1_711' title='bbox 651 5010 867 5051; x_wconf 73' lang='lat' dir='ltr'>asream</span> <span class='ocrx_word' id='word_1_712' title='bbox 901 4999 1157 5050; x_wconf 88' lang='lat' dir='ltr'>statuam</span> <span class='ocrx_word' id='word_1_713' title='bbox 1188 4995 1332 5060; x_wconf 83' lang='lat' dir='ltr'>Jovi,</span> <span class='ocrx_word' id='word_1_714' title='bbox 1369 4996 1469 5050; x_wconf 82' lang='grc'>127</span> <span class='ocrx_word' id='word_1_715' title='bbox 1500 4995 1684 5068; x_wconf 88' lang='lat' dir='ltr'>pedes</span> <span class='ocrx_word' id='word_1_716' title='bbox 1713 4997 1916 5055; x_wconf 89' lang='lat' dir='ltr'>altam.</span> 
     </span>
    </p>
   </div>
   <div class='ocr_carea' id='block_1_97' title="bbox 479 5175 2062 5250">
    <p class='ocr_par' dir='ltr' id='par_1_97' title="bbox 479 5175 2062 5250">
     <span class='ocr_line' id='line_1_97' title="bbox 479 5175 2062 5250; baseline 0.003 -19"><span class='ocrx_word' id='word_1_717' title='bbox 479 5179 619 5232; x_wconf 86' lang='lat' dir='ltr'>Post</span> <span class='ocrx_word' id='word_1_718' title='bbox 639 5183 873 5249; x_wconf 82' lang='lat' dir='ltr'>captam</span> <span class='ocrx_word' id='word_1_719' title='bbox 896 5175 1370 5248; x_wconf 80' lang='lat' dir='ltr'>Hierosolymam</span> <span class='ocrx_word' id='word_1_720' title='bbox 1393 5176 1644 5249; x_wconf 83' lang='lat' dir='ltr'>Symeon</span> <span class='ocrx_word' id='word_1_721' title='bbox 1659 5176 1886 5250; x_wconf 72' lang='lat' dir='ltr'>Cleopaa</span> <span class='ocrx_word' id='word_1_722' title='bbox 1904 5177 2062 5235; x_wconf 82' lang='lat' dir='ltr'>ﬁlius</span> 
     </span>
    </p>
   </div>
   <div class='ocr_carea' id='block_1_98' title="bbox 409 5265 1440 5339">
    <p class='ocr_par' dir='ltr' id='par_1_98' title="bbox 409 5265 1440 5339">
     <span class='ocr_line' id='line_1_98' title="bbox 409 5265 1440 5339; baseline 0 -19"><span class='ocrx_word' id='word_1_723' title='bbox 409 5265 719 5337; x_wconf 90' lang='lat' dir='ltr'>episcopus</span> <span class='ocrx_word' id='word_1_724' title='bbox 750 5267 880 5339; x_wconf 85' lang='lat' dir='ltr'>ejus</span> <span class='ocrx_word' id='word_1_725' title='bbox 911 5265 1076 5321; x_wconf 87' lang='lat' dir='ltr'>urbis</span> <span class='ocrx_word' id='word_1_726' title='bbox 1107 5265 1299 5321; x_wconf 84' lang='lat' dir='ltr'>factus</span> <span class='ocrx_word' id='word_1_727' title='bbox 1333 5270 1440 5320; x_wconf 90' lang='lat' dir='ltr'>est.</span> 
     </span>
    </p>
   </div>
   <div class='ocr_carea' id='block_1_99' title="bbox 479 5353 2065 5428">
    <p class='ocr_par' dir='ltr' id='par_1_99' title="bbox 479 5353 2065 5428">
     <span class='ocr_line' id='line_1_99' title="bbox 479 5353 2065 5428; baseline 0.003 -20"><span class='ocrx_word' id='word_1_728' title='bbox 479 5354 628 5408; x_wconf 89' lang='lat' dir='ltr'>Nero</span> <span class='ocrx_word' id='word_1_729' title='bbox 655 5354 868 5425; x_wconf 91' lang='lat' dir='ltr'>plenus</span> <span class='ocrx_word' id='word_1_730' title='bbox 888 5353 1077 5410; x_wconf 89' lang='lat' dir='ltr'>rabidi</span> <span class='ocrx_word' id='word_1_731' title='bbox 1096 5353 1312 5410; x_wconf 88' lang='lat' dir='ltr'>furoris</span> <span class='ocrx_word' id='word_1_732' title='bbox 1335 5359 1608 5420; x_wconf 89' lang='lat' dir='ltr'>matrem,</span> <span class='ocrx_word' id='word_1_733' title='bbox 1631 5373 2065 5428; x_wconf 83' lang='lat' dir='ltr'>sororem,uxo-</span> 
     </span>
    </p>
   </div>
   <div class='ocr_carea' id='block_1_100' title="bbox 411 5446 2063 5520">
    <p class='ocr_par' dir='ltr' id='par_1_100' title="bbox 411 5446 2063 5520">
     <span class='ocr_line' id='line_1_100' title="bbox 411 5446 2063 5520; baseline 0.004 -23"><span class='ocrx_word' id='word_1_734' title='bbox 411 5458 656 5513; x_wconf 89' lang='lat' dir='ltr'>remque</span> <span class='ocrx_word' id='word_1_735' title='bbox 690 5461 826 5500; x_wconf 90' lang='lat' dir='ltr'>suas</span> <span class='ocrx_word' id='word_1_736' title='bbox 856 5446 1106 5511; x_wconf 85' lang='lat' dir='ltr'>necavit,</span> <span class='ocrx_word' id='word_1_737' title='bbox 1136 5451 1192 5499; x_wconf 90' lang='lat' dir='ltr'>et</span> <span class='ocrx_word' id='word_1_738' title='bbox 1222 5461 1431 5500; x_wconf 87' lang='lat' dir='ltr'>omnes</span> <span class='ocrx_word' id='word_1_739' title='bbox 1456 5462 1594 5500; x_wconf 87' lang='lat' dir='ltr'>suos</span> <span class='ocrx_word' id='word_1_740' title='bbox 1627 5452 1908 5520; x_wconf 82' lang='lat' dir='ltr'>cognatos</span> <span class='ocrx_word' id='word_1_741' title='bbox 1937 5447 2063 5519; x_wconf 92' lang='lat' dir='ltr'>plu-</span> 
     </span>
    </p>
   </div>
   <div class='ocr_carea' id='block_1_101' title="bbox 417 5533 2063 5609">
    <p class='ocr_par' dir='ltr' id='par_1_101' title="bbox 417 5533 2063 5609">
     <span class='ocr_line' id='line_1_101' title="bbox 417 5533 2063 5609; baseline 0.004 -23"><span class='ocrx_word' id='word_1_742' title='bbox 417 5533 720 5604; x_wconf 90' lang='lat' dir='ltr'>rimosque</span> <span class='ocrx_word' id='word_1_743' title='bbox 752 5533 1040 5588; x_wconf 88' lang='lat' dir='ltr'>nobilium</span> <span class='ocrx_word' id='word_1_744' title='bbox 1074 5536 1496 5590; x_wconf 83' lang='lat' dir='ltr'>Romanorum.</span> <span class='ocrx_word' id='word_1_745' title='bbox 1560 5535 1803 5608; x_wconf 92' lang='lat' dir='ltr'>Propter</span> <span class='ocrx_word' id='word_1_746' title='bbox 1830 5543 2063 5609; x_wconf 88' lang='lat' dir='ltr'>turpem</span> 
     </span>
    </p>
   </div>
   <div class='ocr_carea' id='block_1_102' title="bbox 419 5620 2062 5696">
    <p class='ocr_par' dir='ltr' id='par_1_102' title="bbox 419 5620 2062 5696">
     <span class='ocr_line' id='line_1_102' title="bbox 419 5620 2062 5696; baseline 0.002 -18"><span class='ocrx_word' id='word_1_747' title='bbox 419 5638 487 5678; x_wconf 87' lang='lat' dir='ltr'>ac</span> <span class='ocrx_word' id='word_1_748' title='bbox 507 5620 890 5678; x_wconf 88' lang='lat' dir='ltr'>libidinosam</span> <span class='ocrx_word' id='word_1_749' title='bbox 909 5622 1038 5692; x_wconf 81' lang='lat' dir='ltr'>ejus</span> <span class='ocrx_word' id='word_1_750' title='bbox 1058 5622 1234 5680; x_wconf 86' lang='lat' dir='ltr'>vitam</span> <span class='ocrx_word' id='word_1_751' title='bbox 1266 5639 1473 5680; x_wconf 88' lang='lat' dir='ltr'>mensa</span> <span class='ocrx_word' id='word_1_752' title='bbox 1501 5624 1688 5696; x_wconf 91' lang='lat' dir='ltr'>ipsius</span> <span class='ocrx_word' id='word_1_753' title='bbox 1715 5631 1802 5681; x_wconf 88' lang='lat' dir='ltr'>est</span> <span class='ocrx_word' id='word_1_754' title='bbox 1823 5627 1894 5682; x_wconf 91' lang='lat' dir='ltr'>de</span> <span class='ocrx_word' id='word_1_755' title='bbox 1916 5626 2062 5682; x_wconf 66' lang='lat' dir='ltr'>caelo</span> 
     </span>
    </p>
   </div>
   <div class='ocr_carea' id='block_1_103' title="bbox 421 5708 2064 5785">
    <p class='ocr_par' dir='ltr' id='par_1_103' title="bbox 421 5708 2064 5785">
     <span class='ocr_line' id='line_1_103' title="bbox 421 5708 2064 5785; baseline 0.004 -14"><span class='ocrx_word' id='word_1_756' title='bbox 421 5716 595 5771; x_wconf 80' lang='lat' dir='ltr'>tacta.</span> <span class='ocrx_word' id='word_1_757' title='bbox 624 5708 833 5768; x_wconf 89' lang='lat' dir='ltr'>Statim</span> <span class='ocrx_word' id='word_1_758' title='bbox 855 5709 1096 5784; x_wconf 84' lang='lat' dir='ltr'>quidam</span> <span class='ocrx_word' id='word_1_759' title='bbox 1114 5711 1386 5785; x_wconf 86' lang='lat' dir='ltr'>primarii</span> <span class='ocrx_word' id='word_1_760' title='bbox 1415 5713 1523 5770; x_wconf 89' lang='lat' dir='ltr'>viri</span> <span class='ocrx_word' id='word_1_761' title='bbox 1553 5713 1804 5774; x_wconf 75' lang='lat' dir='ltr'>insidias</span> <span class='ocrx_word' id='word_1_762' title='bbox 1824 5715 1879 5776; x_wconf 84' lang='lat' dir='ltr'>ei</span> <span class='ocrx_word' id='word_1_763' title='bbox 1908 5720 2064 5779; x_wconf 78' lang='lat' dir='ltr'>stm-</span> 
     </span>
    </p>
   </div>
   <div class='ocr_carea' id='block_1_104' title="bbox 2169 4809 3828 4891">
    <p class='ocr_par' dir='ltr' id='par_1_104' title="bbox 2169 4809 3828 4891">
     <span class='ocr_line' id='line_1_104' title="bbox 2169 4809 3828 4891; baseline -0.004 -17"><span class='ocrx_word' id='word_1_764' title='bbox 2169 4823 2416 4874; x_wconf 80' lang='grc' dir='ltr'>τοιοῦτον</span> <span class='ocrx_word' id='word_1_765' title='bbox 2449 4816 2523 4878; x_wconf 85' lang='grc' dir='ltr'>ὡς</span> <span class='ocrx_word' id='word_1_766' title='bbox 2575 4815 2708 4891; x_wconf 68' lang='grc' dir='ltr'>ὑπὲρ</span> <span class='ocrx_word' id='word_1_767' title='bbox 2761 4813 2989 4889; x_wconf 86' lang='grc' dir='ltr'>μυρίους</span> <span class='ocrx_word' id='word_1_768' title='bbox 3047 4811 3129 4889; x_wconf 79' lang='grc' dir='ltr'>ἐφ’</span> <span class='ocrx_word' id='word_1_769' title='bbox 3177 4811 3412 4889; x_wconf 63' lang='grc' dir='ltr'>¹ἡμέραις</span> <span class='ocrx_word' id='word_1_770' title='bbox 3447 4809 3666 4868; x_wconf 88' lang='grc' dir='ltr'>πλείοσι</span> <span class='ocrx_word' id='word_1_771' title='bbox 3707 4812 3828 4868; x_wconf 87' lang='grc' dir='ltr'>καθ’</span> 
     </span>
    </p>
   </div>
   <div class='ocr_carea' id='block_1_105' title="bbox 2171 4900 3824 4982">
    <p class='ocr_par' dir='ltr' id='par_1_105' title="bbox 2171 4900 3824 4982">
     <span class='ocr_line' id='line_1_105' title="bbox 2171 4900 3824 4982; baseline -0.005 -20"><span class='ocrx_word' id='word_1_772' title='bbox 2171 4907 2380 4982; x_wconf 61' lang='grc' dir='ltr'>ἡμέραν</span> <span class='ocrx_word' id='word_1_773' title='bbox 2429 4905 2813 4976; x_wconf 87' lang='grc' dir='ltr'>ἀποθνήσκειν.</span> <span class='ocrx_word' id='word_1_774' title='bbox 2873 4901 3009 4960; x_wconf 90' lang='grc' dir='ltr'>Τότε</span> <span class='ocrx_word' id='word_1_775' title='bbox 3067 4902 3159 4958; x_wconf 84' lang='grc' dir='ltr'>καὶ</span> <span class='ocrx_word' id='word_1_776' title='bbox 3213 4900 3478 4958; x_wconf 89' lang='grc' dir='ltr'>κολοσσόν</span> <span class='ocrx_word' id='word_1_777' title='bbox 3525 4921 3652 4976; x_wconf 73' lang='grc' dir='ltr'>φασι</span> <span class='ocrx_word' id='word_1_778' title='bbox 3695 4901 3824 4962; x_wconf 76' lang='grc' dir='ltr'>τοὺς</span> 
     </span>
    </p>
   </div>
   <div class='ocr_carea' id='block_1_106' title="bbox 2167 4987 3821 5066">
    <p class='ocr_par' dir='ltr' id='par_1_106' title="bbox 2167 4987 3821 5066">
     <span class='ocr_line' id='line_1_106' title="bbox 2167 4987 3821 5066; baseline -0.004 -15"><span class='ocrx_word' id='word_1_779' title='bbox 2167 4993 2414 5056; x_wconf 87' lang='grc' dir='ltr'>Ῥοδίους</span> <span class='ocrx_word' id='word_1_780' title='bbox 2445 4993 2740 5063; x_wconf 85' lang='grc' dir='ltr'>ἀναστῆσαι</span> <span class='ocrx_word' id='word_1_781' title='bbox 2773 4989 2982 5062; x_wconf 85' lang='grc' dir='ltr'>στήλην</span> <span class='ocrx_word' id='word_1_782' title='bbox 3029 4989 3090 5046; x_wconf 83' lang='grc' dir='ltr'>ἐκ</span> <span class='ocrx_word' id='word_1_783' title='bbox 3140 4987 3356 5066; x_wconf 81' lang='grc' dir='ltr'>χαλκοῦ</span> <span class='ocrx_word' id='word_1_784' title='bbox 3384 4994 3463 5063; x_wconf 78' lang='grc' dir='ltr'>τῷ</span> <span class='ocrx_word' id='word_1_785' title='bbox 3490 4991 3599 5061; x_wconf 84' lang='grc' dir='ltr'>Διὶ,</span> <span class='ocrx_word' id='word_1_786' title='bbox 3631 4990 3821 5046; x_wconf 64' lang='grc' dir='ltr'>ἑκατὸν</span> 
     </span>
    </p>
   </div>
   <div class='ocr_carea' id='block_1_107' title="bbox 2171 5079 2716 5141">
    <p class='ocr_par' dir='ltr' id='par_1_107' title="bbox 2171 5079 2716 5141">
     <span class='ocr_line' id='line_1_107' title="bbox 2171 5079 2716 5141; baseline -0.006 0"><span class='ocrx_word' id='word_1_787' title='bbox 2171 5083 2484 5141; x_wconf 74' lang='grc' dir='ltr'>εἰκοσιεπτὰ</span> <span class='ocrx_word' id='word_1_788' title='bbox 2508 5079 2716 5138; x_wconf 82' lang='grc' dir='ltr'>ποδῶν.</span> 
     </span>
    </p>
   </div>
   <div class='ocr_carea' id='block_1_108' title="bbox 2243 5167 3823 5245">
    <p class='ocr_par' dir='ltr' id='par_1_108' title="bbox 2243 5167 3823 5245">
     <span class='ocr_line' id='line_1_108' title="bbox 2243 5167 3823 5245; baseline -0.004 -14"><span class='ocrx_word' id='word_1_789' title='bbox 2243 5176 2397 5232; x_wconf 84' lang='grc' dir='ltr'>Μετα</span> <span class='ocrx_word' id='word_1_790' title='bbox 2422 5174 2521 5244; x_wconf 77' lang='grc' dir='ltr'>τὴν</span> <span class='ocrx_word' id='word_1_791' title='bbox 2567 5179 2666 5242; x_wconf 83' lang='grc' dir='ltr'>τῆς</span> <span class='ocrx_word' id='word_1_792' title='bbox 2721 5171 3087 5245; x_wconf 79' lang='grc' dir='ltr'>Ἰερουσαλὴμ</span> <span class='ocrx_word' id='word_1_793' title='bbox 3142 5167 3348 5226; x_wconf 71' lang='grc' dir='ltr'>ἅλωσιν</span> <span class='ocrx_word' id='word_1_794' title='bbox 3403 5171 3631 5244; x_wconf 85' lang='grc' dir='ltr'>Συμεὼν</span> <span class='ocrx_word' id='word_1_795' title='bbox 3662 5171 3690 5227; x_wconf 82' lang='grc' dir='ltr'><strong>ὁ</strong></span> <span class='ocrx_word' id='word_1_796' title='bbox 3717 5174 3823 5226; x_wconf 78' lang='grc' dir='ltr'>τοῦ</span> 
     </span>
    </p>
   </div>
   <div class='ocr_carea' id='block_1_109' title="bbox 2175 5257 3514 5338">
    <p class='ocr_par' dir='ltr' id='par_1_109' title="bbox 2175 5257 3514 5338">
     <span class='ocr_line' id='line_1_109' title="bbox 2175 5257 3514 5338; baseline -0.001 -19"><span class='ocrx_word' id='word_1_797' title='bbox 2175 5264 2391 5322; x_wconf 79' lang='grc' dir='ltr'>Κλεόπα</span> <span class='ocrx_word' id='word_1_798' title='bbox 2419 5263 2513 5320; x_wconf 83' lang='grc' dir='ltr'>τὸν</span> <span class='ocrx_word' id='word_1_799' title='bbox 2537 5261 2730 5338; x_wconf 89' lang='grc' dir='ltr'>θρόνον</span> <span class='ocrx_word' id='word_1_800' title='bbox 2757 5258 3156 5335; x_wconf 76' lang='grc' dir='ltr'>Ἰεροσολύμων</span> <span class='ocrx_word' id='word_1_801' title='bbox 3185 5257 3514 5337; x_wconf 82' lang='grc' dir='ltr'>διαδέχεται.</span> 
     </span>
    </p>
   </div>
   <div class='ocr_carea' id='block_1_110' title="bbox 2243 5347 3820 5426">
    <p class='ocr_par' dir='ltr' id='par_1_110' title="bbox 2243 5347 3820 5426">
     <span class='ocr_line' id='line_1_110' title="bbox 2243 5347 3820 5426; baseline 0 -18"><span class='ocrx_word' id='word_1_802' title='bbox 2243 5353 2411 5416; x_wconf 87' lang='grc' dir='ltr'>Οὗτος</span> <span class='ocrx_word' id='word_1_803' title='bbox 2445 5353 2473 5408; x_wconf 84' lang='grc' dir='ltr'>ὁ</span> <span class='ocrx_word' id='word_1_804' title='bbox 2503 5350 2687 5426; x_wconf 81' lang='grc' dir='ltr'>Νέρων</span> <span class='ocrx_word' id='word_1_805' title='bbox 2724 5351 2917 5425; x_wconf 86' lang='grc' dir='ltr'>μανίας</span> <span class='ocrx_word' id='word_1_806' title='bbox 2967 5349 3175 5425; x_wconf 81' lang='grc' dir='ltr'>ἀλόγου</span> <span class='ocrx_word' id='word_1_807' title='bbox 3221 5347 3485 5421; x_wconf 77' lang='grc' dir='ltr'>πλησθεὶς</span> <span class='ocrx_word' id='word_1_808' title='bbox 3518 5349 3695 5408; x_wconf 82' lang='grc' dir='ltr'>ἀνεῖλε</span> <span class='ocrx_word' id='word_1_809' title='bbox 3723 5351 3820 5424; x_wconf 75' lang='grc' dir='ltr'>μὶν</span> 
     </span>
    </p>
   </div>
   <div class='ocr_carea' id='block_1_111' title="bbox 2170 5436 3822 5518">
    <p class='ocr_par' dir='ltr' id='par_1_111' title="bbox 2170 5436 3822 5518">
     <span class='ocr_line' id='line_1_111' title="bbox 2170 5436 3822 5518; baseline -0.003 -18"><span class='ocrx_word' id='word_1_810' title='bbox 2170 5444 2270 5512; x_wconf 74' lang='grc' dir='ltr'>τὴν</span> <span class='ocrx_word' id='word_1_811' title='bbox 2300 5444 2463 5499; x_wconf 77' lang='grc' dir='ltr'>αὑτοῦ</span> <span class='ocrx_word' id='word_1_812' title='bbox 2506 5440 2713 5517; x_wconf 79' lang='grc' dir='ltr'>μητέρα</span> <span class='ocrx_word' id='word_1_813' title='bbox 2761 5439 2850 5496; x_wconf 80' lang='grc' dir='ltr'>καὶ</span> <span class='ocrx_word' id='word_1_814' title='bbox 2899 5441 2999 5510; x_wconf 75' lang='grc' dir='ltr'>τὴν</span> <span class='ocrx_word' id='word_1_815' title='bbox 3045 5436 3286 5518; x_wconf 74' lang='grc' dir='ltr'>ἀδελφὴν</span> <span class='ocrx_word' id='word_1_816' title='bbox 3331 5439 3422 5496; x_wconf 87' lang='grc' dir='ltr'>καὶ</span> <span class='ocrx_word' id='word_1_817' title='bbox 3464 5441 3563 5510; x_wconf 75' lang='grc' dir='ltr'>τήν</span> <span class='ocrx_word' id='word_1_818' title='bbox 3596 5445 3822 5517; x_wconf 79' lang='grc' dir='ltr'>γυναῖκα</span> 
     </span>
    </p>
   </div>
   <div class='ocr_carea' id='block_1_112' title="bbox 2171 5528 3820 5608">
    <p class='ocr_par' dir='ltr' id='par_1_112' title="bbox 2171 5528 3820 5608">
     <span class='ocr_line' id='line_1_112' title="bbox 2171 5528 3820 5608; baseline -0.002 -18"><span class='ocrx_word' id='word_1_819' title='bbox 2171 5533 2262 5590; x_wconf 86' lang='grc' dir='ltr'>καὶ</span> <span class='ocrx_word' id='word_1_820' title='bbox 2315 5530 2443 5595; x_wconf 77' lang='grc' dir='ltr'>τοὺς</span> <span class='ocrx_word' id='word_1_821' title='bbox 2498 5531 2558 5587; x_wconf 90' lang='grc' dir='ltr'>ἐκ</span> <span class='ocrx_word' id='word_1_822' title='bbox 2614 5531 2802 5608; x_wconf 81' lang='grc' dir='ltr'>γένους</span> <span class='ocrx_word' id='word_1_823' title='bbox 2856 5528 3004 5603; x_wconf 76' lang='grc' dir='ltr'>αὐτῷ</span> <span class='ocrx_word' id='word_1_824' title='bbox 3061 5530 3440 5604; x_wconf 85' lang='grc' dir='ltr'>προσήκοντας</span> <span class='ocrx_word' id='word_1_825' title='bbox 3489 5529 3689 5593; x_wconf 80' lang='grc' dir='ltr'>πάντας</span> <span class='ocrx_word' id='word_1_826' title='bbox 3723 5529 3820 5586; x_wconf 83' lang='grc' dir='ltr'>καὶ</span> 
     </span>
    </p>
   </div>
   <div class='ocr_carea' id='block_1_113' title="bbox 2171 5616 3816 5695">
    <p class='ocr_par' dir='ltr' id='par_1_113' title="bbox 2171 5616 3816 5695">
     <span class='ocr_line' id='line_1_113' title="bbox 2171 5616 3816 5695; baseline -0.002 -16"><span class='ocrx_word' id='word_1_827' title='bbox 2171 5627 2279 5679; x_wconf 82' lang='grc' dir='ltr'>τῶν</span> <span class='ocrx_word' id='word_1_828' title='bbox 2331 5619 2750 5695; x_wconf 85' lang='grc' dir='ltr'>ἐπισημοτάτων</span> <span class='ocrx_word' id='word_1_829' title='bbox 2805 5619 3100 5692; x_wconf 78' lang='grc' dir='ltr'>Ῥωμαίων</span> <span class='ocrx_word' id='word_1_830' title='bbox 3148 5616 3460 5682; x_wconf 75' lang='grc' dir='ltr'>πλείστους.</span> <span class='ocrx_word' id='word_1_831' title='bbox 3491 5623 3582 5692; x_wconf 80' lang='grc' dir='ltr'>Τῷ</span> <span class='ocrx_word' id='word_1_832' title='bbox 3608 5616 3816 5676; x_wconf 87' lang='grc' dir='ltr'>καὶδιᾶ</span> 
     </span>
    </p>
   </div>
   <div class='ocr_carea' id='block_1_114' title="bbox 2171 5706 3816 5790">
    <p class='ocr_par' dir='ltr' id='par_1_114' title="bbox 2171 5706 3816 5790">
     <span class='ocr_line' id='line_1_114' title="bbox 2171 5706 3816 5790; baseline -0.002 -20"><span class='ocrx_word' id='word_1_833' title='bbox 2171 5712 2264 5771; x_wconf 83' lang='grc' dir='ltr'>τὸν</span> <span class='ocrx_word' id='word_1_834' title='bbox 2294 5710 2522 5790; x_wconf 81' lang='grc' dir='ltr'>αἰσχρὸν</span> <span class='ocrx_word' id='word_1_835' title='bbox 2551 5710 2640 5768; x_wconf 80' lang='grc' dir='ltr'>καὶ</span> <span class='ocrx_word' id='word_1_836' title='bbox 2695 5708 2905 5788; x_wconf 78' lang='grc' dir='ltr'>ἀσελγῆ</span> <span class='ocrx_word' id='word_1_837' title='bbox 2964 5707 3089 5788; x_wconf 80' lang='grc' dir='ltr'>βίον</span> <span class='ocrx_word' id='word_1_838' title='bbox 3144 5708 3316 5768; x_wconf 76' lang='grc' dir='ltr'>αὐτοῦ</span> <span class='ocrx_word' id='word_1_839' title='bbox 3343 5710 3413 5784; x_wconf 75' lang='grc' dir='ltr'>τῇ</span> <span class='ocrx_word' id='word_1_840' title='bbox 3457 5706 3694 5786; x_wconf 67' lang='grc' dir='ltr'>τραπέζῃ</span> <span class='ocrx_word' id='word_1_841' title='bbox 3721 5729 3816 5766; x_wconf 84' lang='grc' dir='ltr'>κε-</span> 
     </span>
    </p>
   </div>
  </div>
