4118 6288
284 382 397 442 417

1399 371 1938 437 HISTORIARUM
1987 368 2536 438 COMPENDIUM.

3580 382 3698 441 418

294 513 482 591 ραυνὸς
513 508 818 582 ἐπιπίπτει,
849 509 941 566 καὶ
971 509 1128 573 εύθὺς
1194 508 1518 565 ἐπιτίθενται
1583 505 1732 578 αὐτῷ
1787 523 1929 565 τινες

2065 514 2283 565 terunt.
2308 509 2515 582 Itaque
2547 526 2684 567 suos
2707 512 2832 584 ipse
2874 512 3027 570 878
3066 513 3336 570 hortatus
3361 520 3450 570 est
3492 520 3560 570 ut
3584 516 3698 587 ipsi

290 610 397 659 τῶν
458 601 512 657 ἐν
572 600 722 658 τέλει
762 602 1172 674 ἀναιρήσοντες.
1224 600 1288 658 'O
1345 595 1403 654 δὲ
1468 594 1764 673 παρεκάλει
1819 592 1947 658 τοὺς

291 693 549 754 συνόντας
588 691 738 764 αὖτῷ
768 689 975 745 ἀνελεῖν
1007 689 1191 748 αὐτόν.
1220 693 1308 751 Ὡς
1370 685 1427 743 δὲ
1459 684 1640 751 υύδεῖς
1679 681 1946 758 ἠνέσχετο

295 787 456 839 τοῦτο
485 782 706 856 πρᾶξαι,
739 780 885 857 Ἐγὼ
919 779 1107 853 μόνος,
1137 773 1263 856 ἔφη,
1314 775 1437 833 οὕτε
1475 775 1637 856 φίλον
1690 768 1806 849 ἔχω
1852 772 1943 827 τὸν

285 875 530 942 σώζοντα
561 870 685 925 οὔτε
714 867 911 946 ἐχθρὸν
937 869 1028 924 τὸν
1088 866 1414 944 ἀναιροῦντα
1474 886 1562 939 με.
1620 864 1942 922 Ἀποθανεῖν

291 962 437 1017 θέλει
468 962 504 1030 ἡ
537 960 722 1034 ψυχὴ,
754 959 844 1013 καὶ
877 960 911 1027 ἡ
943 958 1067 1036 χεὶρ
1109 956 1218 1036 οὐχ
1275 956 1553 1032 ὑπηρετεῖ.
1607 953 1710 1010 Καὶ
1767 949 1948 1006 τελευ-

289 1058 437 1108 ταῖον
497 1050 764 1117 ἐπειπὼν,
820 1049 889 1103 Ὦ
971 1053 1087 1117 Ζεῦ,
1157 1048 1276 1110 οἷος
1332 1045 1588 1123 τεχνίτης
1638 1038 1945 1118 κιθαρῳδὸς

294 1138 599 1197 απόλλυται
656 1139 846 1194 ἑαυτὸν
897 1137 1129 1194 ἀνεῖλεν.
1218 1136 1608 1195 Ἀποθανόντος
1668 1130 1726 1188 δὲ
1782 1130 1946 1186 αὐτοῦ

295 1231 431 1291 τινες
466 1227 623 1283 πιλία
645 1229 718 1290 ὡς
750 1227 1196 1302 ἐλευθερούμενοι
1249 1224 1520 1305 ἐφόρεσαν.
1579 1220 1709 1299 Περὶ
1765 1221 1826 1275 οὗ
1856 1219 1945 1273 καὶ

294 1315 525 1382 Βάλϐιος
574 1321 710 1393 (48),
767 1317 890 1390 περὶ
945 1325 1046 1388 τῆς
1104 1317 1221 1372 κατ’
1280 1313 1445 1371 αὐτοῦ
1499 1314 1811 1383 ἐπιθέσεως,
1871 1309 1945 1371 ὡς

295 1407 493 1468 οἲκεῖος
525 1407 692 1462 αύτοῦ
724 1404 797 1460 ὥν
832 1405 1124 1483 ἐρωτηθεὶς
1179 1404 1327 1477 παρᾶ
1382 1400 1660 1478 Νέρωνος,
1716 1399 1792 1461 ὡς
1850 1396 1945 1452 καὶ

293 1495 450 1558 αὐτὸς
477 1498 530 1550 εἴ
560 1497 677 1551 κατ’
708 1494 843 1569 ἐμοῦ
876 1514 891 1565 ;
923 1492 1050 1574 ἔφη,
1090 1492 1372 1572 Ἐφίλησά
1428 1513 1485 1548 σε
1548 1488 1745 1552 παντὸς
1807 1483 1948 1560 μᾶλ-

294 1585 389 1642 λον
428 1585 521 1640 καὶ
542 1585 797 1659 ἐμίσησα.
832 1587 919 1656 [Ρ.
977 1585 1104 1656 216]
1173 1580 1444 1658 Ἐφίλησα
1499 1579 1727 1640 ἐλπίσας
1754 1576 1949 1652 ἀγαθὸν

297 1675 668 1751 αὐτοκράτορα
696 1669 907 1729 ἔσεσθαί
946 1694 1024 1741 σε,
1062 1677 1207 1746 μισῶ
1265 1668 1322 1727 δὲ
1380 1670 1466 1726 ὅτι
1521 1673 1690 1726 ταῦτα
1740 1666 1943 1728 ποιεῖς’

298 1763 419 1819 οὔτε
448 1764 554 1839 γὰρ
586 1761 951 1837 ἁρματηλάτῃ
1007 1757 1132 1816 οὔτε
1189 1764 1410 1838 κυνηγῷ
1465 1755 1590 1814 οὔτε
1653 1751 1947 1833 κιθαρῳδῷ

301 1849 572 1907 δουλεύειν
606 1849 858 1925 δύναμαι.

366 1940 494 1998 Ἐπὶ
525 1939 774 2015 Νέρωνος
807 1938 859 1995 ἐν
891 1941 1084 2014 Ῥώμῃ
1151 1931 1351 2000 ὕπατος
1404 1937 1636 2000 Λεύκιος
1694 1936 1945 1997 Κούϊντος

303 2029 618 2093 Κικιννᾶτος
651 2032 871 2104 ἃριστος
906 2025 1152 2103 ἐδείχθη.
1196 2030 1405 2085 Τοῦτον
1434 2029 1468 2097 ἡ
1532 2023 1708 2103 βουλή
1741 2023 1948 2099 ἔπεμψε

302 2122 420 2182 τοὺς
457 2119 953 2197 παραληψομένους
992 2118 1080 2173 ἐπὶ
1127 2119 1227 2187 τὴν
1281 2116 1483 2193 ἀρχήν.
1519 2117 1721 2192 Ἔτυχε
1751 2113 1806 2171 δὲ
1836 2137 1945 2185 τη-

302 2214 521 2265 νικαῦτα
552 2206 784 2284 ἄρουραν
834 2208 1196 2284 ἐργαζόμενος
1256 2207 1330 2269 εἷς
1390 2206 1611 2281 σπορὰν,
1669 2204 1758 2260 καὶ
1818 2204 1949 2260 ἀκο-

304 2300 515 2364 λουθῶν
547 2304 664 2362 τοῖς
702 2298 885 2374 βουσὶν
920 2298 1151 2373 ἀχίτων,
1207 2296 1617 2373 περιζωμάτιον
1658 2293 1802 2371 ἔχων
1857 2295 1948 2350 καὶ

302 2390 385 2446 ἐπὶ
456 2394 525 2464 τῇ
581 2388 794 2465 κειραλῇ
862 2385 1050 2443 πῖλον.
1100 2384 1524 2462 Προδραμόντος
1574 2382 1631 2441 δέ
1666 2406 1814 2447 τινος
1858 2384 1949 2440 καὶ

302 2478 654 2539 κελεύσαντος
718 2475 807 2532 ἐπὶ
864 2477 926 2532 τὸ
982 2476 1358 2550 κοσμιώτερον
1427 2474 1613 2529 ἑαυτὸν
1697 2481 1948 2544 ποιῆσαι,

303 2566 588 2641 παρελθὼν
623 2565 697 2627 εἰς
726 2567 824 2636 τὴν
857 2559 1103 2635 καλύϐην
1134 2565 1225 2620 καὶ
1282 2564 1690 2642 ἀμφιασάμενος
1729 2561 1948 2640 προῆλ-

305 2669 409 2723 θεν.
448 2657 518 2713 Οἱ
551 2652 609 2709 δὲ
667 2654 979 2725 ἠσπάσαντό
1012 2674 1069 2710 τε
1126 2651 1285 2708 αὐτὸν
1316 2652 1389 2716 ὡς
1421 2652 1622 2708 ὕπατον
1677 2652 1766 2707 καὶ
1849 2653 1950 2722 τὴν

305 2744 724 2822 περιπόρφυρον
747 2741 942 2812 ἐσθῆτα
1004 2741 1337 2818 περιέθεσαν.
1387 2745 1450 2799 Ὀ
1516 2739 1574 2797 δὲ
1607 2742 1799 2816 μικρὸν
1833 2739 1951 2796 ἐπι-

307 2838 458 2911 σχὼν
489 2835 583 2889 καὶ
617 2831 903 2908 δακρύσας,
933 2839 1213 2908 νΔστιιορον
1262 2831 1364 2906 ἄρα
1426 2854 1544 2906 μοι,
1575 2830 1702 2906 ἔφη,
1740 2829 1802 2887 τὸ
1836 2851 1951 2907 χωο

304 2926 420 2999 ρίον
455 2917 604 2978 ἔσται
646 2927 840 2977 τοῦτον
903 2921 994 2977 τὸν
1061 2921 1320 2978 ἐνιαυτόν.
1387 2922 1484 2976 Καὶ
1543 2917 1950 2994 κινδυνεύσομεν

304 3014 414 3088 οὐχ
443 3010 580 3082 ἕξειν
615 3009 775 3065 πόθεν
803 3007 1158 3085 διατραφῆναι
1192 3029 1206 3079 ;

371 3104 495 3159 ’Ὁτι
529 3103 565 3170 ἡ
638 3097 916 3173 ἐπωνυμία
965 3103 1063 3153 τοῦ
1114 3098 1442 3153 ἐνιαυσιαίου
1498 3096 1730 3168 κύκλου,
1771 3099 1806 3166 ἡ
1858 3096 1953 3170 μὶν

316 3189 660 3264 ῥωμαΐζουσα
691 3190 844 3267 φωνὴ
882 3188 943 3243 τὸ
1007 3190 1232 3262 μήνυμα
1290 3187 1565 3261 σημαίνειο
1604 3185 1797 3261 μηνύει
1854 3185 1954 3261 γὰρ

319 3280 356 3347 ἡ
381 3279 519 3356 ἁρχὴ
549 3279 650 3347 τήν
684 3273 967 3352 περίοδον,
1024 3276 1116 3331 καὶ
1171 3275 1333 3331 τοῦτό
1381 3278 1524 3332 ἐστιν
1556 3277 1590 3345 ἡ
1652 3272 1945 3330 ίνδικτιών.

320 3367 381 3422 Ἦ
412 3364 466 3420 δὲ
502 3366 701 3428 Ἑλλὰς
733 3365 1067 3440 φερωνύμως
1104 3363 1265 3435 ἔθηκε
1319 3366 1418 3434 τὴν
1481 3364 1822 3437 ἐπινέμησιν.
1878 3363 1955 3420 Οὐ

319 3456 417 3529 γᾶρ
446 3455 515 3516 εἰς
544 3448 893 3529 ἀπαράϐατον
921 3455 1013 3508 καὶ
1045 3454 1352 3528 ὡρισμένον
1399 3454 1565 3529 βάρος
1621 3454 1684 3507 τὸ
1722 3451 1956 3507 παλαιὸν

313 3544 361 3598 οἱ
398 3545 554 3623 φόροι
588 3549 708 3606 τοῖς
740 3542 1006 3614 ὓπηκόοις
1041 3542 1347 3613 ἐτάττοντο,
1402 3540 1529 3597 ἀλλ’
1581 3544 1616 3612 ἡ
1673 3545 1780 3595 τῶν
1833 3560 1958 3615 καρ-

307 3638 419 3688 πῶν
446 3634 654 3707 γένεσις
684 3633 783 3701 τήν
839 3631 1083 3702 σύνταξιν
1140 3631 1325 3693 αὐτοῖς
1391 3628 1953 3711 ἐφιλανθρωπεύσατο·

308 3724 673 3792 σπανίζουσαν
754 3722 855 3793 γὰρ
948 3718 1277 3794 ήλάφρυνεν,
1338 3719 1665 3789 εὐθηνοῦσαν
1725 3717 1784 3773 δὲ
1857 3719 1959 3773 οὐκ

311 3805 555 3885 ἐϐάρυνε,
588 3810 682 3864 καὶ
715 3805 975 3880 διένειμεν
1008 3807 1235 3869 ἀλύπως
1274 3813 1392 3868 τοῖς
1451 3804 1956 3881 φορολογουμένοις

308 3900 370 3954 τὸ
408 3898 703 3974 ἀνάλογον,
734 3897 824 3951 καὶ
874 3897 998 3953 τότε
1051 3895 1139 3951 ὅτε
1169 3895 1332 3975 χρεία
1360 3893 1564 3950 ἐκάλει.
1598 3893 1843 3965 unam;
1902 3891 1960 3949 δὲ

311 3987 463 4051 ὄντος
496 3992 597 4042 τοῦ
638 3987 1115 4065 φορολογουμένου
1147 3983 1260 4041 οὐδ’
1315 3983 1461 4048 ὅλως
1494 3986 1522 4040 ὁ
1553 3984 1719 4064 φόρος
1750 3982 1956 4060 ἐπράτ-

297 4100 441 4151 τετο,
472 4076 616 4133 ἀλλ’
637 4079 843 4151 ἴεγίνετο
872 4074 1063 4150 κέρδος
1090 4076 1117 4131 ὁ
1149 4074 1311 4140 πόνος
1350 4074 1481 4137 ὅλος
1535 4079 1652 4136 τοῖς
1702 4075 1953 4151 γεωργή-

304 4188 451 4224 σασι.

369 4250 590 4318 Γάλϐας
650 4250 964 4311 ἐϐασίλευσε
1027 4261 1199 4330 μῆνας
1261 4255 1329 4325 θ’,
1388 4253 1598 4329 ἡμέρας
1658 4253 1751 4328 ιγ’,
1805 4252 1872 4322 ἦν
1903 4248 1961 4308 δὲ

299 4346 407 4400 τῶν
494 4341 829 4420 εὐπατριδῶν
867 4390 880 4414 ,
949 4344 1007 4407 δς
1067 4345 1182 4419 εἶχε
1265 4339 1804 4420 παραδυναστεύοντα
1868 4342 1958 4398 τὸν

300 4437 544 4493 Ὄθωνα.
571 4435 670 4495 ’Ός
703 4434 791 4489 καὶ
820 4431 949 4488 ίδὼν
981 4434 1070 4487 τὸν
1105 4428 1319 4489 Γάλϐαν
1382 4432 1631 4487 Λούκιον
1675 4431 1749 4493 εἰς
1781 4432 1960 4496 υἱοθε-

305 4525 424 4577 σίαν
460 4517 872 4597 παραλαϐόντα,
917 4523 1187 4602 φθονήσας
1218 4521 1308 4576 καὶ
1362 4521 1424 4576 τὸ
1480 4518 1790 4597 στράτευμα
1844 4517 1963 4575 κατ’

1975 1899 2022 1964 Β

2051 616 2265 656 manus
2287 601 2587 657 afferrent.
2603 603 2768 668 Quod
2792 619 2927 658 cum
2950 621 3157 661 omnes
3180 609 3541 662 recusarent.
3558 606 3698 677 Ego,

2051 688 2263 760 inquit,
2300 690 2460 746 solus
2491 708 2684 762 neque
2716 692 2972 747 amicum
3005 692 3105 763 qui
3150 710 3245 749 me
3274 700 3464 748 servet
3486 693 3698 762 habeo,

2048 795 2245 851 neque
2260 780 2570 838 inimicum
2584 781 2687 852 qui
2701 798 2794 836 me
2810 781 3066 849 occidat:
3095 783 3246 838 mori
3261 784 3424 855 cupit
3439 783 3696 849 animus,

2053 874 2111 925 et
2138 888 2350 927 manus
2381 872 2432 927 ei
2464 890 2584 928 non
2615 873 2876 928 inservit.
2900 873 3161 929 Tandem
3186 875 3359 942 fatus,
3386 876 3428 930 Ο
3450 877 3696 947 Jupiter,

2054 965 2309 1031 quantus
2341 961 2550 1016 artifex
2572 968 2630 1016 et
2659 961 3017 1016 citharcedus
3042 963 3211 1032 perit,
3239 980 3299 1018 se
3318 964 3701 1036 ipsumjugu-
3765 1008 3768 1011 λ

2052 1049 2211 1103 lavit.
2245 1050 2323 1104 Eo
2356 1050 2585 1105 sublato
2610 1050 2852 1122 quidam
2883 1051 3092 1121 pileos,
3115 1057 3180 1106 ut
3201 1050 3537 1109 libertatem
3559 1052 3699 1108 ade-

2052 1139 2158 1210 pti,
2189 1145 2582 1211 gestaverunt.
2619 1143 2697 1196 De
2728 1157 2795 1195 eo
2817 1141 3071 1207 Flavius,
3105 1158 3257 1196 unus
3290 1158 3494 1197 eorum
3525 1143 3625 1214 qui
3648 1143 3701 1197 ei

2053 1228 2300 1285 insidias
2329 1230 2618 1298 fecerunt,
2651 1231 2734 1286 sic
2765 1231 3191 1302 pronuntiavit.
3240 1232 3638 1304 Interrogatus
3669 1249 3704 1287 a

2053 1319 2305 1386 Nerone,
2337 1319 2432 1374 cui
2470 1324 2595 1375 erat
2625 1319 2947 1374 admodum
2973 1318 3307 1388 familiaris,
3334 1338 3440 1376 cur
3471 1338 3532 1376 se
3564 1338 3703 1392 quo-

2054 1423 2167 1478 que
2199 1407 2311 1478 ipsi
2344 1407 2653 1463 adversum
2694 1407 3006 1480 praeberet,
3060 1410 3275 1480 Majore
3323 1410 3405 1463 ait
3438 1414 3491 1465 te
3523 1426 3701 1481 quam

2053 1495 2244 1551 ullum
2290 1496 2474 1552 alium
2524 1502 2580 1552 et
2609 1514 2812 1552 amore
2863 1503 2921 1552 et
2946 1495 3081 1552 odio
3135 1514 3265 1552 sum
3312 1505 3700 1570 prosecutus;

2053 1602 2275 1653 amore,
2309 1586 2466 1657 quod
2496 1587 2807 1659 sperabam
2831 1593 2887 1642 te
2938 1586 3161 1643 bonum
3198 1588 3321 1643 fore
3373 1589 3700 1661 imperato-

2054 1690 2219 1740 rem;
2255 1690 2414 1729 nunc
2445 1681 2642 1730 autem
2677 1675 2773 1729 odi
2807 1680 2863 1730 te
2897 1674 2970 1729 ob
3023 1681 3123 1729 tua
3153 1674 3342 1731 facta:
3393 1692 3511 1731 non
3543 1677 3701 1732 enim

2053 1778 2295 1835 possum
2329 1765 2568 1836 aurigae,
2604 1765 2864 1819 venatori
2900 1761 3247 1820 autﬁdicini
3279 1766 3518 1820 servire.

2121 1944 2716 2015 Neroneimperante,
2733 1944 2932 1998 Romae
2956 1942 3163 1997 consul
3182 1942 3292 1998 fuit
3313 1944 3370 1997 L.
3392 1943 3698 2008 Quinctius

2054 2031 2458 2098 Cincinnatus,
2492 2033 2578 2086 vir
2607 2032 2866 2104 optimus
2898 2031 3154 2086 habitus.
3188 2033 3263 2101 Is,
3294 2048 3428 2086 cum
3460 2036 3702 2087 senatus

2055 2121 2319 2176 mitteret
2339 2122 2440 2192 qui
2472 2138 2604 2176 eum
2639 2122 2713 2177 ad
2743 2120 3154 2193 accipiendum
3179 2122 3591 2193 magistratum
3610 2136 3706 2175 vo-

2055 2216 2278 2274 carent,
2314 2210 2587 2265 inventus
2636 2216 2725 2265 est
2771 2210 2897 2265 sine
2945 2211 3145 2266 tunica
3188 2227 3365 2265 arans
3407 2210 3702 2279 bovesque

2056 2316 2333 2370 sequens,
2381 2299 2745 2372 subligaculo
2791 2300 3017 2356 cinctus
3061 2317 3129 2354 ac
3181 2300 3406 2371 pileum
3445 2304 3704 2371 gestans.

2056 2388 2200 2444 Cum
2249 2389 2606 2444 accurrisset
2650 2388 2890 2459 quidam
2933 2389 3290 2461 juberetque
3340 2405 3475 2443 eum
3518 2406 3579 2443 se
3612 2405 3709 2443 or—

2057 2494 2219 2546 nare,
2269 2478 2331 2533 in
2378 2495 2576 2534 casam
2629 2479 2931 2551 ingressus
2980 2484 3201 2533 vestem
3250 2479 3523 2550 sumpsit,
3570 2495 3707 2549 pro-

2056 2583 2410 2638 gressusque
2438 2567 2728 2624 salutatus
2760 2574 2849 2623 est
2880 2567 3112 2636 consul,
3147 2572 3203 2623 et
3244 2584 3508 2640 purpura
3554 2584 3707 2638 prae-

2058 2660 2217 2711 texta
2246 2661 2403 2712 veste
2435 2658 2707 2713 amictus.
2741 2658 3048 2723 Quinctius
3087 2655 3394 2728 paululum
3443 2662 3707 2712 moratus

2058 2744 2237 2813 ﬂevit,
2270 2745 2473 2800 dicens
2504 2747 2730 2818 Ergone
2761 2746 2873 2801 hoc
2905 2763 3062 2802 anno
3088 2764 3227 2819 ager
3252 2746 3397 2800 mihi
3422 2763 3541 2802 non
3573 2763 3709 2801 con-

2059 2838 2309 2903 seretur,
2340 2839 2399 2889 et
2427 2834 2754 2906 periculum
2789 2835 2902 2890 erit
2928 2834 3000 2889 de
3034 2834 3282 2906 penuria
3302 2834 3329 2888 ?

2131 3100 2357 3155 Nomen
2389 3100 2574 3156 annui
2602 3098 2809 3155 circuli
2849 3099 3093 3154 indictio
3122 3105 3209 3154 est
3262 3097 3416 3170 apud
3450 3097 3709 3167 Latinos,

2063 3189 2202 3260 quia
2234 3189 2594 3261 principium
2627 3189 2778 3243 879
2820 3189 3051 3245 circuiti
3110 3189 3352 3243 indicat.
3387 3187 3608 3243 Graecia
3638 3187 3709 3241 ab

2063 3283 2277 3333 eventu
2307 3294 2525 3332 nomen
2559 3278 2862 3349 imposuit,
2884 3282 2950 3333 ut
2973 3278 3340 3349 epinemesin
3363 3276 3713 3348 appellaret.

2061 3367 2403 3437 Antiquitus
2435 3367 2593 3422 enim
2626 3366 2913 3423 tributum
2944 3366 3195 3422 subditis
3218 3384 3335 3421 non
3368 3368 3447 3420 ita
3470 3365 3711 3437 imposi-

2062 3462 2187 3512 tum
2220 3464 2345 3513 erat
2386 3462 2451 3513 ut
2482 3459 2609 3530 ejus
2659 3458 2777 3515 ﬁxa
2809 3463 2964 3513 esset
3015 3463 3073 3513 et
3102 3457 3492 3512 immutabilis
3538 3457 3712 3525 ratio,

2062 3547 2168 3602 sed
2190 3548 2365 3619 juxta
2393 3549 2628 3621 frugum
2654 3554 3002 3620 proventum
3033 3549 3381 3603 humaniter
3411 3547 3483 3601 iis
3522 3547 3712 3617 impo-

2062 3636 2335 3705 nebatur,
2369 3638 2452 3693 ita
2481 3644 2546 3692 ut
2575 3654 2643 3693 eo
2684 3638 2953 3693 tenuiore
2982 3638 3180 3693 minus
3228 3636 3578 3708 penderent,
3612 3652 3719 3689 ne-

2064 3743 2176 3796 que
2216 3727 2491 3782 uberiore
2522 3744 2590 3782 eo
2622 3744 2834 3782 census
2860 3732 3195 3798 augeretur.
3227 3726 3433 3795 Itaque
3483 3729 3716 3779 exacto—

2062 3814 2227 3870 ribus
2258 3833 2363 3887 pro
2396 3816 2666 3888 portione
2700 3814 3058 3883 tribuebant,
3083 3814 3260 3885 idque
3284 3819 3445 3881 tunc,
3479 3811 3716 3883 quando

2063 3904 2388 3959 necessitas
2417 3903 2776 3975 postulabat.
2809 3905 2953 3960 Cum
2985 3909 3184 3959 autem
3223 3919 3400 3958 nemo
3434 3902 3717 3974 exigeret,

2063 4010 2306 4065 prorsus
2337 4010 2580 4048 censum
2613 4010 2732 4047 non
2764 3992 3139 4065 pendebant;
3173 3992 3277 4047 sed
3308 3992 3505 4047 omnis
3550 3991 3717 4046 labo-

2064 4081 2147 4136 ris
2179 4080 2404 4137 fructus
2438 4081 2714 4154 agricolis
2747 4081 3217 4152 relinquebatur.

2136 4257 2318 4315 Galba
2337 4259 2645 4330 imperavit
2680 4260 2962 4315 menses?)
2989 4257 3114 4314 dies
3140 4258 3225 4313 13.
3249 4258 3381 4313 Fuit
3412 4256 3720 4329 patricius,

2066 4345 2390 4419 habuitque
2456 4347 2692 4419 imperii
2744 4348 3026 4403 aemulum
3071 4347 3383 4411 Othonem,
3445 4346 3545 4416 qui
3587 4361 3721 4400 cum

2069 4435 2312 4491 Lucium
2343 4453 2377 4491 a
2410 4436 2592 4493 Galba
2639 4435 2862 4492 videret
2914 4436 3208 4508 adoptari,
3259 4435 3481 4490 invidia
3510 4433 3722 4489 ductus

2071 4524 2395 4580 exercitum
2416 4525 2696 4581 adversus
2721 4525 2880 4581 hunc
2901 4524 3236 4590 concitavit,
3269 4540 3524 4596 eumque
3546 4523 3725 4578 inter-

308 4611 471 4666 αὐτοῦ
502 4614 731 4681 κινήσας
761 4611 1063 4666 ἀπέκτεινεν
1109 4609 1289 4666 αὐτόν.
1349 4609 1781 4682 Ἀπαιτούμενος
1842 4606 1898 4664 δὲ
1931 4609 1951 4663 ὃ

308 4701 399 4715 In-
643 4703 657 4715 ι
980 4701 993 4715 1
1094 4704 1119 4714 υ
1474 4704 1500 4714 Q-
1612 4696 1636 4715 ’θ
1696 4698 1710 4715 ρ
1772 4698 1783 4715 Ι

2068 4613 2226 4668 fecit.
2272 4615 2421 4669 Otho
2469 4620 2668 4670 autem
2717 4632 2752 4670 a
2801 4615 3093 4671 militibus
3145 4614 3483 4687 pecuniam,
3546 4629 3722 4684 quam

306 4701 488 4764 Ὀοων
544 4703 812 4776 χρήματα
858 4701 1005 4776 παρᾶ
1055 4704 1161 4756 τῶν
1195 4704 1566 4773 στρατιωτῶν,
1608 4696 1640 4752 ἅ
1691 4698 1957 4774 ὑπέσχετο

305 4786 513 4853 αύτοῖς,
546 4786 646 4864 ἔφη
691 4787 753 4842 ού
785 4784 866 4842 δεῖ
884 4787 1259 4862 αὐτοκράτορα
1287 4785 1702 4861 ἀναγκάζεσθαι.

378 4878 557 4941 Ὄθων
584 4872 907 4932 ἐϐασίλευσε
942 4883 1117 4951 μῆνας
1176 4880 1320 4951 τρεῖς
1387 4874 1597 4949 ἡμέρας
1639 4881 1710 4948 η’,
1775 4878 1843 4945 ἦν
1900 4873 1958 4931 δὲ

307 4964 491 5040 γένους
520 4965 762 5038 ἀσήμου.
796 4966 952 5023 Ούων
995 4963 1051 5020 δέ
1089 4986 1222 5021 ποτε
1279 4964 1332 5020 ἐν
1390 4969 1470 5037 τῷ
1527 4966 1657 5040 ἱερῷ
1726 4966 1793 5020 τὰ
1855 4972 1957 5036 τῆς

308 5052 635 5129 Ἀφροδίτης
695 5053 907 5128 ᾅσματα
961 5060 1078 5118 τοῖς
1153 5056 1321 5131 ἱεροῖς
1380 5054 1661 5128 παρέμιξε,
1730 5054 1819 5110 καὶ
1870 5052 1960 5110 διὰ

304 5147 464 5198 τοῦτο
502 5143 792 5201 Ούῖτελίου
855 5143 1000 5216 αύτῷ
1055 5143 1446 5204 ἒπαναστᾶντος
1486 5141 1707 5221 ξιφιδίῳ
1772 5146 1958 5201 ἑαυτὸν

2066 4703 2443 4774 promiserat,
2502 4704 2859 4776 postulatus,
2937 4704 3247 4777 respondit
3304 4703 3723 4775 imperatorem

2069 4811 2189 4849 non
2221 4793 2438 4849 debere
2480 4795 2628 4866 cogi.

2141 4884 2457 4954 Imperavit
2487 4884 2635 4939 Otho
2676 4901 2913 4940 menses
2947 4885 2976 4938 3
3011 4884 3136 4938 dies
3166 4884 3219 4938 8.
3252 4885 3434 4937 Natus
3465 4882 3597 4936 funt
3629 4880 3726 4935 ob-

2068 4989 2241 5028 scuro
2273 4988 2510 5043 genere.
2561 4972 2898 5044 Aliquando
2947 4988 3075 5027 rem
3108 4988 3336 5026 sacram
3386 4970 3447 5024 in
3498 4968 3720 5039 templo

2067 5060 2292 5116 faciens
2314 5061 2581 5117 carmina
2612 5063 2875 5117 Venerea
2916 5060 3099 5116 sacris
3148 5058 3512 5131 permiscuit.
3558 5056 3727 5111 Ideo-

2070 5167 2184 5221 que
2210 5149 2491 5205 adversus
2522 5150 2718 5221 ipsum
2749 5168 2783 5207 a
2814 5150 3044 5205 Vitellio
3077 5154 3238 5204 mota
3269 5145 3558 5202 seditione
3600 5146 3719 5217 gla-

1509 5244 1872 5306 XYLANDRI
1913 5253 1994 5307 ET
2033 5236 2252 5308 com
2292 5253 2515 5308 Nora.

381 5374 493 5443 (48)
540 5368 780 5434 Βάλϐιος
837 5374 926 5428 vel
986 5367 1223 5440 Βάλϐος,
1293 5372 1502 5428 Balbus
1556 5372 1647 5428 vel
1723 5375 1954 5431 Flavius

309 5440 547 5517 §Xi5ioc
582 5446 894 5517 legendum
927 5444 1252 5500 videbatur.
1288 5444 1399 5517 Sed
1428 5447 1658 5517 cumil’.
1693 5445 1953 5501 Cornelii

309 5515 488 5571 Taciti
518 5515 738 5571 librum
769 5533 839 5571 xv
879 5516 1278 5580 consulerem,
1313 5515 1510 5569 inveni
1565 5515 1829 5572 Flavium
1854 5534 1952 5573 re-

308 5593 467 5644 ctum
499 5604 651 5645 esse.
681 5587 877 5642 Subrii
907 5588 1065 5643 enim
1097 5587 1272 5642 Flavii
1314 5586 1536 5641 tribuni
1562 5593 1650 5642 est
1674 5586 1812 5643 illuc
1835 5589 1954 5645 dic-

308 5660 433 5714 tum
464 5660 543 5714 ibi
577 5660 834 5715 relatum
861 5676 875 5727 ;
909 5664 966 5715 et
996 5659 1238 5730 quidem
1270 5657 1546 5713 eumdem
1585 5661 1857 5716 nominat
1886 5661 1949 5716 in

2063 5376 2176 5431 hac
2200 5375 2328 5447 ipsa
2358 5374 2610 5447 historia
2639 5374 2975 5447 Niphilinus
2998 5392 3067 5429 ex
3098 5375 3305 5438 Dione,
3338 5372 3726 5447 stipatoribus

2063 5444 2374 5518 przefuisse
2404 5444 2895 5518 indi‘canszuod
2919 5451 3119 5518 autem
3160 5447 3548 5501 Cincinnatus
3578 5445 3726 5499 dici-

2063 5516 2161 5573 tur
2191 5517 2265 5572 ad
2289 5533 2416 5590 rem
2445 5516 2744 5588 publicam
2774 5517 3099 5590 gerendam
3129 5518 3201 5573 ab
3232 5523 3428 5590 aratro
3451 5522 3717 5590 vocatus,

2062 5591 2293 5645 Nerone
2361 5586 2714 5660 imperante,
2779 5586 2891 5645 'est
2977 5607 3224 5646 summas
3308 5586 3711 5661 ἀνιστορησίας,

2060 5662 2201 5717 XvL.
