4118 6288
316 366 352 422 4
367 367 382 423 ι
397 367 436 424 9
1675 351 1965 418 ΘΕΟΒΟῙ

2082 349 2366 412 EDRENI
3603 355 3736 414 420

316 499 413 555 dio
445 514 552 555 suo
577 514 639 553 se
671 495 986 564 interfecit,
1019 495 1245 551 dicens.
1277 495 1572 560 Quorsum
1615 491 1777 549 enim
1826 489 1964 545 atti—

2082 481 2446 560 διεχειρίσατο
2479 482 2668 540 εἰπών·
2702 485 2769 540 Τί
2827 482 2930 560 γάρ
2991 505 3058 557 με
3113 480 3219 539 ἔδει
3276 491 3504 561 μακροῖς
3533 484 3737 550 αὐλοῖς

313 589 492 646 nebat
522 605 616 643 me
647 602 882 658 quoque
911 585 1103 660 longis
1133 590 1372 640 cantare
1403 585 1566 640 tibiis
1585 583 1612 638 ?

383 677 652 734 Vitellius
675 693 858 730 unum
879 692 1102 732 annum
1133 674 1464 748 imperavit,
1499 671 1714 728 illustri
1737 667 1968 726 familia

310 775 493 825 ortus.
527 768 582 824 Is
609 767 958 840 astrologos,
983 773 1362 822 astronomos
1388 763 1966 837 prmstigiatoresque

311 873 518 912 omnes
566 857 725 910 intra
773 860 998 910 certum
1050 853 1209 909 diem
1260 853 1426 908 Italia
1477 850 1762 907 excedere
1812 845 1967 902 880

301 945 500 1018 jussit.
535 947 725 1015 Atque
759 944 800 998 ii
832 942 1102 998 libellum
1131 946 1502 1015 sparserunt,
1527 957 1643 1012 quo
1666 937 1751 993 illi
1785 936 1966 991 ﬁnem

310 1035 443 1090 vitae
475 1033 548 1090 ad
573 1038 801 1090 certum
854 1037 1088 1103 tempus
1125 1031 1547 1104 praedicebant.
1581 1029 1767 1094 Quam
1817 1041 1964 1097 prae-

309 1124 631 1178 dictionem
664 1123 853 1177 exitus
883 1121 1312 1192 comprobavit,
1347 1117 1579 1174 Vitellio
1611 1134 1645 1174 a
1677 1113 1968 1173 militibus

309 1212 531 1269 occiso.

384 1301 799 1372 Vespasianus,
852 1299 1101 1354 Neronis
1134 1298 1314 1367 ﬁlius,
1365 1313 1554 1352 annos
1585 1294 1813 1362 decem,
1841 1293 1969 1348 dies

309 1395 441 1444 octo
471 1389 802 1460 imperavit.
838 1389 1160 1460 Imperium
1185 1387 1237 1442 ei
1263 1386 1527 1443 delatum
1555 1391 1647 1440 est
1667 1385 1730 1438 in
1759 1382 1973 1438 Palens-

313 1478 457 1546 tina,
491 1477 682 1534 adhuc
713 1478 1052 1534 Iudaeorum
1083 1476 1264 1532 urbes
1303 1474 1692 1548 oppugnanti.
1727 1475 1780 1528 Is
1809 1472 1967 1526 Jose-

312 1567 496 1639 phum
529 1567 878 1622 historicum
911 1566 1084 1636 cepit.
1122 1568 1371 1620 Romam
1403 1563 1808 1636 proficiscens,
1831 1575 1968 1614 cum

315 1661 472 1712 esset
502 1657 575 1712 ab
606 1655 870 1711 exercitu
901 1655 1228 1726 imperator
1270 1653 1628 1718 declaratus,
1671 1651 1864 1705 Titum
1896 1647 1970 1702 ad

312 1745 539 1801 bellum
583 1745 644 1800 in
701 1743 1023 1800 Palmstina
1079 1741 1408 1816 gerendum
1465 1739 1727 1812 reliquit.
1769 1738 1968 1792 Primo

2076 569 2226 644 ᾅδειν
2255 574 2345 628 καὶ
2379 572 2571 629 αὐλεῖν
2599 591 2614 643 ;

2147 661 2434 724 Οὐϊτέλιος
2481 659 2517 732 ἤ
2578 661 2828 725 Βιτέλιος
2881 657 3004 722 ἔτος
3060 661 3134 730 ἓν,
3192 662 3379 738 γένους
3435 663 3746 744 ἐπιφανοῦς

2077 749 2171 812 ὤν.
2204 752 2380 818 Οὗτος
2411 752 2782 830 ἀστρολόγους
2824 753 2912 810 καὶ
2962 754 3333 830 ἆστρονόμους
3380 757 3472 811 καὶ
3526 757 3742 834 γόητας

2078 841 2226 904 ἐντὸς
2257 843 2432 916 ῥητῆς
2463 842 2675 918 ἡμέρας
2706 843 2912 905 πάντας
2973 841 3290 919 ἐκχωρῆσαι
3346 851 3448 914 τῆς
3493 843 3741 908 Ἰταλίας

2077 931 2419 1006 προσέταξεν.
2478 931 2548 990 Οἳ
2608 933 2701 988 καὶ
2758 953 3096 1009 προγραμμα
3145 931 3392 1009 ἔρῥιψαν,
3425 934 3742 1012 προαγγέλ-

2080 1023 2266 1086 λοντες
2322 1023 2474 1086 ἐντὸς
2531 1021 2742 1100 ἡμέρας
2803 1023 2976 1101 ῥητῆς
3031 1021 3510 1101 ἀπαλλαγήσεσθαι
3567 1025 3742 1081 αὐτὸν

2079 1117 2177 1170 τοῦ
2209 1113 2356 1188 βίου.
2385 1115 2456 1170 Ὅ
2483 1110 2551 1184 δὴ
2577 1113 2668 1170 καὶ
2702 1113 2942 1192 γέγονεν·
3003 1111 3211 1191 ἐσφάγη
3271 1115 3374 1192 γὰρ
3433 1115 3538 1171 ὑπὸ
3569 1137 3745 1191 στρα-

2076 1223 2314 1261 τιωτων.
2528 1259 2532 1263 _

2151 1291 2554 1356 Οὐεπασιαδός
2584 1292 2704 1355 υἱὸς
2735 1293 2988 1369 Νέρωνος
3045 1288 3390 1350 ἐϐασίλευσεν
3445 1289 3540 1364 ἔτη
3600 1291 3739 1351 δέκα

2079 1378 2288 1457 ἡμέρας
2329 1387 2400 1452 η’.
2457 1380 2821 1458 Αὐτοκράτωρ
2889 1379 2946 1436 δὲ
2994 1381 3208 1458 γέγονεν
3263 1381 3316 1438 έν
3373 1381 3732 1458 Παλαιστίνῃ,

2078 1464 2158 1526 ἔτι
2185 1469 2281 1533 τὰς
2313 1467 2504 1531 πόλεις
2561 1475 2669 1526 τῶν
2728 1472 2815 1544 [Ρ.
2875 1471 3003 1547 217]
3059 1468 3334 1526 Ἰουδαίων
3384 1471 3733 1547 πολιορκῶν.

2077 1561 2268 1622 ’Όστις
2298 1557 2388 1614 καὶ
2413 1561 2681 1631 Ἰώσηπον
2706 1560 2799 1615 τὸν
2833 1557 3146 1640 συγγραφέα
3177 1559 3494 1640 ὑποχείριον
3534 1559 3738 1632 ἐποιή-

2079 1670 2228 1706 σατο.
2275 1650 2528 1724 Ἀνήχθη
2590 1647 2662 1706 δὲ.
2702 1649 2754 1705 ἐν
2787 1649 2978 1724 Ῥώμη
3033 1649 3410 1724 ἀναγορευθεὶς
3471 1649 3575 1706 ὑπὸ
3630 1653 3736 1704 τοῖο⁹

2083 1739 2314 1810 στρατοῦ
2349 1733 2628 1811 βασιλεὺς,
2658 1735 2980 1791 καταλιπὼν
3043 1737 3206 1792 Τῖτον
3263 1737 3355 1791 τὸν
3415 1737 3535 1790 υἱὸν
3565 1734 3740 1792 αὐτοῦ

318 1834 658 1906 Vespasiani
691 1850 848 1888 anno
885 1832 1176 1904 templum
1209 1829 1607 1904 Capitolinum
1639 1827 1965 1899 conﬂagra-

2082 1825 2178 1894 τὴν
2225 1821 2591 1894 Παλαιστίνην
2649 1821 2991 1900 πολιορκεῖν.
3047 1826 3141 1896 Τῷ
3195 1825 3402 1900 πρώτῳ
3454 1821 3565 1880 ἔτει
3621 1823 3740 1881 Οὐ-

2381 1917 2408 1928 ..
2450 1914 2462 1928 .
2577 1912 2592 1928 ς
2727 1917 2754 1928 ..
2789 1915 2831 1928 η
3018 1911 3073 1928 ε.
3177 1913 3192 1928 .
3352 1915 3365 1928 .
3414 1925 3428 1928 _
3605 1912 3620 1928 .
3689 1917 3727 1928 ..

309 1923 406 1992 vit,
441 1929 498 1978 et
529 1922 744 1993 quinto
773 1938 928 1977 anno
959 1921 1019 1976 id
1050 1921 1294 1976 reﬁcere
1325 1920 1452 1992 ipse
1483 1917 1677 1990 coepit.

381 2098 742 2170 Vespasiano
793 2097 1082 2152 successit
1114 2095 1270 2152 ﬁlius
1320 2096 1502 2163 Titus,
1538 2093 1970 2166 imperavitque

316 2205 506 2244 annos
521 2195 658 2242 tres.
689 2188 744 2242 Is
766 2185 1125 2258 expugnavit
1140 2181 1976 2268 Hierosolymummrbemque

312 2284 370 2334 et
401 2277 689 2348 templum
722 2275 1009 2330 incendit.
1041 2277 1095 2330 Is
1125 2275 1324 2344 minis,
1350 2291 1471 2329 non
1502 2272 1813 2346 suppliciis
1840 2287 1971 2326 son.

311 2371 401 2421 tes
433 2365 711 2420 terrebat.
738 2363 910 2418 Nulla
929 2362 1058 2417 dies
1089 2379 1157 2418 eo
1189 2363 1520 2434 imperante
1551 2361 1698 2417 abiit
1717 2377 1835 2432 qua
1854 2375 1975 2414 non

315 2454 578 2524 aliquem
611 2451 984 2508 subditorum
1009 2451 1164 2506 dono
1189 2457 1291 2506 aut
1311 2449 1600 2506 beneﬁcio
1623 2449 1822 2520 aliquo
1845 2447 1974 2504 afﬁ.

315 2547 514 2598 ceret:
551 2541 748 2596 dicere
780 2540 942 2595 enim
967 2539 1197 2596 solebat
1216 2540 1444 2612 regium
1467 2555 1596 2595 esse
1626 2536 1976 2594 benefacere

315 2637 374 2686 et
403 2629 678 2703 precibus
726 2629 904 2685 facile
955 2645 1239 2684 annuere.
1289 2629 1568 2684 Omnium
1625 2627 1726 2698 qui
1780 2627 1977 2699 ipsum

315 2718 744 2791 compellarent
775 2717 1163 2789 petitionibus
1199 2717 1520 2773 annuebat.
1574 2718 1645 2771 Et
1674 2732 1811 2772 cum
1843 2713 1977 2786 qui-

310 2808 448 2864 dam
509 2807 892 2862 familiarium
943 2811 1396 2878 percontaretur
1453 2822 1563 2861 cur
1618 2805 1678 2860 id
1733 2805 1956 2860 faceret

321 2914 456 2954 cum
475 2902 674 2953 tamen
692 2913 849 2967 saepe
868 2895 1162 2967 promissa
1179 2912 1299 2950 non
1322 2895 1620 2967 impleret,
1640 2884 1976 2967 respondit;

317 2987 463 3054 Quia
485 2985 556 3041 ab
587 2985 948 3057 imperatore
972 3001 1146 3040 nemo
1171 2984 1344 3040 debet
1368 2989 1612 3040 maestus
1649 2982 1979 3038 discedere.

306 3077 412 3132 llic
465 3077 626 3129 Titus
665 3089 800 3128 cum
850 3079 1054 3129 aestate
1098 3078 1288 3128 totum
1335 3072 1493 3128 diem
1541 3071 1655 3126 iter
1717 3071 1978 3138 fecisset,

317 3167 488 3236 eique
525 3163 765 3234 sanguis
813 3179 921 3232 per
963 3179 1138 3218 nares
1186 3161 1497 3234 erupisset,
1545 3166 1723 3232 atque
1771 3176 1804 3216 a
1849 3159 1973 3214 sole

2083 1917 2411 1968 εσπασιανοῦ
2442 1914 2471 1968 ὁ
2504 1912 2631 1975 ναὸς
2660 1917 2758 1968 τοῦ
2788 1911 3142 1970 Καπιτωλίου
3174 1913 3500 1990 ἐνεπρήσθη,
3531 1912 3622 1969 καὶ
3651 1917 3742 1986 τῷ

2083 2004 2120 2058 ε’
2160 2001 2267 2059 ἔτει
2297 1999 2704 2076 οἷ’κοδομεῖσθαι
2735 2005 2862 2078 παρ’
2890 2001 3056 2060 αὐτοῦ
3085 1999 3304 2079 ἤρξατο.

2156 2093 2290 2150 Μετ’
2319 2091 2722 2149 Οὐεσπασιανὸν
2757 2094 2920 2154 Τῖτος
2950 2093 2978 2146 ὁ
3035 2091 3152 2155 υἱὸς
3219 2093 3389 2148 αὐτοῦ
3445 2087 3746 2148 ἐϐασίλευ-

2085 2203 2170 2237 σεν
2204 2179 2295 2252 ἔτη
2327 2181 2474 2256 τρία.
2505 2181 2681 2245 Οὗτος
2738 2179 3028 2256 πολιορκεῖ
3079 2181 3146 2236 τὰ
3201 2179 3585 2256 Ἱεροσολυμα,
3640 2181 3741 2236 καὶ

2082 2271 2182 2340 τὴν
2215 2269 2378 2326 πόλιν
2416 2271 2506 2325 καὶ
2561 2271 2656 2324 τὸν
2717 2271 2844 2325 ναὸν
2903 2269 3170 2346 ἐμπιπρᾷ.
3225 2271 3407 2332 καθὼς
3465 2271 3750 2340 Ἰώσηπος

2086 2361 2311 2434 ἱστορεῖ.
2341 2358 2514 2421 Οὗτος
2535 2357 2788 2421 ἀπειλαῖς
2816 2359 2906 2414 καὶ
2939 2359 3002 2414 οὐ
3055 2360 3352 2435 τιμωρίαις
3389 2357 3516 2420 τοὺς
3575 2360 3754 2414 ὑπευ-

2085 2449 2278 2512 θύνους
2311 2445 2514 2528 ἐφόϐει.
2553 2448 2943 2507 Βασιλεύοντος
2981 2449 3083 2525 γὰρ
3145 2448 3310 2505 αὐτοῦ
3367 2447 3428 2504 οὐ
3458 2447 3752 2524 παρῆλθεν

2085 2540 2266 2615 ἡμέρα
2296 2537 2350 2594 ἐν
2377 2539 2414 2614 ᾖ
2443 2537 2617 2614 δῶρόν
2645 2559 2698 2594 τι
2727 2543 2834 2594 τῶν
2889 2537 3146 2608 ὑπηκόων
3202 2537 3310 2594 τινὶ
3343 2536 3378 2607 ἢ
3431 2536 3750 2614 εὐεργεσίαν

2087 2629 2151 2686 οὐ
2181 2629 2472 2706 παρέσχεν.
2503 2627 2698 2704 Ἔλεγε
2725 2630 2828 2706 γὰρ
2864 2627 3134 2704 βασιλέως
3197 2628 3335 2684 εἶναι
3393 2627 3623 2703 γνώμην
3676 2631 3750 2686 τὸ

2087 2719 2383 2796 εὐεργετεῖν
2441 2718 2531 2774 καὶ
2590 2717 2644 2774 ἐν
2701 2724 2818 2782 ταῖς
2877 2717 3148 2788 αἰτήσεσιν
3218 2719 3517 2790 εὐεπήκοον
3576 2720 3743 2776 εἶναι.

2089 2807 2299 2870 Πάντας
2331 2805 2392 2864 δὲ
2445 2807 2574 2868 τοὺς
2633 2807 3063 2882 ἐντυγχάνοντας
3115 2807 3267 2880 αὐτῷ
3297 2807 3652 2882 αἰτουμένους
3681 2830 3743 2865 τι

2089 2895 2391 2952 συνετίθετο
2413 2892 2442 2952 ὅ
2472 2918 2524 2952 τι
2553 2897 2643 2951 καὶ
2681 2895 2996 2972 βούλοιντο.
3030 2896 3127 2952 Καὶ
3157 2917 3305 2959 τινος
3351 2901 3460 2952 τῶν
3489 2899 3736 2968 συνήθων

2089 2985 2489 3062 ἐρωτήσαντος,
2521 2986 2685 3042 Ὀτου
2727 2985 2888 3061 χάριν
2916 2989 3076 3042 τοῦτο
3107 2991 3303 3057 ποιεῖς,
3335 2985 3592 3046 πολλάκις
3643 2985 3726 3059 μὴ

2090 3075 2383 3150 ἐκπληρῶν
2410 3075 2506 3136 τὰς
2535 3073 2858 3150 ὑποσχέσεις
2893 3094 2908 3144 ;
2941 3109 3004 3118 —
3043 3071 3268 3148 Οὐδένα,
3309 3076 3460 3130 εἶπεν
3492 3075 3519 3130 δ
3543 3076 3731 3146 Τῖτος,

2089 3165 2196 3220 ἀπὸ
2239 3161 2505 3240 βασιλέως
2563 3161 2644 3219 δεῖ
2700 3165 3018 3240 σκυθρωπὸν
3065 3163 3504 3239 ἀποπέμπεσθαι.
3560 3163 3740 3224 Οὗτος

304 3261 472 3310 ustus
505 3254 566 3308 in
587 3252 773 3308 animi
806 3251 1136 3322 deliquium
1159 3251 1488 3319 incidisset,
1511 3250 1706 3306 adhuc
1731 3250 1965 3321 spiran-

2084 3255 2112 3310 ὁ
2143 3232 2309 3317 Τῖτος
2337 3254 2454 3328 ὥρᾳ
2485 3253 2676 3328 θέρους
2731 3232 3046 3331 πανήμερον
3103 3232 3473 3327 ὁδοιπορήσας
3534 3255 3624 3308 καὶ
3678 3254 3744 3308 αἱ

303 3348 423 3396 tem
457 3340 603 3396 381
666 3339 850 3394 frater
907 3339 1277 3394 Domitianus
1331 3339 1390 3393 in
1439 3339 1648 3394 cistam
1695 3338 1956 3410 ligneam

2071 3341 2425 3420 μορραγήσας
2459 3339 2548 3398 διὰ
2577 3348 2684 3398 τῶν
2718 3346 3040 3416 μυκτήρων,
3103 3344 3207 3400 ὑπὸ
3264 3342 3433 3413 ἡλίου
3485 3364 3546 3399 τε
3591 3341 3742 3422 φλε-

304 3432 436 3486 nive
459 3429 698 3502 plenam
717 3427 852 3500 conj
862 3428 978 3482 ecit
1005 3433 1288 3498 tanquam
1307 3427 1638 3483 remedium
1656 3427 1955 3482 adhibitu-

2082 3433 2222 3494 (Oslc
2253 3433 2340 3488 καὶ
2376 3432 2516 3488 πάνυ
2555 3431 2995 3506 λειποθυμήσας,
3049 3431 3127 3488 ἔτι
3187 3432 3516 3507 ἐμπνέοντος
3573 3431 3745 3492 αὐτοῦ

299 3537 421 3589 rus,
455 3526 632 3592 atque
653 3517 736 3570 ita
763 3514 1082 3574 interfecit.
1115 3515 1221 3571 Ille
1256 3515 1435 3587 igitur
1455 3515 1668 3588 dignus
1699 3515 1956 3570 admira-

301 3609 462 3664 tione
482 3609 643 3666 Titus
665 3606 1047 3682 philosophia
1060 3604 1326 3677 apprime
1348 3604 1662 3672 formatus,
1681 3603 1958 3673 eloquen-

303 3699 592 3764 tissimus,
649 3695 1148 3754 bellicosissimus
1196 3698 1371 3764 atque
1419 3691 1958 3758 moderatissimus,

305 3785 840 3858 beneficentiaque,
871 3782 1284 3856 temperantia,
1299 3780 1536 3854 justitia
1567 3785 1625 3836 et
1645 3781 1960 3852 prudentia

305 3876 525 3949 insigni
558 3882 823 3943 ornatus,
856 3875 917 3930 in
949 3873 1177 3928 excidio
1218 3870 1473 3926 maxime
1520 3870 1959 3942 Hierosolymo-

305 3983 438 4021 rum
472 3983 640 4021 suam
673 3963 995 4020 miserandi
1027 3960 1557 4034 promptitudinem
1597 3959 1963 4016 demonstra-

304 4055 404 4108 vit.
444 4055 839 4110 Vehementer
885 4052 1044 4108 enim
1075 4055 1218 4106 tunc
1267 4066 1302 4104 a
1353 4049 1470 4104 Deo
1497 4049 1824 4122 exagitatos
1855 4047 1958 4104 de-

307 4143 558 4216 ploravit
584 4143 816 4199 Judeeos
841 4186 855 4209 ,
878 4141 1184 4214 magisque
1203 4139 1382 4194 etiam
1407 4137 1962 4208 illacrymavit,cum

307 4233 495 4289 aedem
527 4233 630 4289 Dei
661 4233 887 4289 videret
927 4229 1206 4294 incendi;
1235 4232 1629 4300 precatusque
1661 4233 1752 4282 est
1779 4244 1814 4283 a
1844 4229 1960 4282 Deo

302 4323 567 4390 veniam,
601 4323 760 4394 quod
789 4337 911 4377 non
943 4336 1050 4375 sua
1088 4319 1212 4373 beec
1240 4316 1566 4384 voluntate,
1597 4315 1704 4370 sed
1741 4315 1818 4370 ob
1849 4316 1962 4370 im-

311 4411 469 4482 piam
499 4412 838 4467 Judaeorum
868 4407 1314 4480 perversitatem
1341 4405 1665 4460 evenirent.
1698 4404 1963 4476 Cumque

309 4503 458 4558 urbe
481 4503 678 4558 excisa
707 4517 844 4558 eum
874 4501 964 4556 sui
993 4500 1275 4555 victorem
1305 4501 1481 4568 atque
1531 4497 1958 4568 triumphalem

2063 3515 2316 3576 ἐνέϐαλεν
2349 3521 2378 3576 ὁ
2433 3517 2668 3597 ἀδελφὸς
2722 3521 2892 3576 αὐτοῦ
2948 3522 3278 3593 Δομετιανὸς
3336 3521 3413 3584 εἰς
3474 3520 3746 3596 λάρνακα

2065 3610 2286 3682 ξυλίνην
2320 3609 2511 3687 χιόνος
2539 3611 2812 3684 γέμουσαν
2870 3611 2946 3674 ὡς
3001 3607 3160 3680 δῆθεν
3211 3611 3572 3685 θεραπεύσων,
3626 3630 3697 3664 κα

2068 3699 2398 3758 ἀπέκτεινεν.
2430 3701 2490 3758 Ὁ
2520 3703 2647 3776 γοῦν
2681 3701 2990 3774 θαυμάσιος
3037 3703 3200 3763 Τῖτος
3258 3699 3690 3780 φιλοσοφώτατο
3711 3719 3741 3762 ς

2069 3789 2161 3846 καὶ
2184 3787 2630 3863 εὐγλωττότατος
2687 3789 2780 3844 καὶ
2845 3787 3300 3864 πολεμικώτατος
3355 3789 3448 3844 καὶ
3512 3789 3745 3863 μέτριος

2073 3880 2210 3958 ’ὰγαν
2241 3878 2526 3956 ὑπάρχων,
2555 3877 2644 3933 καὶ
2677 3877 3010 3956 ἀγαθοεργίᾳ
3039 3877 3228 3952 πολλῇ
3259 3880 3348 3934 καὶ
3401 3898 3738 3956 σωφροσυντι

2070 3970 2161 4022 καὶ
2195 3965 2510 4042 δικαιοσύνῃ
2557 3966 2647 4021 καὶ
2706 3968 2967 4044 φρονήσει
3025 3966 3427 4041 κοσμούμενος,
3486 3963 3734 4035 ἐκδηλο-

2073 4056 2228 4133 τέραν
2264 4056 2430 4111 ἅπασι
2462 4055 2878 4126 πεποίηκε’τήν
2917 4056 3113 4112 ἑαυτοῦ
3171 4057 3506 4130 συμπάθειαν
3553 4052 3606 4109 ἐν
3653 4057 3732 4120 τῆ

2075 4145 2280 4202 ἁλώσει
2313 4145 2414 4212 τῆς
2443 4143 2829 4218 Ἰερουσαλήμ.
2890 4141 3108 4225 Σφόδρα
3147 4145 3249 4220 γὰρ
3277 4143 3532 4216 ἐπένθησε
3596 4145 3737 4207 τοὺς

2071 4234 2372 4304 θεηλάτους
2401 4230 2696 4295 Ἰουδαίους
2721 4233 2867 4305 τότε,
2897 4235 2985 4289 καὶ
3024 4232 3242 4308 μᾶλλον
3274 4234 3366 4290 τὸν
3431 4235 3570 4288 θεῖον
3598 4233 3738 4288 ναὸν

2072 4323 2524 4400 πυρποΛούμενον
2558 4323 2698 4397 ὁρῶν
2759 4319 3040 4398 ἐδάκρυσε,
3092 4325 3183 4378 καί
3237 4327 3330 4377 τὸν
3387 4321 3516 4378 Θεὸν
3563 4318 3741 4386 ,ἐδυσο

2073 4414 2266 4484 ώπησε
2290 4417 2482 4492 τυχεῖν
2511 4409 2698 4474 ἐλέους
2723 4411 2816 4466 καὶ
2873 4412 3234 4489 συγγνώμης,
3293 4409 3363 4465 δι’
3395 4410 3457 4465 οὗ
3489 4410 3556 4465 οὐ
3585 4411 3738 4466 κατὰ

2071 4504 2171 4572 τήν
2231 4499 2424 4556 ἑαυτοῦ
2481 4498 2800 4574 προαίρεσιν
2858 4503 3024 4556 ταῦτα
3079 4499 3384 4577 γεγόνασιν,
3441 4496 3586 4554 ἀλλὰ
3633 4494 3736 4553 διὰ

307 4594 725 4665 praedicarent,
757 4591 984 4663 respuit
1013 4606 1112 4646 eas
1135 4587 1586 4660 appellationes,
1611 4587 1818 4644 dicens
1839 4604 1960 4644 non

2082 4591 2172 4658 τὴν
2233 4589 2452 4645 ἐκείνων
2501 4594 2762 4664 θεοστυγῆ
2822 4585 3168 4664 δυστροπίαν.
3222 4588 3380 4652 Ὃθεν
3458 4583 3526 4654 δὴ
3588 4587 3737 4659 μετὰ

311 4698 372 4736 se
403 4683 518 4738 ista
544 4682 818 4753 gessisse,
851 4679 956 4735 sed
987 4678 1200 4733 divinae
1232 4677 1335 4731 ira
1366 4693 1579 4732 manus
1624 4692 1963 4732 accommo-

309 4769 483 4826 dasse
511 4787 579 4826 ac
609 4767 1028 4824 administrum
1049 4765 1254 4821 fuisse.
1277 4763 1421 4819 Inde
1453 4781 1588 4819 cum
1609 4765 1823 4820 virtute
1855 4782 1964 4820 sua

306 4864 366 4914 et
391 4858 576 4914 animi
609 4857 971 4913 demissione
1003 4855 1064 4909 in
1099 4854 1322 4908 honore
1369 4858 1427 4907 et
1458 4869 1660 4907 amore
1690 4854 1960 4908 omnium

313 4952 492 5014 esset,
525 4963 593 5003 eo
625 4962 740 5018 quo
772 4945 1030 5000 diximus
1051 4941 1225 4997 modo
1249 4940 1494 4995 interiit.
1517 4945 1738 4996 Tantus
1760 4945 1959 4998 autem

309 5038 436 5111 ejus
468 5041 656 5092 morte
687 5037 886 5092 Roma:
937 5033 1131 5088 luctus
1179 5031 1425 5086 obortus
1473 5029 1608 5096 fuit,
1655 5035 1722 5085 ut
1771 5032 1958 5089 multo

231 5171 238 5176 .
309 5132 574 5198 tempore
617 5125 861 5180 virtutes
892 5122 1022 5194 ejus
1071 5124 1608 5176 commemorantes
1655 5125 1833 5190 atque
1864 5139 1962 5177 re-

306 5220 582 5285 putantes
616 5213 851 5286 publice
881 5217 941 5266 et
978 5209 1249 5282 privatim
1279 5224 1384 5279 per
1431 5207 1640 5262 domos
1675 5213 1956 5281 tanquam

310 5319 415 5357 suo
448 5305 699 5374 quisque
730 5300 1056 5357 infortunio
1087 5303 1328 5370 accepto
1359 5295 1680 5368 plorarent.

2071 4680 2172 4746 τὴν
2197 4677 2402 4734 ἅλωσιν
2437 4677 2571 4752 πρὸς
2600 4674 2727 4739 τοὺς
2785 4676 3252 4752 ἀνακηρύττοντας
3300 4674 3458 4730 αὐτὸν
3490 4674 3732 4744 νικητήν

2069 4767 2160 4822 καὶ
2216 4770 2593 4842 τροπαιοῦχον
2651 4762 2904 4828 διωθεῖτο
2960 4765 3058 4827 τὰς
3109 4764 3458 4840 ἀναρῥήσεις,
3491 4762 3567 4824 ὡς
3623 4761 3734 4817 οὐκ

2069 4855 2229 4918 αὐτὸς
2261 4854 2538 4932 εἰργάσθαι
2570 4857 2734 4908 τοῦτα
2763 4855 2962 4932 φήσας,
2993 4849 3143 4908 ἀλλὰ
3173 4849 3428 4924 θεηλάτῳ
3479 4849 3572 4906 καὶ
3604 4849 3730 4921 θείᾳ

2071 4945 2208 5022 ὀργῇ
2260 4949 2705 5018 καθυπουργῆσαι
2761 4943 2853 4996 καὶ
2908 4942 3006 5003 τὰς
3069 4947 3260 5018 χεῖρας
3313 4935 3725 4996 ἐπιδεδωκέναι.

2073 5034 2358 5088 Κάντεῦθεν
2380 5032 2560 5087 τοίνυν
2609 5030 2700 5086 διὰ
2753 5033 2855 5101 τῆν
2910 5031 3106 5107 ἀρετὴν
3162 5032 3330 5086 αὐτοῦ
3385 5029 3476 5084 καὶ
3531 5050 3729 5084 ταπει-

2069 5124 2404 5202 νοφροσύνην
2435 5120 2814 5201 παγγέραστος
2843 5123 2936 5179 καὶ
2977 5123 3382 5199 πανεπέραστος
3431 5122 3728 5196 γενόμενος

2069 5212 2243 5276 οὕτως
2277 5211 2619 5282 ἐτελεύτησε.
2659 5215 2934 5275 Τοσοῦτος
2965 5209 3024 5267 δὲ
3044 5214 3244 5289 θρῆνος
3273 5210 3359 5268 ἐπὶ
3388 5215 3458 5285 τῇ
3489 5208 3726 5284 τελευτῇ

2070 5304 2236 5359 αὐτοῦ
2263 5303 2495 5378 κατέσχε
2513 5304 2612 5374 τήν
2645 5303 2868 5377 Ῥώμην
2898 5303 2974 5365 ὡς
3008 5300 3062 5358 ἐν
3092 5302 3278 5378 χρόνῷ
3301 5300 3501 5373 πολλῷ
3529 5304 3724 5365 τοῦτον

304 5389 850 5462 ἀπομνημονεύοντες
881 5388 971 5443 καὶ
1009 5387 1105 5448 τὰς
1136 5385 1326 5462 ἀρετὰς
1356 5385 1521 5439 αὐτοῦ
1551 5383 2002 5464 ἀναλογιζόμενοι
2035 5391 2280 5464 δημοσίᾳ
2307 5391 2396 5448 καὶ
2427 5393 2545 5448 κατ’
2604 5390 2789 5455 οἷ’κους
2830 5391 3067 5464 κλαίειν,
3101 5386 3286 5469 ὥσπερ
3340 5390 3527 5464 οἷ’κείῳ
3556 5389 3726 5454 πάθει

310 5479 682 5552 κατεχόμενος
717 5474 964 5538 ἕκαστος.

377 5570 552 5624 Anno
582 5567 710 5640 ejus
759 5565 1020 5623 secundo
1051 5581 1332 5638 magnum
1361 5563 1474 5618 fuit
1523 5564 1724 5622 Romae
1751 5568 1958 5628 incen-

308 5657 495 5715 dium.
531 5662 611 5712 Ac
641 5658 698 5712 S.
731 5657 792 5711 C.
823 5655 985 5710 Titus
1019 5654 1166 5710 deus
1193 5651 1524 5726 appellatus
1573 5660 1680 5710 est.
1713 5657 1768 5712 Is
1797 5660 1956 5719 Titus

2136 5571 2228 5643 Τῷ
2285 5567 2520 5648 δευτέρῳ
2597 5565 2704 5628 ἔτει
2759 5571 2956 5628 τούτου
3025 5572 3194 5648 μέγας
3281 5567 3611 5646 ἐμπρησμὸς
3667 5563 3727 5622 ἐν

2064 5659 2248 5736 Ῥώμῃ
2281 5659 2512 5738 ἐγένετο.
2549 5661 2651 5719 Καὶ
2685 5668 2788 5732 τῆς
2837 5660 3146 5738 συγκλήτου
3204 5659 3558 5740 ψηφισαμένη
3615 5660 3726 5716 Τῖ-

4115 2339 4118 2408 l

4116 2489 4118 2546 l

4116 2549 4118 2606 i
