4118 6288
314 344 422 406 421

1455 333 1998 401 HISTORIABUM
2043 333 2594 398 COMPENDIUM.

3611 335 3730 395 422

307 499 396 541 τος
427 477 548 543 θεὸς
578 474 942 555 ἀνηγορεύθη.
982 475 1155 538 Οὗτος
1187 475 1216 529 ὁ
1242 475 1407 535 Τῖτος
1465 472 1517 528 ἐν
1581 468 1733 527 δυσὶν
1790 466 1959 525 ἔτεσιν

2077 467 2342 524 biennali
2370 470 2683 527 obsidione
2716 468 3125 542 Hierosolyma
3156 470 3315 542 cepit
3344 486 3593 542 eamque
3640 475 3733 526 to-

310 561 645 642 παραλαϐὼν
673 568 774 635 τήν
803 561 1173 640 Ἰερουσαλήμ
1200 567 1374 618 πᾶσαν
1427 560 1693 637 ἐνέπρησε
1728 562 1815 633 [Ρ.
1845 560 1976 646 218]

309 656 397 713 καὶ
427 657 688 733 ἠφάνισε,
730 654 915 718 καθὼς
970 650 1208 728 εἴρηται,
1239 650 1330 707 καὶ
1368 652 1460 706 τὸν
1533 650 1658 705 ναὸν
1718 648 1981 722 ἐνέπρησε

307 746 439 801 κατὰ
475 746 576 813 τήν
626 747 732 798 τοῦ
791 743 999 819 Κυρίου
1054 738 1474 817 προαγόρευσιν.
1537 737 1820 796 Εἷπόντων
1871 733 1975 810 γὰρ

308 838 414 890 τῶν
450 835 718 907 μαθητῶν
740 830 867 906 περὶ
898 835 995 886 τοῦ
1052 829 1206 905 ἰεροῦ
1261 827 1347 884 ὅτι
1405 827 1580 890 λίθοις
1636 830 1831 887 καλοῖς
1884 828 1974 883 καὶ

309 924 626 995 ἀναθήμασι
656 919 1029 994 κεκόσμηται,
1055 916 1184 998 ἔφη·
1245 922 1420 973 Ταῦτα
1467 917 1641 972 πάντα
1686 915 1721 971 ἄ
1753 917 1977 989 θεωρεῖ-

303 1032 385 1080 τε,
418 1010 738 1065 ἐλεύσονται
769 1008 974 1085 ἡμέραι
1015 1007 1068 1063 έν
1128 1009 1214 1066 αῖς
1274 1006 1374 1062 οὐκ
1437 1005 1765 1080 ἀφεθήσεται
1821 1000 1974 1063 λίθος

300 1099 393 1156 έπὶ
424 1100 608 1169 Λίθον,
641 1098 702 1162 ὅς
734 1100 798 1153 ού
822 1097 1280 1167 καταλυθήσεται.
1347 1098 1515 1154 ⁰Οταν
1575 1093 1631 1149 δὲ
1672 1090 1825 1163 ἴδητε
1873 1112 1974 1146 κυ-

302 1187 618 1262 κλουμένην
651 1190 752 1259 τὴν
802 1186 1165 1262 Ἰερουσαλὴμ
1224 1186 1330 1241 ὑπὸ
1394 1180 1796 1261 στρατοπέδων,
1849 1180 1973 1252 τότε

298 1283 479 1352 γνῶτε
506 1279 591 1333 ὅτι
620 1277 847 1352 ἤγγικεν
875 1277 910 1346 ἡ
960 1274 1246 1350 ἐρήμωσις
1304 1272 1497 1343 αὐτῆς.
1564 1270 1695 1327 Οὐαὶ
1758 1267 1816 1325 δὲ
1851 1274 1972 1332 ταῖς

297 1365 354 1422 ἐν
390 1366 584 1441 γαστρὶ
622 1364 883 1445 ἐχούσαις
914 1364 1006 1420 καὶ
1054 1368 1176 1425 ταῖς
1236 1361 1611 1432 θηλαζούσαις
1654 1359 1706 1416 έν
1739 1358 1969 1421 ἐκείναις

290 1461 420 1520 ταῖς
447 1454 707 1531 ἡμέραις.
739 1456 929 1510 Ἔσται
976 1452 1083 1529 γὰρ
1141 1451 1346 1526 ἀνάγκη
1408 1450 1619 1526 μεγάλη
1679 1450 1769 1505 καὶ
1827 1448 1966 1525 ὀργὴ

300 1543 390 1618 τῷ
421 1544 543 1613 λαῷ
570 1542 771 1617 τούτῳ,
812 1541 904 1598 καί
959 1546 1254 1598 πεσοῦνται
1311 1540 1365 1597 ἐν
1412 1540 1641 1613 στόματι
1673 1536 1969 1614 ῥομφαίας,

290 1626 405 1688 ’καὶ
464 1631 1086 1707 αἰχμαλωτισθήσονται
1143 1631 1220 1693 εἰς
1277 1630 1451 1687 πάντα
1508 1629 1576 1685 τὰ
1662 1623 1813 1697 ἔθνη.
1866 1629 1967 1695 Καὶ

300 1721 677 1795 Ιερουσαλήμ
705 1719 851 1776 ἔσται
883 1718 1206 1794 πατουμένη
1277 1719 1386 1774 ὑπὸ
1440 1720 1626 1788 ἐθνῶν,
1658 1714 1789 1792 ἄχρι
1822 1713 1970 1784 πλη-

2087 563 2204 612 tam
2234 562 2515 615 cremavit
2544 565 2721 631 atque
2743 559 2979 628 delevit,
3012 559 3423 632 templumque
3443 560 3733 628 incendit,

2084 649 2255 705 sicuti
2287 651 2577 707 Dominus
2606 652 2759 708 382
2791 651 3164 723 praedixerat.
3199 652 3341 706 Cum
3376 651 3535 706 enim
3567 651 3620 705 ei
3652 650 3735 705 di-

2083 737 2295 809 scipuli
2354 739 2619 795 dicerent
2669 739 2955 811 templum
3007 739 3271 811 pulchris
3320 738 3618 811 lapidibus
3675 756 3733 809 et

2082 824 2347 882 donariis
2370 845 2499 884 esse
2521 833 2893 894 exornatum,
2919 827 3071 882 dixit
3089 825 3135 861 ²³
3156 844 3169 882 :
3188 829 3438 899 Tempus
3460 830 3573 884 erit
3594 845 3727 883 cum

2081 915 2154 970 de
2181 917 2294 973 hoc
2324 920 2481 989 quod
2511 918 2721 975 videtis
2772 919 3015 991 templo,
3064 936 3185 974 non
3235 921 3527 992 supererit
3578 920 3730 992 lapis

2080 1005 2250 1061 alteri
2284 1006 2460 1077 lapidi
2487 1007 2757 1079 junctus.
2778 1010 2921 1063 Cum
2954 1012 3152 1063 autem
3184 1008 3339 1080 cingi
3373 1008 3729 1065 exercitibus

2080 1095 2487 1168 Hierosolyma
2532 1097 2825 1167 videbitis,
2867 1102 2993 1152 tum
3045 1096 3358 1169 cogitatote
3408 1099 3727 1170 appetiisse

2079 1186 2209 1256 ejus
2241 1186 2560 1242 excidium.
2597 1188 2690 1243 Vas
2721 1192 2920 1243 autem
2941 1185 3384 1258 praegnantibus
3414 1193 3473 1241 et
3497 1186 3725 1242 lactan-

2078 1277 2236 1332 tibus
2263 1278 2375 1333 isto
2409 1285 2693 1350 tempore.
2728 1281 2995 1351 Magnam
3028 1279 3187 1333 enim
3218 1279 3307 1333 ira
3336 1279 3434 1334 Dei
3469 1279 3726 1334 necessi-

2079 1367 2346 1423 tudinem
2402 1368 2541 1423 huic
2589 1368 2804 1440 populo
2862 1368 3180 1435 immittet;
3236 1374 3295 1423 et
3341 1368 3556 1424 cadent
3606 1369 3728 1424 acie

2073 1454 2239 1523 ferri,
2299 1473 2366 1512 ac
2415 1457 2629 1528 captivi
2688 1456 3060 1512 abducentur
3116 1456 3189 1513 ad
3239 1474 3446 1513 omnes
3495 1464 3723 1529 gentes,

2075 1545 2645 1618 conculcabiturque
2676 1546 3084 1618 Hierosolyma
3131 1562 3166 1601 a
3202 1547 3494 1612 barbaris,
3536 1547 3725 1603 donec

2077 1636 2310 1704 tempus
2336 1634 2602 1706 gentium
2628 1635 2969 1707 impleatur.
3002 1637 3302 1704 Tantaque
3332 1636 3444 1690 erit
3481 1635 3725 1691 calami-

2075 1725 2186 1787 tas,
2220 1728 2446 1792 quanta
2466 1739 2660 1793 neque
2691 1723 2855 1795 prius
2887 1723 3113 1779 exstitit
3134 1740 3327 1794 neque
3354 1729 3561 1796 postea
3581 1724 3728 1780 exsi-

293 1815 527 1886 ρωθῶσι
557 1809 742 1886 καιροῖ
769 1810 955 1867 ἐθνῶν.
992 1809 1100 1867 Καὶ
1157 1807 1303 1864 ἔσται
1364 1808 1552 1883 θλῖψις
1602 1806 1827 1876 τοιαύτη
1879 1801 1968 1858 ο²ία

2077 1813 2209 1864 stet.
2239 1810 2373 1865 Haec
2401 1811 2604 1866 omnia
2627 1811 2894 1883 perpessi
2922 1817 3059 1867 sunt
3079 1812 3279 1867 hostes
3310 1831 3430 1868 suae
3460 1814 3728 1885 ipsorum

292 1899 363 1954 οὐ
394 1898 593 1974 γέγονε
626 1900 874 1969 πώποτε,
908 1895 1023 1954 οὐδ’
1058 1898 1118 1953 ού
1154 1899 1230 1972 μὴ
1263 1895 1433 1955 ἔσται.
1472 1901 1647 1952 Ταῦτα
1703 1894 1759 1951 δὲ
1788 1894 1962 1950 πάντα

289 1987 642 2052 πεπόνθασιν
677 1989 728 2043 οἱ
762 1986 958 2063 ἐγθροὶ
987 1994 1086 2056 τῆς
1139 1992 1285 2056 ζωῆς
1316 1984 1493 2042 αὐτῶν
1546 1981 1827 2049 Ἰουδαῖοι,
1875 2003 1966 2037 κυ-

296 2077 602 2150 ριευθέντες
638 2077 742 2132 ὑπὸ
783 2083 892 2132 τῶν
935 2077 1242 2150 Ῥωμαίων,
1295 2075 1370 2138 ὡς
1430 2075 1776 2147 ἀπωσάμενοι
1834 2074 1967 2146 Χρι-

293 2167 430 2221 στὸν
459 2167 553 2221 τὸν
587 2166 819 2241 βασιλέα
846 2170 946 2220 τοῦ
975 2166 1177 2227 παντὸς
1224 2164 1316 2220 καὶ
1345 2165 1447 2232 τήν
1510 2167 1618 2219 τῶν
1677 2163 1963 2237 Ῥωμαίων

296 2253 591 2330 βασιλείαν
649 2250 924 2316 δυσσεϐῶς
976 2251 1422 2326 ἐπισπασάμενοι,
1478 2252 1793 2327 κράζοντες,
1850 2250 1969 2308 Οὐκ

295 2344 512 2423 ἔχομεν
543 2343 775 2419 βασιλέα
806 2343 852 2398 εί
878 2344 954 2416 μή
990 2342 1253 2418 Καίσαρα,
1288 2341 1402 2412 καὶ,
1451 2342 1527 2399 T6
1557 2343 1696 2415 αἷμα
1726 2342 1969 2416 Χριστοῦ

292 2432 383 2512 ἐφ’
413 2436 565 2507 ἡμᾶς
597 2433 687 2487 καὶ
719 2433 807 2487 ἐπὶ
835 2433 906 2488 τὰ
940 2431 1100 2488 τέκνα
1159 2434 1344 2505 ἡμῶν.
1403 2431 1496 2486 Διὸ
1534 2431 1623 2486 καὶ
1668 2429 1834 2504 μέχρι
1865 2436 1968 2499 τῆς

294 2520 614 2583 συντελείας
644 2524 744 2591 τὴν
776 2522 852 2582 εἰς
882 2522 951 2577 τὰ
989 2519 1115 2591 ἔθνη
1147 2521 1322 2577 πάντα
1371 2517 1667 2595 διασπορὰν
1722 2520 1811 2574 καὶ
1869 2538 1972 2573 τα-

293 2609 613 2681 λαιπωρίαν
665 2607 878 2680 ἕξουσιν
935 2608 1112 2666 αὐτῶν
1163 2608 1231 2665 τὰ
1287 2608 1467 2677 τέκνα,
1527 2607 1767 2683 καθάπερ
1824 2600 1974 2683 τινὲξ

294 2674 562 2775 δραπέται
627 2674 936 2776 μαστιγίαι,
991 2696 1163 2773 μηδὲν
1219 2701 1327 2753 τῶν
1384 2674 1842 2770 νομίμωνέπίτελ
1895 2674 1971 2752 εἶν

294 2786 618 2861 δυνάμενοι.
651 2789 987 2864 Ὑποφόρους
1041 2788 1142 2864 γὰρ
1174 2781 1397 2862 ἔχοντες
1439 2787 1636 2850 αὐτοὺς
1697 2787 1970 2860 Ῥωμαῖοι

298 2879 399 2935 οὐκ
427 2877 565 2933 ἐῶσι
613 2883 733 2941 τοῖς
793 2874 955 2940 ἷδίοις
1010 2880 1315 2953 κεχρῆσθαι
1372 2872 1766 2950 δικαιώμασιν,
1824 2874 1972 2931 ἐπει-

299 2965 473 3043 δήπερ
502 2968 771 3027 ἑκουσίως
804 2965 1177 3021 ἐπεσπάσαντο
1215 2966 1318 3034 τήν
1378 2963 1656 3035 δουλείαν,
1702 2964 1969 3044 εἷπόντες,

305 3058 409 3112 Ούκ
436 3057 650 3131 ἔχομεν
684 3055 913 3131 βασιλέα
965 3055 1018 3110 εί
1078 3057 1154 3129 μὴ
1217 3055 1479 3130 Καίσαρα,
1538 3055 1651 3124 καὶ,
1710 3055 1834 3111 Ἐὰν
1892 3054 1969 3127 μὴ

314 3147 709 3219 ἀποκτείνωμεν
763 3146 855 3200 τὸν
908 3146 1162 3220 Χριστὸν,
1252 3144 1443 3205 πάντες
1502 3143 1578 3205 εἰς
1661 3142 1820 3198 αὐτὸν
1877 3165 1964 3198 πι-
1993 3187 2037 3256 c

410 3235 421 3255 Ι
644 3255 668 3256 η
713 3235 728 3254 ‘
795 3232 971 3256 I‘Ali,
1060 3255 1068 3256 κ
1173 3234 1211 3256 κ(
1268 3239 1341 3256 Cn,
1386 3237 1527 3256 A,n_‘_‘-,
1592 3233 1680 3256 --μὶ
1746 3233 1955 3256 I'.--S__.

324 3235 606 3304 στεύσουσι,
639 3235 730 3289 καὶ
791 3232 1105 3290 ἐλεύσονται
1164 3234 1217 3288 οἱ
1268 3237 1534 3306 Ῥωμαῖοι
1591 3233 1683 3286 καὶ
1740 3233 1959 3304 ἄροῦσιν

329 3324 578 3394 ὴμῶντὸν
610 3322 782 3377 τόπον
840 3321 934 3377 καὶ
997 3322 1061 3377 τὸ
1122 3317 1303 3385 ἔθνος.
1364 3320 1432 3379 Οἳ
1488 3341 1549 3396 γε
1601 3318 1689 3374 καὶ
1747 3316 1963 3383 ἄκοντες

331 3415 739 3490 προεφήτευσαν.
820 3410 923 3469 Καὶ
976 3412 1080 3486 γὰρ
1141 3410 1456 3466 ἐπίστευσαν
1523 3408 1598 3471 εἷς
1683 3408 1841 3464 αὐτὸν
1900 3410 1969 3465 τὰ

323 3494 458 3569 ἔθνη,
489 3500 579 3555 καὶ
612 3499 771 3555 αὐτοὶ
799 3501 901 3568 τὴν
952 3498 1197 3570 ἐξουσίαν
1263 3499 1366 3553 ὑπὸ
1423 3496 1712 3572 Ῥωμαίων
1765 3495 1966 3577 ἀφῃρέ-

316 3591 472 3659 θησαν
524 3589 619 3645 καὶ
657 3590 758 3657 τήν
819 3588 1097 3663 λατρείαν,
1162 3588 1538 3662 κεκωλυμένοι
1595 3585 1654 3642 δέ
1716 3586 1820 3642 εἰσι
1876 3583 1967 3643 καὶ

306 3680 545 3756 ἀναιρεῖν
582 3681 676 3743 οὓς
708 3679 931 3736 θέλουσι
988 3680 1082 3735 καὶ
1143 3682 1289 3735 θύειν
1352 3681 1442 3735 ὅτε
1501 3677 1814 3754 βούλονται.
1874 3679 1968 3735 Διὸ

302 3770 388 3826 καὶ
419 3770 823 3845 ἐπικατάρατοί
855 3770 983 3842 εἶσι,
1044 3772 1121 3842 μή
1156 3767 1453 3844 δυνάμενοι
1492 3774 1667 3824 ποιεῖν
1725 3769 1794 3825 τὰ
1845 3766 1966 3824 δια-

300 3860 635 3935 τεταγμένα.
688 3860 1118 3933 Ἐπικατάρατος
1172 3859 1297 3935 γάρ,
1379 3859 1537 3935 φησὶ,
1594 3863 1697 3921 πᾶς
1752 3859 1810 3921 ὅς
1869 3858 1968 3914 οὐκ

303 3948 535 4023 ἐμμένει
565 3953 699 4004 πᾶσι
727 3954 847 4013 τοῖς
881 3948 1289 4026 γεγραμμένοις
1347 3946 1398 4002 ἐν
1456 3952 1536 4020 τῷ
1595 3942 1803 4020 Βιϐλίῳ
1869 3950 1967 4002 τοῦ

305 4039 516 4113 νόμου,
542 4042 641 4093 τοῦ
672 4045 901 4108 ποιῆσαι
931 4036 1083 4097 αὐτά.
1118 4035 1401 4095 Ἀδύνατον
1432 4033 1490 4091 δέ
1549 4034 1689 4091 ἐστιν
1743 4034 1795 4091 ἐν
1857 4034 1969 4091 δια-

302 4132 486 4202 σπορᾷ
511 4125 709 4201 μεταξὺ
742 4121 927 4189 ἔθνους
957 4125 1117 4189 ὄντας
1172 4127 1390 4188 πάντως
1446 4124 1712 4182 ἐπιτελεῖν
1769 4124 1964 4188 αὐτοὺς

301 4218 371 4272 τὰ
398 4208 708 4288 τοῦνόμου
736 4216 825 4271 καὶ
882 4217 983 4285 τήν
1044 4213 1294 4289 λατρείαν
1348 4213 1400 4270 έν
1462 4211 1538 4269 ἐνὶ
1596 4212 1752 4286 τόπῳ
1807 4235 1964 4289 περι-

301 4306 727 4381 γεγραμμένην,
784 4304 859 4367 ὡς
913 4303 968 4359 έν
1028 4301 1182 4379 λόγῳ
1234 4300 1434 4378 Κυρίου
1491 4304 1733 4372 Μωϋσῆς
1789 4299 1969 4357 διετά-

303 4395 458 4463 ξατο.

376 4481 447 4539 Τί
480 4482 573 4536 οὗν
603 4483 740 4557 πρὸς
768 4481 936 4538 ταῦτά
978 4503 1131 4562 φατε,
1191 4479 1235 4537 ὦ
1292 4477 1552 4540 Ἰουδαῖοι
1588 4498 1602 4550 ;
1660 4478 1764 4537 Καὶ
1819 4476 1873 4535 τί
1901 4478 1966 4534 τὸ

2074 1897 2204 1952 vita;
2233 1898 2441 1966 Judaai,
2474 1916 2510 1954 a
2532 1901 2815 1955 Romanis
2846 1900 2907 1955 in
2933 1902 3275 1957 servitutem
3297 1903 3434 1970 acti,
3459 1903 3616 1973 quod
3642 1921 3729 1959 re-

2072 2002 2205 2057 gem
2257 1986 2517 2042 universi
2565 1988 2865 2043 Christum
2914 1995 3285 2060 respuerant,
3343 1993 3726 2061 Romanoque

2074 2075 2325 2146 imperio
2348 2076 2529 2147 impie
2554 2094 2683 2132 sese
2706 2076 3395 2149 subjicerantclamando
3416 2081 3462 2115 “
3487 2098 3499 2134 :
3526 2097 3724 2152 regem

2074 2168 2291 2234 praeter
2318 2169 2612 2221 Caesarem
2662 2165 2893 2221 nullum
2940 2167 3250 2236 habemus,
3302 2169 3444 2223 item
3475 2169 3723 2241 Sanguis

2076 2254 2291 2309 Christi
2322 2255 2494 2310 nobis
2533 2257 2871 2327 nostrisque
2902 2257 3227 2329 imputetur
3259 2258 3485 2314 liberis.
3517 2260 3719 2330 Itaque

2076 2343 2257 2399 etiam
2305 2343 2379 2398 ad
2417 2350 2746 2400 extremum
2775 2362 2963 2417 usque
3010 2348 3324 2418 posteritas
3361 2365 3567 2404 eorum
3612 2365 3721 2420 per

2080 2433 2354 2489 nationes
2384 2433 2755 2508 dispergetur
2783 2440 2842 2490 et
2871 2436 3167 2509 aflligetur
3193 2460 3207 2503 ε
3241 2437 3429 2492 instar
3457 2436 3723 2510 fugitivo-

2079 2539 2213 2578 rum
2245 2527 2305 2578 et
2360 2524 2514 2579 notis
2562 2530 3054 2595 compunctorum
3104 2542 3408 2582 servorum
3457 2526 3727 2596 nihilque

2080 2612 2409 2667 secundum
2460 2612 2651 2685 legem
2683 2630 2855 2686 agere
2906 2614 2978 2669 iis
3027 2616 3424 2686 permittetur.
3480 2616 3728 2672 Romani

2081 2702 2242 2757 enim
2273 2718 2407 2756 cum
2439 2718 2540 2758 eos
2560 2702 2821 2758 habeant
2850 2703 3294 2774 stipendiarios,
3353 2721 3472 2760 non
3527 2705 3732 2761 sinunt

2080 2791 2336 2862 propriis
2364 2790 2451 2845 uti
2480 2790 2726 2863 legibus,
2761 2791 2894 2847 ideo
2917 2792 3055 2862 quia
3085 2792 3241 2848 ultro
3264 2793 3338 2848 iis
3367 2810 3427 2847 se
3460 2793 3521 2848 in
3549 2793 3729 2849 servi-

2081 2884 2268 2933 tutem
2293 2879 2663 2947 addixerant,
2683 2896 2818 2935 cum
2839 2881 3304 2936 vociferarentur
3326 2898 3386 2936 se
3401 2899 3521 2936 non
3541 2882 3726 2937 alium

2080 2966 2299 3022 habere
2328 2982 2527 3039 regem
2576 2984 2754 3037 quam
2805 2970 3116 3023 Caesarem.
3178 2973 3325 3024 Item
3385 2970 3502 3024 nisi
3560 2970 3725 3025 Chri-

2082 3061 2237 3110 stum
2269 3054 2631 3123 occidamus,
2663 3073 2871 3112 omnes
2902 3058 2955 3111 ei
2986 3057 3164 3112 ﬁdem
3208 3056 3595 3126 adhibebunt,
3629 3075 3728 3112 ve-

2082 3143 2364 3214 nientque
2399 3145 2647 3200 Romani
2689 3145 2841 3201 888
2877 3151 2937 3200 et
2966 3146 3174 3201 urbem
3216 3151 3568 3217 gentemque
3617 3164 3727 3201 no-

2075 3237 2259 3287 stram
2290 3231 2582 3305 subigent.
2615 3235 2684 3289 Et
2716 3233 2958 3304 quidem
2990 3251 3111 3289 non
3145 3241 3351 3307 sponte
3380 3252 3507 3302 sua,
3532 3241 3730 3290 tamen

2074 3320 2375 3376 vaticinati
2407 3326 2577 3386 sunt;
2604 3338 2742 3377 nam
2766 3326 2823 3376 et
2843 3322 3116 3379 nationes
3139 3323 3437 3378 Christum
3457 3324 3572 3379 ﬁde
3595 3329 3733 3379 sunt

2072 3409 2354 3480 amplexi,
2387 3414 2447 3464 et
2476 3410 2619 3482 ipsis
2640 3412 2889 3467 Romani
2920 3411 3239 3485 imperium
3264 3412 3610 3485 cultumque
3634 3430 3727 3469 sa-

2073 3515 2308 3554 crorum
2340 3500 2710 3571 eripuerunt,
2766 3507 2824 3556 et
2864 3518 3056 3573 neque
3106 3503 3442 3559 interﬁcere
3474 3505 3548 3558 iis
3592 3503 3734 3558 licet

2072 3605 2221 3658 quos
2260 3588 2483 3657 volunt,
2537 3606 2731 3661 neque
2790 3592 3127 3648 sacriﬁcare
3180 3593 3416 3663 quoties
3460 3594 3726 3665 cupiunt.

2073 3677 2195 3741 Quo
2228 3676 2293 3732 fit
2322 3682 2386 3731 ut
2419 3678 2813 3734 exsecrationi
2846 3680 2965 3734 sint
2994 3680 3255 3747 obnoxii,
3290 3698 3424 3737 cum
3465 3682 3628 3736 obire
3661 3698 3730 3737 ea

2072 3783 2203 3836 quae
2223 3765 2458 3839 legibus
2478 3766 2769 3838 jubentur
2790 3785 2912 3824 non
2934 3769 3184 3841 possint.
3205 3771 3291 3824 Ita
3309 3772 3467 3825 enim
3499 3770 3594 3825 lex
3615 3771 3726 3825 ait:

2072 3856 2426 3910 Exsecratus
2453 3861 2579 3910 esto
2607 3856 2946 3928 quicunque
2974 3873 3094 3913 non
3116 3859 3317 3914 omnia
3339 3876 3468 3929 quae
3492 3858 3553 3913 in
3573 3859 3729 3914 libro

2071 3942 2218 4013 legis
2249 3943 2469 4015 scripta
2500 3949 2657 4011 sunt,
2691 3943 2961 4000 observat
3007 3950 3185 4016 atque
3217 3952 3457 4018 praestat
3505 3947 3571 4004 ³⁵.
3601 3948 3728 4003 Jam

2072 4031 2199 4087 ﬁeri
2224 4031 2388 4088 nullo
2421 4032 2596 4088 modo
2628 4038 2822 4104 potest
2850 4040 2914 4088 ut
2943 4036 3043 4105 qui
3090 4036 3230 4091 hinc
3285 4036 3423 4091 inde
3472 4054 3579 4107 per
3629 4054 3728 4108 po-

2070 4123 2244 4194 pulos
2292 4123 2545 4195 dispersi
2598 4125 2734 4193 sint,
2784 4126 2827 4179 ii
2876 4143 3116 4181 omnem
3172 4128 3275 4182 Dei
3321 4128 3546 4183 cultum
3596 4129 3722 4200 lege

2069 4212 2322 4268 Mosaica
2355 4212 2767 4285 praescriptum
2818 4231 3075 4286 eumque
3133 4216 3236 4270 uni
3295 4215 3425 4271 loco
3478 4216 3720 4272 afﬁxum

2071 4301 2308 4357 obeant.

2146 4483 2219 4535 At
2248 4496 2371 4548 vos,
2399 4478 2606 4550 Judaai,
2653 4480 2753 4551 qui
2794 4479 2868 4536 ad
2900 4481 3026 4536 haec
3073 4481 3315 4539 dicitis?
3367 4485 3504 4549 Quae
3550 4500 3728 4540 causa

646 4539 655 4557 .
726 4539 737 4545 -
991 4539 1002 4562 ,
1118 4539 1130 4550 ,
1588 4539 1601 4550 ,

305 4568 489 4626 α’ίτιον
514 4575 623 4625 τῶν
652 4572 928 4627 τοσούτων
979 4572 1069 4626 καὶ
1127 4570 1472 4641 τηλικούτων
1536 4571 1675 4643 ὑμᾶς
1703 4567 1966 4639 κατειλη-

2078 4572 2165 4623 est
2178 4572 2263 4622 tot
2280 4573 2702 4639 tantorumque
2720 4570 3011 4625 malorum
3028 4588 3157 4642 qua)
3176 4573 3338 4628 vobis
3357 4572 3728 4629 evenerunt?

306 4662 492 4738 ιρότων
526 4665 708 4716 κακῶν
742 4681 756 4730 ;
789 4659 929 4735 Ἀρά
958 4681 1020 4735 γε
1047 4663 1314 4731 συνήκατε
1344 4659 1426 4715 ὅτι
1473 4659 1572 4714 οὐκ
1620 4659 1696 4721 είς
1728 4656 1964 4732 ὁμόδου-

311 4749 436 4817 λον,
469 4747 597 4804 ἁλλ’
631 4748 709 4811 εἷς
740 4750 869 4804 Θεὸν
896 4748 1398 4824 προσκεκρουκότες
1439 4747 1664 4811 εἰκότως
1697 4749 1780 4821 [Ρ.
1840 4748 1966 4820 219]

308 4842 482 4892 ταῦτα
529 4838 831 4893 πεπόνθατε
885 4840 979 4893 καὶ
1036 4837 1384 4914 ἀσύγγνωστα
1412 4838 1699 4911 πάσχετε;
1745 4834 1965 4897 Ἡσαΐας

308 4927 417 5001 γὰρ
450 4926 573 5001 περὶ
607 4927 762 5000 ὑμῶν
792 4926 853 4982 ἐκ
881 4928 1180 5002 προσώπου
1211 4930 1345 4982 Θεοῦ
1384 4945 1568 5001 φησιν·
1602 4925 1762 4989 Υἱοὺς
1814 4924 1964 5000 ἐγέν-

311 5035 452 5084 νησα
480 5016 572 5070 καὶ
603 5016 819 5090 ὕψωσα,
852 5016 1007 5072 αὐτοὶ
1038 5012 1096 5071 δέ
1129 5037 1196 5089 με
1224 5015 1518 5087 ἠθέτησαν.
1554 5015 1658 5072 Καὶ
1685 5015 1738 5070 τί
1798 5017 1963 5085 ποιή-

313 5124 393 5157 σω
426 5108 506 5176 τῷ
535 5102 826 5176 ἀμπελῶνί
856 5126 987 5178 μου,
1016 5104 1106 5160 καὶ
1156 5103 1256 5160 οὐκ
1311 5103 1542 5174 ἐποίησα
1594 5103 1778 5175 αύτῷ;
1812 5101 1962 5159 Διότι

312 5187 503 5263 ἔμεινα
554 5189 650 5247 ’ἱνα
707 5196 916 5267 ποιήσῃ
970 5191 1272 5270 σταφυλὴν,
1332 5191 1557 5263 ἐποίησε
1596 5188 1654 5246 δὲ
1710 5192 1961 5253 ἀκάνθας.

310 5280 419 5336 Καὶ
449 5275 640 5355 ἔμεινα
660 5279 754 5336 ’ίνα
792 5284 1001 5357 ποιήσῃ
1058 5281 1260 5356 κρίσιν,
1318 5279 1545 5352 ἐποίησε
1600 5279 1658 5336 δὶ
1712 5280 1962 5353 ἀνομίαν,

303 5368 401 5423 καὶ
430 5369 492 5423 οὐ
531 5368 896 5443 δικαιοσύνην,
928 5368 1074 5425 ἀλλὰ
1102 5371 1369 5445 κραυγήν.
1426 5368 1589 5432 ΙΙοίας
1622 5367 1681 5425 δὶ
1729 5369 1965 5431 ἀκάνθας

315 5454 461 5532 λέγει
493 5459 583 5514 καὶ
613 5459 774 5515 ποίαν
807 5458 1029 5534 ἂνομίαν
1068 5459 1160 5515 καὶ
1215 5460 1454 5535 κραυγήν
1485 5476 1500 5528 ;
1551 5460 1621 5516 Ἥ
1675 5455 1964 5529 δηλονότι,

384 5638 431 5674 ³³
458 5640 665 5696 Matth.
700 5656 856 5711 XXIV,
882 5643 954 5707 2;
988 5640 1122 5699 Luc.
1154 5657 1272 5711 xxi,
1304 5642 1356 5698 6.
1433 5640 1481 5678 2‘
1508 5641 1711 5699 Matth.
1742 5656 1923 5712 xxvn,
1950 5643 2039 5699 25.
2118 5638 2166 5675 ⁸⁵
2193 5638 2363 5695 Deut.
2390 5655 2566 5707 XXVII,
2603 5642 2669 5697 15
2701 5655 2867 5713 seqq.
2946 5639 2994 5677 ³⁸
3027 5641 3155 5708 Isa,
3175 5658 3217 5714 ι,
3246 5644 3302 5699 2.

2078 4656 2493 4729 Intelligitisne
2540 4674 2670 4713 eam
2702 4675 2851 4726 esse,
2885 4659 3042 4730 quod
3097 4677 3217 4717 non
3250 4662 3310 4717 in
3353 4680 3726 4730 conservum,

2075 4745 2180 4800 sed
2210 4746 2271 4800 in
2297 4746 2490 4818 ipsum
2515 4747 2698 4802 Deum
2721 4748 3077 4819 offendistis,
3101 4750 3353 4822 ideoque
3386 4758 3504 4806 tam
3526 4768 3729 4823 graves

2077 4835 2204 4891 sine
2236 4835 2408 4890 venia
2437 4853 2638 4908 pmnas
2663 4837 2925 4908 penditis
2947 4837 2973 4891 ?
3004 4839 3149 4893 Nam
3176 4841 3358 4896 Isaias
3381 4841 3621 4911 quidem
3656 4840 3727 4895 de

2074 4925 2239 4980 vobis
2262 4925 2370 4980 sub
2392 4941 2648 4996 persona
2665 4926 2768 4980 Dei
2791 4926 2875 4981 sic
2892 4926 3160 4998 loquitur
3180 4929 3226 4972 ιθ
3251 4946 3262 4982 :
3288 4930 3462 4983 Filios
3474 4929 3647 4999 genui
3672 4933 3731 4982 et

2076 5013 2259 5070 extuli
2305 5014 2415 5085 ipsi
2438 5019 2636 5069 autem
2662 5031 2757 5070 me
2782 5023 3133 5087 spreverunt
3157 5018 3221 5073 ³⁷.
3253 5020 3418 5083 Item,
3439 5017 3730 5081 Quidnam

2074 5107 2260 5159 restat
2292 5101 2448 5172 quod
2481 5103 2673 5157 adhuc
2703 5102 2766 5157 in
2796 5104 3029 5159 vineam
3054 5106 3227 5160 istam
3256 5105 3475 5159 laboris
3507 5106 3732 5176 impen-

2076 5191 2234 5260 dam,
2259 5190 2417 5261 quod
2444 5190 2713 5245 nondum
2738 5192 3132 5263 impenderim
3156 5194 3183 5247 ?
3210 5194 3553 5263 Exspectavi
3592 5194 3734 5249 dum

2073 5296 2217 5335 uvas
2247 5278 2635 5350 produceret:
2670 5280 2816 5334 Ecce
2847 5287 3044 5335 autem
3085 5281 3284 5353 spinas
3314 5283 3582 5353 protulit.
3617 5286 3731 5338 Ex-

2075 5367 2332 5440 spectavi
2365 5367 2507 5422 dum
2530 5367 2693 5439 juste
2731 5374 2993 5440 agerent,
3035 5368 3137 5425 sed
3164 5370 3521 5442 injustitiam
3554 5373 3641 5428 illi
3673 5380 3731 5429 et

2072 5455 2562 5513 vociferationem
2614 5456 2950 5514 ediderunt.
3011 5460 3164 5525 Quas
3221 5476 3356 5515 vero
3414 5463 3615 5534 spinas
3672 5469 3730 5517 et

3381 5641 3429 5676 ³⁷
3458 5643 3580 5698 Isa.
3622 5659 3675 5706 γ,
3709 5644 3743 5694 4
