4118 6288
339 395 456 458 423

1694 389 2017 450 GEORGII
2061 389 2209 451 OED
2223 393 2262 452 R
2275 393 2402 455 ENI

3636 399 3756 456 424

340 548 522 605 quam
553 529 907 602 injustitiam
939 543 1006 583 ac
1025 541 1202 598 quem
1229 526 1554 582 clamorem
1584 524 1793 581 notat?
1813 524 1985 580 nimi-

2101 524 2296 601 αἷσπερ
2327 525 2722 604 ἐστερανώσατε
2748 527 2909 584 αὐτὸν
2965 523 3188 602 ἀνόμως
3238 527 3341 584 ἱεπὶ
3397 532 3495 583 τοῦ
3533 527 3761 594 πάθους,

335 638 470 678 rum
493 619 692 691 spinas
726 634 795 672 ex
827 616 1042 688 quibus
1073 619 1409 670 contextam
1438 615 1490 670 ei
1515 631 1795 670 coronam
1830 615 1988 669 inter

335 711 558 781 injusta
585 707 876 779 supplicia
927 705 1321 778 imposuistis,
1353 705 1777 760 vociferantes:
1803 703 1984 767 Tolle,

337 800 499 863 tolle,
531 797 686 853 884
734 797 793 850 in
827 812 1063 850 crucem
1095 811 1229 850 eum
1264 811 1390 868 age.
1452 795 1544 850 Sic
1576 801 1634 850 et
1659 793 1983 849 Jeremias:

336 887 643 942 Hereditas
664 885 810 940 mihi
836 901 968 940 mea
987 885 1144 940 facta
1165 889 1254 939 est
1273 885 1462 940 instar
1493 883 1684 938 leonis
1719 884 1781 938 in
1799 882 1945 938 silva
1969 902 1982 942 :

334 979 628 1035 Adversus
650 993 744 1032 me
769 993 838 1031 ea
857 993 1061 1030 vocem
1079 975 1341 1040 sustulit,
1366 975 1618 1046 ideoque
1648 991 1780 1030 eam
1798 973 1894 1029 odi
1917 972 1982 1028 τε.

335 1066 618 1122 Solomon
649 1080 886 1135 quoque
913 1064 1090 1118 dicit:
1129 1063 1293 1118 Exite
1324 1080 1357 1117 ο
1390 1063 1529 1117 ἢιὶω
1559 1063 1772 1126 Sionis,
1805 1077 1872 1117 ac
1903 1061 1988 1115 vi-

333 1156 465 1211 dete
499 1171 776 1210 coronam
831 1169 1009 1225 quam
1062 1153 1113 1208 ei
1149 1157 1338 1208 mater
1389 1152 1516 1224 ejus
1563 1151 1846 1224 imposuit
1891 1149 1985 1204 die

332 1244 587 1316 nuptiali
617 1243 682 1296 2°.
715 1245 955 1298 Matrem
988 1243 1117 1315 ejus
1144 1247 1327 1310 vocat,
1361 1241 1691 1296 secundum
1721 1255 1984 1310 carnem,

333 1335 670 1391 Judazorum
721 1351 1112 1408 synagogam:
1161 1333 1305 1388 dicit
1335 1332 1494 1387 enim
1529 1348 1542 1386 :
1589 1332 1733 1387 Caro
1757 1345 1890 1385 mea
1919 1345 1984 1385 ex

333 1426 498 1498 ipsis.
555 1427 688 1481 Dies
745 1432 944 1482 autem
975 1425 1320 1497 nuptiarum
1369 1423 1500 1496 ejus
1548 1429 1658 1492 est,
1713 1438 1828 1492 quo
1873 1420 1984 1476 sibi

332 1516 596 1587 gentium
631 1513 960 1570 Ecclesiam
1005 1512 1400 1585 desponsavit.
1454 1513 1598 1567 Tum
1647 1527 1784 1567 vero
1826 1509 1988 1565 fatua

332 1603 436 1658 illa
467 1618 762 1676 synagoga
802 1617 1082 1658 coronam
1115 1602 1383 1673 spineam
1425 1600 1554 1672 ejus
1583 1599 1761 1672 capiti
1791 1599 1982 1670 impo-

333 1691 470 1759 suit,
497 1691 876 1764 illudensque
907 1692 961 1746 ei
993 1689 1140 1746 dixit
1194 1689 1379 1754 Salve,
1415 1706 1448 1744 ο
1475 1705 1576 1744 rex
1619 1688 1980 1744 Judmorum.

333 1787 490 1850 Quos
513 1785 692 1840 etiam
714 1785 1008 1840 minacius
1026 1782 1298 1856 objurgat
1321 1782 1506 1838 lsaias
1527 1781 1621 1838 his
1637 1781 1830 1836 verbis
1855 1796 1868 1834 :
1901 1779 1987 1834 Fi-

2094 613 2403 686 κράζοντες.
2439 618 2622 693 Ἆρον,
2687 619 2838 692 ἆρον,
2897 617 3224 693 σταύρωσον
3283 615 3468 672 αὐτόν.
3533 617 3621 677 Ὠς
3667 616 3760 671 καὶ

2095 700 2181 757 ἐπὶ
2214 705 2283 760 Ἰε
2311 705 2524 780 ρεμίου,
2550 705 2793 784 Ἐγένετο
2848 709 2884 777 ἡ
2934 706 3287 783 κληρονομία
3353 727 3459 780 μου
3497 703 3620 778 ἐμοὶ
3682 705 3762 767 ὡς

2095 789 2234 846 λὲων
2265 791 2318 848 ἐν
2353 793 2565 872 δρυμῷ.
2595 793 2835 854 Ἔδωκεν
2868 795 2948 852 ἐπ’
3011 795 3110 870 ἐμὲ
3148 798 3246 866 τὴν
3314 796 3501 871 φωνὴν
3563 793 3758 870 αὐτῆς,

2093 881 2182 936 καὶ
2215 879 2302 938 διὰ
2345 890 2504 940 τοῦτο
2560 886 2799 959 ἒμίσησα
2858 886 3044 958 αὐτήν.
3108 887 3206 942 Καὶ
3261 885 3529 958 Σολομῶν
3569 883 3751 963 λέγει·

2102 971 2384 1044 Εξὲλθετε,
2418 977 2699 1054 θυγατέρες
2745 977 2912 1044 Σιὼν,
2973 977 3061 1033 καὶ
3128 975 3268 1032 ἴδετε
3326 977 3376 1031 ἐν
3427 980 3504 1050 τῷ
3563 976 3758 1052 στεφά-

2095 1059 2190 1138 ’νῳ
2219 1065 2266 1137 ᾧ
2294 1063 2651 1144 ἐστεφάνωσεν
2702 1067 2865 1123 αὐτὸν
2905 1069 2940 1138 ἡ
3007 1069 3195 1142 μήτηρ
3262 1065 3427 1122 αὐτοῦ
3485 1065 3538 1121 ἐν
3567 1066 3755 1141 ἡμέρᾳ

2092 1155 2446 1230 νυμφεύσεως
2489 1155 2677 1212 αὐτοῦ.
2715 1157 2937 1231 Μητέρα
2996 1157 3090 1229 μὲν
3156 1153 3322 1211 αἶ)τοῦ
3387 1156 3523 1210 κατᾶ
3579 1155 3754 1230 σάρκα

2093 1241 2243 1318 λέγει
2285 1247 2398 1318 (49)
2426 1245 2526 1314 τήν
2555 1249 2664 1300 τῶν
2713 1241 2988 1301 Ἰουδαίων
3046 1245 3396 1322 συναγωγήν.
3459 1245 3598 1318 Σάρξ
3643 1263 3754 1317 μου

2093 1331 2198 1407 γάρ
2252 1353 2418 1409 φησιν
2476 1331 2526 1388 ἐν
2577 1333 2775 1388 αὐτῶν.
2831 1331 3042 1408 Ἡμέρα
3095 1329 3154 1387 δὲ
3194 1331 3542 1409 νυμφεύσεως
3585 1331 3752 1386 αὐτοῦ

2092 1421 2214 1485 καθ’
2243 1419 2311 1490 ἢν
2340 1421 2438 1490 τήν
2473 1421 2522 1492 ἐξ
2563 1419 2728 1477 ἐθνῶν
2789 1421 3158 1500 ἐνυμφεύσατο
3218 1421 3566 1492 Ἐκκλησίαν.
3597 1421 3661 1478 Ἦ
3690 1417 3750 1476 δὶ

2099 1510 2449 1587 ματαιὸφρων
2498 1508 2674 1582 ἐκείνη
2736 1512 3030 1586 συναγωγή
3091 1509 3344 1590 στέφανον
3397 1507 3448 1582 ἐξ
3503 1509 3750 1572 ἀκανθῶν

2094 1597 2179 1657 ἐπὶ
2213 1602 2312 1672 τήν
2341 1603 2586 1678 κεφαλὴν
2615 1603 2780 1658 αὐτοῦ
2831 1604 2982 1658 θεῖσα
3011 1601 3358 1676 ἱμπαίζουσα
3400 1601 3546 1674 αὐτῷ
3578 1599 3754 1676 ἔλεγε,

2094 1691 2282 1765 Χαῖρε,
2317 1691 2343 1746 ὁ
2379 1690 2636 1766 βασιλεὺς
2672 1695 2782 1747 τῶν
2841 1688 3143 1750 Ἰουδαίων.
3205 1690 3348 1765 Πρὸς
3395 1690 3492 1753 οὕς
3522 1689 3756 1745 ἀποτει-

2092 1782 2317 1854 νόμενος
2379 1778 2597 1844 Ἠσαίας
2679 1781 3231 1853 ἐττιπληκτικώτερον⁴
3294 1774 3420 1851 ἔφη·
3482 1780 3568 1836 Ἐν
3637 1778 3750 1834 τίνι

332 1874 397 1929 lii
421 1874 638 1945 perditi
660 1890 728 1928 ac
759 1890 963 1928 semen
1012 1872 1323 1944 injustam,
1358 1871 1596 1926 cuinam
1649 1886 1756 1943 per
1783 1867 1982 1923 libidi-

2096 1867 2489 1948 ἐνετρυφήσατε
2525 1889 2539 1939 ;
2571 1871 2675 1928 Καὶ
2711 1869 2800 1926 ἐπὶ
2860 1872 2966 1924 τίνι
3011 1867 3324 1944 ἒχαλάσατε
3373 1870 3472 1938 τήν
3501 1865 3756 1945 γλῶτταν

334 1979 472 2018 nem
495 1962 782 2029 illusistis,
809 1979 876 2016 ac
900 1966 1106 2016 contra
1137 1976 1314 2030 quem
1337 1960 1504 2014 frena
1524 1959 1740 2031 linguai
1779 1961 1987 2012 vestraa

333 2051 638 2108 laxavistis
653 2049 702 2084 ³ο
716 2051 743 2106 ⁶ἶ
763 2053 954 2121 Atque
969 2050 1094 2121 ipse
1111 2049 1290 2104 etiam
1307 2048 1593 2103 Dominus
1606 2046 1762 2119 apud
1775 2047 1987 2102 Oseam

337 2158 438 2196 eos
461 2140 730 2212 deplorat
751 2139 1128 2210 itainquiens
1154 2155 1167 2193 :
1195 2140 1290 2193 Vas
1324 2138 1488 2209 ipsis,
1513 2136 1794 2208 quoniam
1827 2152 1862 2190 a
1893 2150 1987 2189 me

333 2231 716 2284 resiluerunt.
759 2229 952 2283 Miseri
987 2234 1146 2294 sunt,
1175 2227 1316 2298 quia
1344 2226 1658 2282 adversum
1690 2242 1784 2280 me
1806 2223 1987 2296 impie

335 2324 583 2391 egerunt
617 2318 889 2388 malaque
921 2318 982 2371 in
1030 2331 1126 2370 me
1158 2315 1408 2370 consilia
1457 2315 1755 2376 inierunt;
1790 2312 1988 2382 itaque

334 2407 593 2462 Israelus
627 2406 939 2476 absorptus
972 2410 1062 2458 est
1089 2410 1266 2474 atque
1298 2403 1372 2457 ad
1404 2403 1658 2456 nihilum
1690 2401 1985 2465 redactus,

337 2496 645 2566 factusque
679 2495 836 2549 inter
858 2499 1061 2566 gentes
1099 2493 1288 2548 instar
1315 2492 1468 2546 vasis
1500 2491 1712 2562 perditi
1743 2488 1814 2544 δι.
1847 2491 1992 2544 Rur-

341 2603 441 2640 sus
468 2601 574 2656 per
600 2582 918 2638 Jeremiam
943 2583 1096 2636 Deus
1130 2580 1292 2637 dicit.
1316 2579 1634 2652 Castigabit
1663 2583 1720 2633 te
1757 2584 1858 2633 tua
1887 2578 1992 2632 de-

339 2673 538 2739 fectio,
572 2677 631 2728 et
659 2671 890 2728 malitia
938 2675 1043 2726 tua
1072 2675 1128 2724 te
1183 2671 1524 2737 convincet;
1553 2683 1988 2741 cognoscesque

339 2762 618 2818 acerbum
651 2761 755 2816 tibi
780 2777 908 2816 esse
935 2759 1091 2830 quod
1113 2775 1210 2814 me
1239 2758 1554 2814 deseruisti
1583 2755 1651 2814 ³³.
1680 2760 1754 2812 At
1781 2755 1989 2812 beatus

339 2851 593 2907 Davidus
623 2849 912 2906 acerrimo
969 2847 1175 2904 dolore
1215 2852 1606 2920 compunctus
1654 2846 1716 2901 in
1765 2862 1865 2901 vos
1906 2845 1991 2900 ita

339 2944 679 2996 exsecratur
707 2939 780 2994 ob
827 2937 1162 3010 petulanter
1199 2955 1234 2992 a
1273 2936 1437 2992 vobis
1486 2941 1757 2992 vexatum
1789 2933 1986 2990 Domi-

339 3048 503 3086 num.
537 3028 1015 3086 Obtenebrentur
1059 3026 1214 3083 oculi
1249 3042 1474 3094 eorum,
1507 3043 1582 3081 ne
1623 3025 1890 3092 videant;
1921 3040 1990 3078 ac

340 3126 570 3193 tergum
595 3136 802 3175 eorum
834 3133 1258 3190 usquequaque
1290 3133 1483 3172 curva.
1516 3115 1765 3172 Ell'unde
1797 3115 1857 3170 in
1887 3129 1991 3168 eos

341 3209 489 3264 iram
523 3215 685 3264 tuam
725 3207 792 3274 ³³,
827 3213 883 3261 et
941 3206 1088 3262 385
1141 3205 1608 3261 excandescente
1655 3204 1855 3260 animo
1887 3219 1990 3258 eos

341 3298 594 3353 adorire.
625 3296 789 3352 Adde
829 3311 1034 3350 eorum
1081 3295 1339 3366 peccatis
1388 3299 1648 3366 peccata,
1700 3310 1773 3348 ne
1822 3298 1986 3347 tuam

332 3386 629 3459 justitiam
674 3385 984 3456 attingant.
1027 3385 1451 3456 Expungantur
1491 3383 1563 3438 de
1601 3382 1752 3436 libro
1792 3382 1982 3435 viven-

339 3475 510 3539 tium,
545 3479 602 3528 et
633 3474 789 3527 inter
810 3474 1006 3544 justos
1039 3488 1246 3526 eorum
1279 3471 1526 3526 nomina
1569 3487 1687 3525 non
1719 3470 1984 3525 scriban-

337 3569 454 3618 tur.
490 3562 713 3634 Dissipa
763 3577 864 3616 eos
898 3561 950 3614 vi
1002 3564 1121 3626 tua,
1173 3576 1241 3614 ac
1289 3559 1477 3630 dejice
1521 3576 1640 3627 eos,
1689 3564 1990 3630 protector

342 3669 530 3720 meus,
565 3669 598 3706 ο
628 3653 802 3706 Deus.
837 3648 1366 3721 Deprehendantur
1390 3649 1451 3704 in
1481 3647 1636 3704 fastu
1675 3665 1802 3714 suo,
1837 3653 1895 3702 et
1925 3647 1988 3702 in

348 3743 438 3798 ira
458 3741 693 3805 excidii,
726 3756 800 3794 ne
829 3744 1080 3795 exstent.
1121 3739 1210 3794 Ita
1251 3737 1632 3810 experientur
1663 3738 1846 3792 Deum
1891 3737 1990 3792 Ja-

348 3831 495 3890 cobo
525 3839 584 3888 et
615 3831 832 3887 ﬁnibus
865 3836 1034 3886 terraa
1059 3829 1349 3902 imperare
1378 3829 1443 3884 ³⁸.
1469 3828 1756 3883 Nimirum
1779 3828 1988 3884 hocin-

343 3939 554 3989 nuens,
581 3923 740 3992 ipsos
755 3919 918 3991 justo
939 3918 1284 3990 Deijudicio
1315 3918 1634 3988 dispersos,
1658 3917 1982 3972 intellectu-

341 4033 440 4070 ros
470 4014 768 4069 Christum
826 4029 954 4067 esse
1015 4013 1199 4067 Deum
1231 4011 1415 4082 patris
1467 4010 1731 4084 ipsorum
1762 4010 1984 4066 Jacobi.

339 4104 560 4160 Eodem
609 4102 789 4158 etiam
845 4100 1022 4157 modo
1080 4117 1180 4156 vos
1236 4099 1494 4156 traducit
1521 4101 1732 4166 Moses,
1785 4099 1838 4155 is
1886 4099 1988 4171 qui

337 4195 526 4250 Deum
553 4191 724 4260 vidit,
773 4195 839 4246 ut
895 4191 1162 4262 impuros
1203 4193 1262 4245 et
1317 4187 1565 4244 stolidos
1613 4193 1674 4244 et
1701 4188 1983 4261 ingratos.

337 4283 489 4351 Filii,
521 4281 737 4353 inquit,
759 4280 1224 4352 reprehensione
1247 4278 1428 4351 digni,
1451 4293 1696 4350 pravum
1717 4294 1902 4350 genus
1920 4293 1988 4332 ac

335 4385 701 4442 perversum,
733 4367 994 4422 hmccine
1035 4366 1283 4421 Domino
1325 4364 1698 4436 rependitis?
1734 4363 1987 4435 populus

339 4459 450 4513 iste
481 4458 678 4513 fatuus
709 4461 798 4510 est
821 4470 1013 4525 neque
1045 4453 1216 4526 sapit.
1250 4455 1340 4508 An
1367 4469 1488 4508 non
1521 4454 1672 4508 Deus
1702 4459 1870 4524 pater
1897 4456 1989 4508 est

339 4551 498 4615 tuus,
529 4547 628 4616 qui
659 4551 717 4599 te
749 4544 861 4599 sibi
880 4543 1124 4614 paravit,
1168 4542 1269 4613 qui
1293 4547 1346 4596 te
1377 4541 1540 4612 fecit,
1579 4547 1635 4596 te
1665 4542 1982 4598 formavit?

2097 1957 2270 2030 ὑμῶν,
2328 1957 2487 2013 τὲκνα
2541 1956 2820 2020 ἀπωλείας
2875 1957 2966 2012 καὶ
3027 1955 3238 2034 σπέρμα
3297 1955 3498 2030 ἄνομον
3539 1957 3747 2026 ;“Οθεν

2090 2045 2253 2110 αὐτὸς
2285 2047 2314 2102 6
2345 2046 2548 2123 Κύριος
2581 2044 2650 2102 δι’
2681 2047 2844 2117 Ὠσηὶ
2893 2050 2992 2102 τοῦ
3047 2048 3338 2121 προφήτου
3401 2043 3752 2102 σχετλιαστι-

2089 2140 2200 2198 κῶς
2232 2140 2398 2206 εἶπεν,
2445 2137 2578 2192 Ούαῖ
2636 2137 2846 2205 αὐτοῖς,
2881 2137 2966 2192 ὅτι
3025 2133 3379 2207 ἁπεπήδησαν
3441 2136 3532 2190 ἀπ’
3582 2133 3748 2208 ἐμοῦ.

2092 2224 2514 2296 Δείλαιοίεῖσιν,
2549 2227 2633 2282 ὅτι
2680 2221 2956 2298 ἠσέϐησαν
2992 2224 3067 2288 εἷς
3128 2224 3224 2299 ἒμὶ
3262 2224 3351 2279 καὶ
3403 2225 3618 2300 πονηρᾶ
3669 2223 3750 2286 εἷς

2091 2311 2188 2387 ἐμὲ
2221 2314 2564 2392 ἐλογίσαντ).
2601 2316 2698 2370 Καὶ
2751 2311 2840 2369 διὰ
2881 2318 3042 2370 τοῦτο
3101 2313 3372 2383 κατεπόθη
3407 2311 3624 2389 Ἰσραὴλ
3657 2314 3753 2368 καὶ

2092 2403 2166 2466 εἰς
2200 2404 2352 2459 οὐθὲν
2377 2403 2606 2478 ἐγένετο,
2639 2402 2728 2458 καὶ
2763 2403 2846 2458 ὅτι
2877 2400 3057 2477 ὥσπερ
3113 2406 3300 2464 σκεῦος
3361 2400 3638 2477 ἄχρηστον
3695 2400 3750 2457 ἐν

2087 2499 2204 2556 τοῖς
2237 2489 2462 2559 ἔθνεσιν.
2498 2494 2596 2552 Καὶ
2646 2491 2736 2550 διὰ
2765 2492 3030 2570 Ἰερεμίου
3087 2491 3251 2549 πάλιν
3312 2492 3466 2571 φησί·
3518 2488 3753 2548 Ιιαιδεύ-

2089 2605 2170 2640 σει
2201 2605 2257 2640 σε
2285 2587 2320 2655 ἡ
2350 2585 2647 2640 ἀποστασία
2678 2606 2795 2652 σου,
2825 2585 2916 2640 καὶ
2957 2586 2989 2654 ἡ
3050 2583 3211 2639 κακία
3269 2604 3365 2639 σου
3413 2581 3621 2662 ἐλέγξει
3663 2605 3747 2656 σε,

2089 2673 2179 2730 καὶ
2204 2674 2388 2750 γνώσῃ
2433 2672 2518 2728 ὅτι
2567 2674 2762 2748 πικρόν
2818 2694 2905 2728 σοι
2943 2673 3006 2729 τὸ
3037 2671 3358 2728 καταλιπεῖν
3401 2693 3457 2728 σε
3488 2671 3606 2748 ἐμὲ.
3677 2675 3743 2731 Ὁ

2093 2761 2150 2818 δὲ
2177 2785 2238 2838 γε
2267 2765 2408 2824 θεῖος
2441 2757 2628 2834 Δαϐὶδ,
2689 2758 2870 2840 ὥσπερ
2931 2761 3319 2838 διαπριόμενος
3378 2768 3496 2827 καθ’
3557 2762 3736 2836 ὑμῶν,

2092 2851 2354 2928 ἐπαρᾶται
2384 2853 2518 2928 πρὸς
2542 2853 2634 2908 τὸν
2662 2851 3049 2928 παροινηθέντα
3107 2852 3310 2928 Κύριον
3361 2849 3566 2929 λέγων,
3598 2859 3735 2910 Σκο-

2091 2943 2430 3013 τισθήτωσαν
2485 2943 2536 2996 οἱ
2585 2939 2863 3020 ὀφθαλμοὶ
2905 2940 3078 2996 αὐτῶν
3106 2946 3203 2996 τοῦ
3246 2943 3323 3015 μὴ
3359 2939 3600 3017 βλέπειν,
3635 2943 3728 2996 καί

2087 3031 2182 3087 τὸν
2212 3035 2382 3086 νῶτον
2423 3028 2600 3086 αύτῶν
2633 3027 2722 3085 διὰ
2751 3030 2951 3093 παντὸς
3004 3030 3344 3105 σύγκαμψον.
3380 3031 3610 3106 ’Ἑκχεον
3649 3028 3730 3084 ἐπ’

2092 3117 2280 3181 αὐτοὺς
2311 3120 2407 3188 τήν
2442 3117 2609 3194 ὀργῆν
2644 3139 2761 3186 σου,
2820 3117 2910 3172 καὶ
2970 3118 2998 3172 6
3054 3117 3230 3190 θυμὸσ
3273 3123 3374 3187 τῆς
3408 3116 3580 3194 ὀργῆς
3639 3137 3741 3172 σου

2019 3243 2064 3312 C
2091 3203 2378 3283 καταλάϐῃ
2412 3207 2628 3268 αύτούς.
2665 3207 2902 3278 Πρόσθες
2934 3207 3158 3281 ἀνομίαν
3205 3207 3291 3261 ἐπὶ
3360 3207 3460 3277 τήν
3517 3206 3745 3280 ἀνομίαν

2140 3298 2152 3312 ς
2205 3301 2229 3312 υ
2402 3295 2416 3312 ι
2511 3297 2524 3312 υ
2597 3294 2612 3312 Ο
2679 3294 2700 3312 ‘
2725 3307 2739 3312 Α
2765 3293 2774 3308 Ι
3012 3293 3028 3310 ἢ
3123 3292 3145 3312 δ
3348 3294 3362 3312 Ι
3675 3294 3722 3312 1.

2092 3298 2296 3366 αὐτῶν,
2329 3295 2417 3351 καὶ
2457 3297 2533 3370 μή
2568 3293 2955 3359 εἷσελθὲτωσαν
3010 3293 3063 3350 ἓν
3119 3292 3432 3370 δικαιοσύνῃ
3489 3315 3608 3350 σου’
3672 3294 3760 3366 ἐξ·

2092 3385 2504 3463 αλειιρθήτωσαν
2536 3382 2596 3439 ἐκ
2629 3378 2831 3460 βίϐλου
2862 3385 3105 3454 ζώντων,
3136 3382 3226 3438 καὶ
3255 3383 3392 3456 μετᾶ
3421 3382 3647 3438 δικαίων
3675 3385 3758 3459 μὴ

2091 3477 2475 3554 γραφητωσαν.
2563 3474 2956 3548 Διασκὸρπισον
3012 3472 3208 3534 αὐτοὺς
3267 3470 3317 3528 ἐν
3384 3476 3453 3546 τῇ
3516 3470 3748 3546 δυνάμει

2092 3585 2210 3631 σου,
2242 3563 2330 3619 καὶ
2361 3557 2637 3618 κατάϐαλε
2667 3561 2887 3630 αὖτοὺς,
2947 3561 2975 3616 6
3031 3562 3436 3636 ὑπερασπιστής
3499 3582 3605 3636 μου
3650 3563 3758 3619 Κύ-

2091 3676 2192 3732 ριε.
2231 3654 2328 3710 Καὶ
2360 3652 2830 3729 συλληφθήτωσαν
2864 3651 2917 3706 ἐν
2949 3656 3018 3727 τῃ
3081 3651 3417 3732 ὑπερηφανίᾳ
3479 3653 3664 3708 αὐτῶν
3693 3651 3756 3708 ἐν

2091 3745 2226 3821 ὀργῇ
2260 3740 2588 3812 συντελείας,
2619 3741 2709 3796 καὶ
2742 3742 2806 3796 ού
2852 3742 2928 3815 μὴ
2990 3740 3288 3817 ὑπάρξωσι.
3331 3741 3433 3799 Καὶ
3485 3741 3734 3820 γνώσονο

2087 3855 2176 3890 ται
2205 3835 2290 3889 ’ὁτι
2321 3835 2350 3889 6
2382 3833 2508 3894 Θεὸς
2541 3829 2787 3900 δεσπόζει
2816 3835 2913 3886 τοῦ
2941 3825 3139 3887 Ἰακὼϐ
3196 3831 3288 3886 καὶ
3344 3835 3451 3886 τῶν
3483 3831 3734 3905 περάτων

2087 3927 2190 3990 τῆς
2242 3929 2364 3996 γῆς.
2426 3921 2542 3998 Ἐφ’
2593 3921 2675 3981 οἷς
2733 3916 3001 3990 δήπουθεν
3060 3915 3438 3996 διαπαρέντες
3513 3917 3739 3982 ἐνδίκως

2089 4009 2482 4086 ἑπιγνώσονται
2513 4010 2726 4070 πάντως
2757 4005 2840 4063 ὅτι
2880 4005 3010 4070 Θεός
3069 4005 3210 4061 ἐστιν
3269 4007 3298 4061 6
3353 4007 3586 4080 Χριστὸς
3641 4011 3744 4062 τοῦ

2091 4100 2300 4175 Ηατρὸς
2331 4099 2509 4154 αὐτῶν
2542 4091 2758 4154 Ἰακώϐ.
2819 4094 2977 4154 Οὕτω
3029 4096 3090 4170 γε
3149 4097 3256 4169 μην
3319 4096 3410 4151 καὶ
3443 4095 3470 4151 6
3504 4095 3744 4167 θεόπτης

2089 4189 2330 4256 Μωϋσῆς
2357 4182 2690 4255 στηλιτεύων
2721 4183 2862 4256 ὑμᾶς
2893 4183 2968 4248 ὡς
3007 4179 3304 4259 βδελυροὺς
3359 4182 3450 4238 καὶ
3503 4181 3752 4261 ἄφρονας

2089 4274 2179 4330 καὶ
2209 4275 2525 4351 ἀγνώμονας
2561 4275 2644 4348 [Ρ.
2677 4273 2804 4346 220]
2841 4269 2964 4350 ἔφη.
3025 4271 3204 4328 Τέκνα
3261 4273 3528 4344 μωμητᾶ,
3587 4271 3754 4348 γενεᾶ

2091 4363 2290 4420 σκολιᾶ
2317 4363 2406 4418 καὶ
2451 4360 2877 4437 διεστραμμένη,
2933 4365 3101 4416 ταῦτα
3143 4361 3326 4436 Κυρίῳ
3384 4359 3757 4418 ἀνταποδίδο-

2088 4474 2185 4526 τες
2227 4454 2398 4516 Οὗτος
2456 4453 2587 4514 λαὸς
2631 4452 2815 4526 μωρὸς
2855 4450 2944 4505 καὶ
3007 4450 3136 4526 οὐχὶ
3168 4449 3352 4527 σοφός.
3411 4451 3528 4509 Ούκ
3585 4451 3750 4513 αὐτὸς

2093 4542 2250 4605 οὗτός
2282 4563 2376 4597 σου
2417 4542 2601 4616 Πατὴρ
2659 4538 2923 4612 ἐκτήσατὸ
2981 4560 3039 4594 σε
3105 4539 3194 4594 καὶ
3253 4537 3478 4610 ἐποίησέ
3535 4561 3594 4595 σε
3651 4541 3748 4595 καὶ

336 4605 661 4706 Eapropter
675 4637 834 4688 recte
847 4605 1204 4703 pronuntiat
1211 4631 1364 4685 Deus
1380 4646 1392 4684 :
1411 4605 1560 4695 Dixi,
1579 4631 1610 4683 d
1623 4631 1658 4703 ij
1670 4631 1842 4687 iciam
1857 4648 1978 4701 eos,

2091 4630 2290 4688 ἔπλασὲ
2319 4653 2376 4686 σε
2409 4651 2423 4702 ;
2451 4605 2741 4694 Κάντεῦθεν
2777 4628 3002 4691 εἰκότως
3060 4627 3222 4708 φησίν
3279 4629 3308 4684 6
3363 4605 3514 4690 Geor,"
3547 4631 3740 4700 Εῐπον,

337 4721 586 4777 abolebo
609 4737 680 4775 ex
700 4717 1045 4774 hominibus
1067 4733 1274 4773 eorum
1314 4717 1660 4773 memoriam
1675 4717 1740 4771 ³⁵.
1766 4721 1837 4774 Et
1857 4721 1979 4792 qui.

337 4811 472 4868 dem
491 4809 746 4882 inclytus
765 4808 864 4863 ille
893 4808 1178 4863 Jeremias
1191 4807 1512 4862 admodum
1543 4806 1761 4864 diserte
1783 4811 1979 4881 expri-

335 4901 448 4958 mit
476 4899 752 4972 quisnam
777 4898 856 4953 sit
883 4897 982 4952 ille
1022 4897 1123 4968 qui
1156 4897 1236 4952 ita
1265 4914 1300 4952 a
1330 4896 1490 4952 vobis
1532 4901 1813 4953 tractatus
1855 4904 1976 4957 est:

336 4989 608 5061 Spiritus,
641 4986 852 5058 inquit,
881 4985 1094 5041 faciem
1126 4989 1378 5040 vestram
1410 4983 1772 5056 praecedens,
1814 4987 1979 5043 Chri-

335 5083 480 5147 stus,
509 5077 970 5150 comprehensus
1002 5080 1092 5130 est
1135 5074 1517 5148 perversitate
1568 5081 1778 5144 vestra,
1828 5079 1878 5134 is
1910 5078 1980 5136 de

888 5203 934 5239 '9
963 5205 1126 5262 Cant.
1162 5220 1246 5271 ιιι,
1283 5205 1368 5257 11.

405 5206 455 5243 ³⁸
479 5209 594 5263 Jer.
626 5223 727 5276 xu,
758 5207 810 5260 8.
888 5206 934 5239 ’9
963 5206 1126 5262 Cant.
1162 5220 1246 5271 ιιι,
1283 5206 1368 5257 11.
1443 5206 1492 5236 ³ο
1524 5206 1634 5258 Isa.
1683 5219 1814 5271 Lvn,

415 5320 424 5333 .
504 5279 548 5316 “
575 5277 727 5335 Psal.
761 5293 916 5342 Lvm,
948 5278 1017 5332 23
1048 5293 1213 5342 seqq.
1291 5273 1338 5308 ³⁵
1369 5275 1534 5330 Deut.
1563 5290 1713 5342 XXXI,
1745 5279 1834 5331 26.

337 5281 424 5334 25.
504 5279 548 5316 “
575 5277 727 5335 Psal.
761 5293 916 5347 Lvm,
948 5278 1017 5332 23
1048 5293 1213 5348 seqq.

1443 5200 1492 5236 ³ο
1524 5202 1634 5258 lsa.
1683 5219 1814 5271 Lvn,
1842 5208 1892 5271 3,
1929 5209 1982 5262 4.
2059 5208 2105 5243 εί
2155 5207 2286 5262 Ose.
2321 5222 2415 5272 vn,
2448 5204 2536 5260 43.

2089 4720 2360 4796 διασπερῶ
2391 4719 2608 4790 αὐτοὺς,
2668 4718 2862 4774 παύσω
2919 4715 2977 4773 δὲ
3033 4715 3084 4786 ἐξ
3140 4717 3434 4792 ἀνθρώπων
3487 4719 3551 4774 τὸ
3613 4741 3752 4793 μνη-

2092 4810 2323 4884 μόσυνον
2355 4809 2556 4865 αύτῶν.
2591 4807 2696 4865 Καὶ
2731 4806 2912 4881 μέντοι
2970 4805 3062 4862 καὶ
3116 4807 3145 4862 6
3201 4805 3417 4870 κλεινὸς
3474 4808 3739 4882 Ἱερεμίας

2093 4899 2242 4975 μάλα
2271 4899 2578 4978 σαφηνίζων
2611 4896 2662 4953 τί
2676 4919 2699 4960 ς
2760 4897 2918 4960 οὗτός
2979 4893 3120 4952 ἐστιν
3182 4897 3210 4950 ὁ
3251 4900 3418 4952 ταῦτα
3455 4897 3745 4962 πεπονθὼς

2091 4990 2179 5069 ὑφ’
2211 4989 2384 5062 ὑμῶν,
2419 4987 2587 5062 λέγει·
2625 4989 2841 5059 Πνεῦμα
2897 4985 3002 5060 πρὸ
3062 4985 3361 5060 προσώπου
3400 4987 3552 5060 ὑμῶν
3609 4987 3744 5060 Χρι-

2091 5079 2214 5140 στὸς
2249 5077 2442 5150 Κύριος
2476 5073 2789 5151 συνελήφθη
2833 5073 2884 5129 ἐν
2937 5077 3058 5135 ταῖς
3101 5070 3385 5150 διαφοραῖς
3443 5074 3625 5147 ὑμῶν,
3681 5071 3744 5129 οὗ

2613 5203 2659 5239 ⁸³
2706 5205 2820 5258 Jer.
2855 5220 2920 5273 ιι,
2963 5208 3049 5261 19.
3125 5205 3172 5240 ⁸³
3229 5203 3381 5260 Psal.
3407 5219 3605 5272 vam,
3639 5205 3736 5269 24,

1535 5372 1892 5431 XYLANDRI
1931 5378 2018 5432 ET
2056 5376 2270 5433 GOABI
2309 5374 2531 5430 ΝΟΤΔΞΞ.

412 5489 525 5560 (49)
556 5491 648 5561 ΔΙῐι
702 5490 1002 5561 margine:
1043 5487 1320 5561 Ἐντεῦθεν
1379 5481 1618 5561 δύνασαιΔ
1655 5492 1842 5561 νοῆσαι
1883 5509 1979 5561 κα,-

339 5555 571 5636 λῶςρκαὶ
601 5559 662 5636 1:6
691 5555 985 5633 τροπὲἱριον
1015 5560 1094 5636 ⁸τὸ
1134 5556 1326 5636 λέγον·
1354 5579 1416 5636 _«_
1470 5557 1539 5636 at
1691 5555 1984 5636 ἀκανθρφὸ-

341 5652 435 5707 ρος
461 5624 1062 5753 Ἐϐραίωνσυναῇωγή,
1094 5629 1156 5684 ού
1188 5624 1426 5702 στοργλή
1449 5626 1568 5698 εὐερ
1612 5627 1731 5682 ἑτου
1757 5624 1984 5704 πρόέσε

341 5701 619 5754 φυλάξασα
667 5719 953 5754 ιιτιτοικν.
992 5724 1018 5750 ι)
1076 5702 1154 5754 De
1187 5699 1458 5754 tronariis
1514 5648 1669 5754 ἱιᾶΐᾶ
1733 5701 1981 5754 dicetur.

340 5698 619 5780 ἱρυικάξασα
665 5698 953 5775 μητρικῆν.
980 5698 1018 5750 ὐ
1051 5698 1154 5755 'De
1187 5698 1458 5772 tropariis
1514 5698 1669 5754 infra
1733 5698 1981 5758 dicetur.

2092 5491 2278 5546 Locus
2309 5489 2409 5560 qui
2447 5505 2567 5543 non
2599 5487 2788 5560 multo
2820 5494 2954 5560 post
3001 5488 3218 5560 citatur
3273 5503 3344 5560 ex
3399 5488 3647 5560 ΤιιιηειιἨ
3670 5502 3742 5550 ιν,

2091 5561 2172 5616 ibi
2205 5566 2264 5615 et
2294 5558 2450 5632 apud
2491 5558 2836 5632 Eusebium,
2892 5559 3190 5632 Justinum
3230 5559 3514 5632 aliosque
3573 5558 3744 5632 aliter

2091 5632 2271 5759 Εἴ.)ῗὶιῖ
2301 5629 2514 5758 [igitur
2547 5648 2560 5686 :
2597 5630 2700 5687 sed
2732 5631 3012 5687 insistere
3045 5631 3183 5687 huic
3212 5629 3597 5702 disputationi
3626 5643 3742 5684 non

4111 3353 4116 3489 ι
