4118 6288
251 372 365 435 125

1392 367 1944 430 HISTORIARUM
1989 369 2554 437 COMPENDIUM.

3545 386 3665 446 426

252 505 499 579 εἴπομεν,
530 501 585 559 ἐν
609 507 680 577 τῇ
733 506 858 573 σκιᾷ
906 501 1073 556 αὐτοῦ
1126 501 1180 556 ἐν
1239 504 1356 562 τοῖς
1407 496 1601 559 ἔθνεσι.
1660 503 1898 557 Τοιαῦτα

2028 518 2126 573 {uo
2154 504 2550 575 diximus,sub
2581 509 2794 566 umbra
2825 511 2954 583 ejus
2986 529 3108 568 non
3140 513 3298 570 inter
3326 522 3668 588 gentesam-

247 600 368 672 γοῦν
401 595 493 651 καὶ
543 597 573 650 ὁ
607 591 876 666 Σολομῶν
910 590 1061 656 αὖθις
1108 588 1169 646 ἐκ
1217 590 1517 665 προσώπου
1576 590 1731 663 ὑμῶν
1789 595 1897 646 τῶν

256 684 547 760 θεομάχων
574 679 878 759 διαρῥηδην
914 679 1295 757 προαγορεύει,
1349 680 1589 757 φάσκωνο
1622 677 1898 753 Ἐνεδρεύ-

257 796 432 849 σωμεν
458 776 552 831 τὸν
605 771 840 841 δίκαιον,
900 770 982 825 ὅτι
1050 767 1393 844 δύσχρηστος
1448 771 1585 842 ἡμῖν
1645 770 1754 824 ἐστι
1808 768 1900 824 καὶ

256 865 588 920 ἐναντιοῦται
646 867 764 924 τοῖς
822 853 999 936 ἔργοις
1054 861 1217 932 ἡμῶι
1292 858 1383 914 καὶ
1443 856 1696 928 ὀνειδίζει
1750 859 1899 931 ἡμᾶς

257 952 524 1029 ἁμαρτίας
550 953 729 1026 νόμῳ,
775 949 865 1004 καὶ
923 948 1319 1025 ἐπαγγέλλεται
1359 944 1558 1022 γνῶσιν
1588 946 1736 1022 ἔχειν
1768 951 1902 1002 Θεοῦ

258 1041 347 1098 καὶ
388 1038 567 1097 Παῖδα
621 1039 826 1116 Κυρίου
885 1037 1071 1093 ἑαυτὸν
1129 1037 1407 1110 ὀνομάζει.
1461 1035 1706 1111 Ἐγένετο
1765 1038 1900 1110 ἡμῖν

262 1132 334 1193 εἰς
367 1129 596 1206 ἔλεγχον
627 1129 842 1185 ἐννοιῶν
874 1131 1057 1202 ἡμῶν,
1096 1128 1187 1183 καὶ
1248 1126 1415 1202 βαρὺς
1447 1124 1586 1181 ἐστιν
1645 1129 1780 1199 ἡμῖν
1813 1124 1903 1181 καὶ

265 1222 627 1298 βλεπόμενος,
659 1219 743 1275 ὅτι
773 1219 1029 1293 ἀνόμοιός
1059 1217 1169 1273 ἐστι
1194 1224 1311 1280 τοῖς
1341 1216 1537 1280 ἄλλοις
1571 1219 1599 1271 ὁ
1655 1216 1774 1292 βίος
1805 1216 1902 1272 αύ-

261 1315 357 1367 τοῦ
385 1324 477 1364 και
510 1307 914 1382 ἐξηλλαγμέναι
944 1308 999 1362 αἱ
1024 1302 1207 1383 τρίϐοι
1262 1306 1448 1363 αὐτοῦ.
1506 1312 1591 1368 Ὡς
1635 1300 1903 1377 κίϐδηλον

260 1399 617 1476 ἐλογίσθημεν
645 1397 814 1469 αὐτῷ,
845 1398 936 1453 καὶ
976 1397 1235 1472 ἀπέχεται
1264 1400 1372 1451 τῶν
1426 1394 1567 1451 ὁδῶν
1624 1397 1783 1469 ἡμῶν
1831 1397 1905 1456 ὡς

259 1488 365 1544 ἀπὸ
398 1490 756 1562 ἀκαθαρσιῶν.
791 1485 1091 1558 Μακαρίζει
1149 1483 1207 1540 δὲ
1260 1480 1465 1561 ἔσχατα
1515 1482 1758 1555 δικαίων,
1815 1500 1905 1553 καὶ

265 1578 648 1648 ἀλαζονεύεται
689 1579 903 1652 Πατέρα
933 1577 1085 1632 Θεόν.
1119 1573 1348 1649 ’Ἱδωμεν
1378 1575 1429 1631 εἲ
1484 1576 1537 1631 οἱ
1595 1574 1752 1651 λόγοι
1809 1575 1908 1630 αύ-

264 1674 360 1723 τοῦ
418 1667 552 1723 εἰσιν
609 1666 856 1738 ἀληθεῖς,
915 1665 1004 1721 καὶ
1062 1666 1402 1741 πειράσωμεν
1459 1668 1529 1722 τὰ
1581 1665 1634 1721 έν
1692 1661 1906 1721 ἐκϐάσει

269 1757 454 1813 αὐτοῦ·
491 1757 535 1812 εἰ
566 1757 671 1831 γάρ
730 1755 840 1810 ἐστι
901 1753 1112 1818 δίκαιος
1151 1754 1242 1810 καὶ
1272 1755 1396 1819 Υἱὸς
1422 1759 1576 1824 Θεοῦ,
1608 1753 1909 1829 ἀντιλήψε-

2011 590 2323 650 bulaturos
2346 595 2411 651 η.
2436 598 2518 653 Ac
2538 615 2746 654 rursus
2777 599 3056 658 Solomon
3089 603 3150 658 in
3182 621 3441 676 persona
3459 614 3665 674 vestra.

2014 684 2310 751 quomodo
2351 688 2562 743 essetis
2596 689 2708 743 Deo
2739 691 3123 761 adversaturi,
3158 695 3429 765 praadicit
3470 713 3483 752 :
3515 698 3664 753 Insi~

2013 770 2267 843 diemur,
2302 775 2520 847 inquit,
2542 777 2709 849 justo
2742 779 2807 833 ¹³.
2841 782 2943 836 Est
2999 782 3160 837 enim
3219 785 3392 841 nobis
3435 786 3666 842 incom—

2013 860 2248 931 modus,
2283 870 2461 934 atque
2491 865 2662 921 factis
2696 868 2918 925 nostris
2948 870 3311 941 adversatur,
3341 881 3663 947 nostraque

2016 965 2086 1003 ex
2108 950 2234 1023 lege
2266 959 2509 1025 peccata
2528 956 2701 1012 nobis
2733 959 3088 1030 exprobrat:
3122 962 3392 1017 notitiam
3413 965 3516 1019 Dei
3549 964 3664 1019 sibi

2015 1039 2216 1112 sumit,
2250 1059 2430 1114 seque
2461 1045 2675 1101 Filium
2698 1048 2801 1101 Dei
2833 1050 3122 1105 nominat.
3175 1052 3380 1123 Arguit
3434 1059 3669 1111 nostras

2017 1130 2422 1201 cogitationes,
2450 1135 2603 1190 886
2641 1141 2698 1190 et
2727 1137 2821 1192 vel
2873 1146 3117 1209 aspectu
3169 1141 3339 1195 nobis
3389 1143 3671 1199 molestus

2018 1222 2125 1272 est.
2151 1220 2469 1277 Dissimilis
2499 1223 2752 1280 aliorum
2788 1227 2916 1281 vitae
2951 1235 3040 1281 est
3068 1230 3184 1284 vita
3232 1231 3383 1300 ejus,
3449 1248 3668 1287 mores-

2018 1321 2131 1375 que
2155 1309 2283 1380 ejus
2314 1311 2583 1367 inusitati
2615 1315 3000 1371 nobis.Habet
3029 1334 3135 1372 nos
3166 1336 3271 1389 pro
3295 1319 3669 1389 adulterinis,

2019 1401 2075 1449 et
2115 1414 2149 1452 a
2180 1400 2399 1455 nostris
2431 1403 2698 1459 moribus
2729 1405 2974 1476 perinde
3002 1413 3177 1477 atque
3211 1409 3675 1466 abimnmnditia

2018 1486 2293 1542 abstinet.
2321 1490 2565 1547 Beatum
2595 1494 2881 1564 praedicat
2910 1497 3092 1552 ﬁnem
3111 1498 3669 1569 justorum,l)eum~

2020 1592 2134 1646 que
2161 1578 2395 1633 Patrem
2429 1597 2602 1637 suum
2627 1582 2831 1653 jactat.
2880 1586 3272 1657 Experiamur
3306 1607 3521 1646 verane
3555 1590 3675 1646 sint

2021 1665 2149 1736 ejus
2175 1667 2371 1734 verba,
2407 1671 2749 1743 exitumque
2797 1674 2927 1745 ejus
2977 1676 3375 1747 exploremus.
3403 1680 3455 1734 Si
3513 1679 3671 1734 enim

2013 1753 2213 1825 justus
2238 1762 2400 1812 estet
2429 1759 2610 1814 Filius
2626 1762 3008 1830 Dei,tutelam
3039 1765 3169 1837 ejus
3200 1766 3672 1838 suscipietDeus,

269 1869 353 1902 ται
383 1847 549 1901 αὐτοῦ
586 1845 676 1899 καὶ
726 1843 945 1920 ῥύσεται
998 1842 1160 1899 αὐτὸν
1221 1842 1280 1899 ἐκ
1336 1844 1524 1919 χειρὸς
1579 1844 1906 1916 ἀνθεστηκό-

2028 1861 2281 1915 eumque
2306 1863 2375 1901 ex
2406 1848 2879 1907 adversariorum
2909 1854 3186 1910 manibus
3242 1856 3536 1912 liberabit.
3570 1860 3675 1913 In-

273 1958 394 1994 των,
427 1929 611 2009 Ὕϐρει
643 1934 733 1989 καὶ
791 1934 1005 2009 βασάνῳ
1062 1933 1337 2007 ἐτάσωμεν
1394 1932 1577 2000 αὐτὸν,
1633 1930 1729 1988 ’ἕνα
1767 1939 1911 2009 γνῶ-

281 2047 370 2099 μεν
448 2026 547 2093 τήν
607 2023 895 2078 ἐπιείκειαν
980 2023 1171 2090 αὐτοῦ,
1228 2021 1316 2076 καὶ
1379 2020 1765 2095 δοκιμάσωμεν
1814 2023 1912 2091 τήν

277 2113 605 2188 ἀνεξικακίαν
635 2112 820 2170 αὐτοῦ.
855 2113 1076 2186 Θανάτῳ
1133 2112 1414 2187 ἀσχήμονι
1471 2109 1914 2185 καταδικάσωμεν

275 2205 453 2274 αὐτὸν,
484 2203 576 2258 καὶ
608 2201 811 2276 ἴδωμεν
844 2201 889 2257 εἰ
921 2196 1068 2256 ἔσται
1100 2203 1245 2272 αὐτῷ
1301 2199 1569 2271 ἐπισκοπή
1630 2199 1690 2256 ἑκ
1736 2198 1918 2276 λόγων

270 2293 452 2350 αὐτοῦ.
482 2294 577 2348 Ὧν
604 2294 704 2361 τήν
733 2291 1026 2368 παράνοιάν
1087 2311 1146 2345 τε
1202 2290 1292 2346 καὶ
1332 2288 1645 2365 δυσμένειαν
1678 2288 1735 2345 εὖ
1770 2289 1919 2357 μάλα

261 2386 548 2456 κερ-τομῶν
607 2380 868 2456 ἐπήγαγε·
927 2382 1109 2438 Ταῦτα
1158 2377 1473 2455 ἐλογίσαντο
1527 2379 1618 2435 καὶ
1678 2377 1921 2451 ἐπλανή-

263 2477 462 2543 θησαν
497 2469 856 2549 ἀπετύφλωσε
885 2467 986 2546 γὰρ
1035 2466 1231 2531 αὐτοὺς
1259 2471 1295 2537 ἠ
1353 2468 1511 2524 κακία
1567 2468 1763 2539 αὐτῶν,
1828 2470 1917 2524 καὶ

263 2560 366 2616 οὐκ
396 2553 633 2635 ἔγνωσαν
666 2559 939 2633 μυστήρια
987 2560 1142 2614 Θεοῦ.
1184 2555 1288 2620 Οὕς
1339 2553 1405 2626 δὴ
1437 2557 1527 2612 καὶ
1585 2558 1612 2611 ὁ
1643 2556 1919 2620 θεσπέσιος

262 2645 498 2710 Ἠσαίας
540 2651 756 2721 θρηνῶν
816 2642 1146 2717 συνᾳδόντως
1206 2643 1373 2720 λέγει’
1433 2644 1570 2702 Οὐαὶ
1645 2649 1714 2719 τῇ
1766 2648 1920 2720 ψυχῇ

270 2738 482 2807 αὐτῶν,
517 2733 660 2791 διότι
695 2730 1089 2790 ἐϐουλεύσαντο
1124 2735 1332 2810 βουΛήν
1364 2734 1604 2809 πονηρὰν
1631 2736 1750 2789 καθ’
1805 2736 1924 2790 ἑαυ-

269 2831 401 2896 τῶν,
430 2824 700 2886 εῗπόντεςυ
735 2825 997 2898 Δήσωμεν
1026 2825 1119 2879 τὸν
1150 2820 1380 2893 δίκαιον,
1442 2827 1524 2879 δτι
1577 2821 1923 2899 δύσχρηστος

270 2918 408 2987 ⁴ἧμῖν
444 2914 584 2972 ἐστι.
618 2910 892 2969 Δέδεικται
920 2911 1099 2969 τοίνυν
1160 2910 1512 2988 ἐναργέστατα
1561 2915 1597 2983 ἡ
1654 2913 1799 2970 αἰτία
1827 2921 1926 2984 τῆς

274 3007 425 3079 ὐμῶν
460 3005 571 3060 ἀπὸ
601 3007 735 3060 Θεοῦ
764 3000 1187 3077 ἀλλοτριώσεως
1225 3002 1315 3056 καὶ
1372 3001 1804 3078 ἐγκαταλείψεως
1834 3004 1925 3059 καὶ

273 3101 363 3163 τῆς
423 3090 717 3160 διηνεκοῦς
797 3090 890 3147 καὶ
947 3090 1250 3167 ἀπεράντου
1309 3091 1705 3166 ταλαιπωρίας,
1775 3089 1928 3166 εἷ’περ

286 3183 535 3256 βούλεσθε
565 3181 855 3242 ἀκούοντες
887 3179 1197 3257 ἐπιγνῶναι.
1233 3180 1332 3235 Καὶ
1396 3180 1522 3255 περὶ
1556 3181 1649 3255 μἐν
1707 3188 1810 3251 τῆς
1863 3181 1919 3237 ἐν

289 3267 558 3327 Βαϐυλῶνι
590 3269 983 3350 αἰχμαλωσίας
1016 3271 1166 3343 ὑμῶν
1227 3267 1528 3344 ὡρισμένον
1584 3271 1785 3345 χρόνον
1829 3271 1919 3325 εἴ-

293 3379 389 3413 πον
410 3361 457 3413 οἰ
499 3366 799 3438 προφῆται,
855 3357 945 3412 καὶ
1008 3358 1185 3431 μέντοι
1242 3378 1304 3432 γε
1360 3358 1451 3412 καὶ
1500 3359 1600 3428 τήν
1660 3355 1920 3413 ἐπάνοδον

293 3449 375 3503 καὶ
431 3450 521 3517 τὴν
570 3445 873 3522 οῗκοδομήν
937 3454 1032 3517 τῆς
1116 3444 1332 3508 πόλεως
1419 3445 1921 3522 προκατήγγειλαν.

287 3538 567 3595 ’Δκούσατε
613 3539 717 3614 γὰρ
775 3537 1043 3611 Ἱερεμίου
1099 3536 1236 3611 πρὸς
1298 3536 1438 3609 ὑμᾶς
1496 3534 1769 3613 λέγοντος·
1827 3538 1925 3591 Διὰ

277 3629 365 3691 τὰς
398 3627 667 3703 ἁμαρτίας
699 3622 761 3689 ἃς
804 3627 1163 3700 ἡμαρτήκατε
1218 3625 1555 3681 κατεναντίον
1610 3624 1707 3681 τοῦ
1765 3630 1920 3696 Θεοῦ,

273 3717 584 3794 ἀχθήσεσθε
614 3717 690 3779 εἷς
722 3710 1023 3772 Βαϐυλῶνα
1081 3712 1435 3790 αἰχμάλωτοι
1496 3715 1599 3770 ὑπὸ
1630 3712 1921 3795 Ναϐουχο-

274 3804 512 3882 δονόσορ
556 3804 829 3881 βασιλέως
885 3798 1241 3866 Βαϐυλῶνος.
1300 3801 1648 3868 Εἶσελθόντες
1699 3803 1790 3859 οὗν
1848 3804 1924 3865 εἰς

264 3892 579 3954 Βαϐυλῶνα
608 3890 790 3959 ἔσεσθε
819 3892 932 3949 ἐκεῖ
958 3890 1052 3965 ἔτη
1114 3894 1175 3951 ο’.
1236 3892 1388 3949 Μετά
1445 3890 1501 3948 δὲ
1543 3897 1706 3949 τοῦτο
1759 3891 1925 3966 ἐξάξω

260 3987 410 4061 ὑμᾶς
456 3985 661 4043 ἐκεῖθεν
718 3986 834 4060 μετ’
890 3983 1135 4061 εἷρήνης,
1197 3982 1347 4058 λέγει
1406 3982 1625 4058 Κύριος,
1686 3985 1783 4042 Καὶ
1829 3986 1926 4040 πά.

258 4076 374 4146 λιν,
411 4075 525 4133 Καὶ
558 4072 944 4130 δουλεύσουσιν
974 4072 1025 4129 έν
1055 4077 1170 4135 τοῖς
1223 4066 1422 4127 ἔθνεσιν
1484 4068 1576 4144 ἔτη
1607 4079 1671 4142 o‘,
1724 4073 1814 4129 καὶ
1871 4074 1923 4129 έν

254 4165 338 4239 τῷ
366 4163 745 4239 πληρωθῆναι
768 4164 835 4219 τὰ
866 4165 909 4217 ο“
943 4160 1037 4233 ἔτη
1072 4161 1505 4231 ἀποκαταστήσω
1555 4161 1647 4216 τὸν
1702 4162 1925 4237 Ἰσραὴλ

252 4256 334 4318 εἷς
364 4256 467 4310 τὸν
498 4253 668 4308 τόπον
696 4251 886 4321 αὐτοῦ,
918 4250 1065 4325 λέγει
1098 4249 1320 4325 Κύριος.
1350 4251 1454 4306 Καὶ
1490 4253 1577 4323 [Ρ.
1639 4253 1763 4325 221]
1801 4253 1927 4327 περὶ

250 4352 357 4415 τῆς
394 4340 709 4416 οἰκοδομῆς
740 4348 841 4411 τῆς
870 4338 1110 4409 πόλεως,
1141 4341 1363 4401 Ἦσαῖας
1419 4338 1543 4417 ἔφη·
1589 4338 1747 4398 Οὕτω
1779 4338 1927 4419 λέγει

254 4437 470 4510 Κῦριος
503 4437 587 4504 τῷ
618 4436 832 4511 χριστῴ
863 4452 970 4504 μου
1011 4429 1192 4505 Κύρῳ,
1253 4430 1315 4484 οὗ
1372 4428 1644 4504 ἐκράτησα
1673 4436 1774 4499 τῆς
1826 4428 1926 4484 δε-

254 4526 403 4595 ξιᾶς,
439 4521 738 4578 ἐπακοῦσαι
770 4514 1074 4596 ἔμπροσθεν
1106 4517 1271 4573 αὐτοὶ
1337 4515 1482 4587 ἔθνη.
1536 4517 1714 4580 Αὐτὸς
1772 4518 1925 4574 οἶκο-

2018 1935 2196 2005 juriis
2230 1940 2288 1990 et
2316 1937 2675 1995 cruciatibus
2707 1956 2842 1996 eum
2888 1942 3292 2012 probabimus,
3327 1952 3392 2000 ut
3435 1948 3677 2016 aequita-

2020 2028 2140 2078 tem
2154 2024 2282 2096 ejus
2295 2042 2720 2098 cognoscamus
2733 2030 3080 2101 patientiam
3088 2051 3201 2105 que
3220 2035 3671 2106 perspiciamus.

2021 2114 2204 2168 Morte
2233 2115 2631 2186 ignominiosa
2661 2134 2797 2174 eum
2829 2119 3245 2178 damnabimus
3271 2139 3284 2189 ;
3322 2123 3674 2180 videbimus-

2022 2218 2137 2272 que
2168 2207 2392 2272 utrum,
2423 2205 2595 2261 sicuti
2632 2207 2885 2273 dicebat,
2920 2210 3268 2266 inventurus
3295 2212 3369 2267 sit
3417 2213 3672 2283 patroci-

2022 2291 2210 2345 nium.
2243 2292 2345 2348 His
2396 2300 2651 2351 vestram
2708 2298 3072 2355 dementiam
3121 2317 3190 2356 ac
3237 2302 3671 2371 malignitatem

2023 2383 2307 2454 praeclare
2339 2386 2639 2443 insectans
2668 2389 2796 2445 haec
2826 2390 3021 2447 addit:
3056 2394 3141 2447 Ita
3191 2393 3279 2447 illi
3337 2391 3676 2448 ratiocinati

2025 2477 2164 2527 sunt
2190 2478 2366 2544 atque
2396 2475 2551 2530 falsi.
2584 2478 2910 2533 Excaecavit
2960 2480 3119 2536 enim
3178 2496 3278 2536 eos
3311 2482 3561 2551 malitia,
3601 2496 3678 2536 ne

2026 2578 2243 2617 arcana
2271 2563 2374 2619 Dei
2405 2572 2846 2637 cognoscerent.
2880 2570 3036 2633 Quos
3093 2569 3336 2639 quidem
3369 2570 3549 2625 etiam
3599 2570 3682 2633 di:

2026 2652 2196 2706 vinus
2244 2652 2427 2708 Isaias
2477 2653 2816 2726 deplorans,
2858 2657 2987 2713 istis
3037 2659 3447 2714 convenientia
3490 2659 3681 2714 dicit:

2028 2742 2125 2795 Vae
2155 2741 2370 2796 animas
2428 2741 2715 2814 ipsorum,
2772 2746 2913 2816 quia
2944 2752 3151 2803 contra
3180 2764 3244 2803 se
3277 2748 3439 2820 ipsos
3463 2748 3686 2804 malum

2028 2827 2334 2883 iniverunt
2360 2830 2701 2899 consilium,
2735 2833 2963 2888 aientes
2994 2850 3007 2887 :
3043 2834 3384 2890 Vinciamus
3410 2835 3679 2906 justum:

2031 2921 2121 2971 est
2154 2916 2314 2971 enim
2343 2916 2516 2972 nobis
2546 2917 2982 2975 incommodus.
3016 2920 3273 2977 Proinde
3324 2922 3690 2978 manifestis-

2033 3004 2181 3060 sime
2211 3005 2619 3062 demonstrata
2648 3014 2738 3063 est
2766 3025 2946 3065 causa
3000 3015 3208 3065 vestrae
3248 3027 3283 3066 a
3311 3012 3429 3065 Deo
3462 3010 3686 3066 abalie-

2031 3093 2292 3148 nationis
2320 3099 2379 3149 et
2405 3093 2757 3150 defectionis
2800 3113 2868 3152 ac
2925 3099 3364 3154 continentium
3417 3105 3474 3154 et
3502 3099 3684 3154 ﬁnem

2032 3181 2268 3237 nullum
2298 3182 2713 3239 habiturarum
2744 3185 3142 3256 miseriarum,
3166 3186 3343 3242 modo
3400 3204 3500 3242 vos
3555 3188 3683 3243 haec

2033 3271 2343 3327 audientes
2373 3272 2705 3345 intelligere
2744 3275 2953 3329 velitis.
2985 3277 3132 3332 Nam
3178 3274 3518 3347 Babylonici
3550 3277 3683 3347 qui-

2033 3360 2169 3416 dem
2200 3361 2396 3416 exsilii
2426 3362 2605 3417 vestri
2626 3362 3022 3420 deﬁniverunt
3051 3371 3288 3437 tempus
3301 3365 3682 3432 divinivates,

2032 3449 2411 3521 reditumque
2441 3455 2500 3506 et
2525 3451 3019 3509 instaurationem
3066 3454 3230 3509 urbis
3259 3454 3684 3525 praadixerunt.

2032 3536 2247 3592 Audite
2259 3537 2419 3593 enim
2431 3540 2751 3595 Jeremiam
2773 3541 2856 3596 ita
2882 3558 2984 3597 vos
3005 3542 3410 3613 alloquentem
3435 3542 3481 3576 ¹⁴
3504 3560 3518 3598 :
3543 3545 3685 3597 Pro-

2034 3631 2166 3695 pter
2188 3631 2426 3697 peccata
2452 3632 2666 3695 vestra,
2701 3645 2832 3698 quas
2864 3629 3250 3684 commisistis
3300 3628 3448 3684 387
3483 3634 3690 3685 contra

2036 3715 2240 3778 Deum,
2274 3713 2488 3785 captivi
2522 3714 2884 3786 Babylonem
2910 3715 3290 3770 abducemini
3314 3731 3348 3769 a
3374 3714 3687 3771 Nabucho-

2035 3803 2295 3858 donosor
2339 3802 2697 3873 Babylonico
2756 3819 2913 3875 rege.
2976 3802 3275 3875 Babylone
3317 3802 3540 3874 degetis
3579 3818 3689 3857 an-

2036 3910 2144 3949 nos
2175 3896 2264 3950 70.
2300 3893 2377 3948 lis
2407 3893 2654 3961 exactis,
2711 3910 2812 3949 vos
2850 3899 3056 3965 pacate
3114 3894 3252 3949 inde
3299 3892 3568 3965 educam,
3609 3893 3692 3949 ait

2035 3980 2345 4037 Dominus.
2370 3982 2440 4035 Et
2468 3980 2650 4036 alibi:
2699 3981 2970 4037 Servient
3016 3981 3290 4039 Barbaris
3347 3999 3535 4039 annos
3568 3986 3685 4053 .70,

2035 4070 2253 4141 quibus
2283 4070 2593 4141 completis
2623 4071 2912 4126 Israelum
2968 4072 3030 4126 in
3079 4072 3278 4127 locum
3308 4088 3483 4127 suum
3512 4071 3687 4127 resti-

2034 4164 2221 4227 tuam,
2243 4160 2442 4231 inquit
2466 4161 2770 4216 Dominus.
2806 4164 2874 4217 Et
2931 4162 3003 4217 de
3063 4162 3493 4219 instauratione
3523 4162 3687 4218 urbis

2037 4249 2219 4305 Isaias
2250 4249 2335 4304 sic
2365 4249 2754 4305 vaticinatur:
2808 4251 2942 4306 Haec
2980 4252 3066 4306 ait
3121 4251 3405 4306 Dominus
3456 4251 3687 4305 Christo

2037 4354 2170 4394 meo
2200 4340 2371 4411 Cyro,
2402 4338 2572 4410 cujus
2602 4338 2874 4395 dextram
2905 4340 3295 4412 apprehendi,
3318 4344 3385 4395 ut
3400 4340 3454 4394 ei
3484 4345 3688 4412 gentes

2039 4427 2338 4484 obediant.
2373 4428 2429 4483 Is
2450 4429 2993 4486 aediﬁcabiturbem
3025 4447 3242 4500 meam,
3273 4431 3690 4502 captivumque

2037 4517 2327 4589 populum
2357 4534 2557 4573 meum
2591 4518 2852 4575 dimittet
2876 4520 2919 4554 ’⁸
2939 4537 2952 4574 :
2975 4522 3056 4575 De
3088 4520 3296 4576 eadem
3318 4520 3690 4593 sicAggmus:

254 4614 509 4690 δομήσει
540 4613 639 4682 τὴν
671 4609 834 4667 πόλιν
894 4630 1022 4685 μου,
1081 4608 1171 4664 καὶ
1229 4609 1327 4678 τήν
1387 4606 1773 4682 αἰχμαλωσίαν
1826 4612 1917 4664 τοῖ

2035 4609 2206 4663 Anno
2233 4608 2492 4664 secundo
2531 4610 2687 4664 Darii
2719 4610 3005 4666 Dominus
3036 4612 3119 4667 ita
3176 4627 3271 4666 me
3320 4615 3409 4667 est
3438 4612 3691 4666 affatus:

254 4703 407 4760 λαοῦ
446 4723 555 4777 μου
602 4698 933 4775 ἐπιστρέψει.
991 4697 1122 4773 Περὶ
1178 4696 1246 4763 ἧς
1283 4693 1589 4771 οἰκοδομῆς
1651 4697 1740 4752 καὶ
1798 4699 1922 4775 Ἀγ-

251 4802 422 4871 γαῖος
455 4794 669 4874 φάσκει·
703 4793 799 4862 Τῷ
829 4786 1065 4865 δευτέρῳ
1106 4782 1241 4874 ἕτειῗ
1270 4786 1359 4842 ἐπὶ
1419 4786 1667 4874 Δαρέίουᾼ
1688 4786 1926 4874 ἐλάλησε

256 4870 479 4959 Κύριος
505 4881 646 4954 πρὸς
680 4879 766 4953 μὲ,
799 4876 996 4954 λέγων’
1028 4877 1197 4933 Εἶπον
1227 4873 1294 4945 δὴ
1325 4875 1464 4950 πρὸς
1496 4870 1808 4951 Ζοροϐάϐελ
1835 4877 1925 4932 καὶ

252 4975 406 5050 πρὸς
450 4974 666 5039 Ἰησοῦν
695 4970 791 5026 τὸν
822 4967 968 5043 ἱερέα
1004 4968 1094 5024 καὶ
1148 4964 1286 5042 πρὸς
1343 4967 1546 5029 πάντας
1602 4967 1730 5030 τοὺς
1761 4987 1929 5023 κατα-

253 5062 505 5122 λοίπους
537 5063 634 5115 τοῦ
665 5057 824 5125 λαοῦ,
865 5058 1061 5133 λέγων·
1092 5056 1184 5117 Τίς
1216 5053 1268 5126 ἐξ
1301 5056 1454 5129 ὑμῶν
1485 5054 1544 5117 ὅς
1573 5052 1690 5111 οἶδε
1715 5056 1807 5111 τὸν
1841 5057 1928 5112 οἷ-

254 5174 359 5207 κον
394 5152 594 5205 τοῦτον
624 5147 676 5203 έν
701 5151 771 5221 τῇ
804 5145 932 5220 δόξῃ
983 5144 1151 5202 αὐτοῦ
1196 5147 1267 5219 τῇ
1301 5141 1606 5217 ἔμπροσθεν
1637 5163 1650 5214 ;
1684 5144 1783 5200 Καὶ
1812 5149 1931 5209 πῶς

251 5245 355 5294 νῦν
400 5237 635 5315 βλέπετε
673 5235 832 5291 αὐτὸν
861 5234 938 5296 ὡς
969 5233 1078 5308 οὐχ
1111 5231 1430 5308 ὑπάρχοντα
1460 5231 1689 5288 ἐνώπιον
1725 5234 1876 5307 ὑμῶν
1912 5253 1927 5304 ;

256 5329 371 5384 Καὶ
409 5331 505 5381 νῦν
531 5324 817 5399 κατίσχυε,
849 5317 1164 5400 Ζοροϐάϐελ
1219 5322 1311 5378 καὶ
1369 5323 1550 5393 Ἰησοῦ
1596 5322 1687 5378 καὶ
1736 5329 1842 5386 πᾶς
1901 5325 1928 5378 ὁ

252 5417 434 5485 λαὸς,
465 5416 554 5472 καὶ
590 5412 1001 5487 οἰκοδομήσατε
1028 5413 1119 5468 τὸν
1166 5411 1340 5468 οἷκον.
1403 5411 1503 5468 Καὶ
1559 5409 1843 5484 εύδοκήσω
1875 5413 1929 5469 ἐν

252 5507 445 5578 αὐτῷ,
477 5506 569 5561 καὶ
599 5500 745 5560 ἔσται
777 5506 811 5573 ἡ
846 5500 973 5574 δόξα
1008 5505 1106 5558 τοῦ
1161 5499 1320 5556 οἷ’κου
1372 5500 1570 5556 τούτου
1636 5504 1670 5571 ἡ
1724 5501 1928 5578 ἐσχάτη

2035 4698 2299 4770 Agedum
2330 4698 2412 4755 ita
2442 4699 2621 4755 dicito
2650 4700 3010 4756 Zoroba‘belo
3041 4706 3099 4756 et
3144 4702 3281 4757 Jesu
3310 4701 3576 4773 pontiﬁci
3596 4718 3692 4757 re-

2036 4787 2337 4860 liquisque
2370 4789 2648 4845 omnibus
2680 4791 2752 4845 de
2779 4791 3000 4863 populo
3062 4791 3520 4863 superstitibus:
3554 4791 3693 4855 Quis

2037 4883 2306 4935 vestrum
2352 4881 2496 4936 vidit
2540 4880 2729 4937 aedem
2786 4882 2941 4937 hanc
2997 4882 3057 4937 in
3095 4882 3411 4953 majestate
3442 4880 3694 4951 pristina

2037 4971 2187 5026 sua?
2218 4977 2277 5025 et
2306 4971 2603 5042 quomodo
2637 4988 2769 5027 eam
2799 4988 2961 5027 nunc
2985 4971 3210 5037 videtis,
3245 4971 3414 5042 quasi
3463 4985 3585 5025 non
3619 4968 3695 5023 sit

2038 5075 2237 5115 coram
2268 5059 2478 5115 vobis?
2512 5077 2672 5115 nunc
2708 5060 2910 5131 itaque
2967 5065 3030 5114 tu
3083 5058 3457 5123 Zorobabele,
3508 5062 3692 5127 tuque

2038 5149 2197 5216 Jesu,
2230 5153 2289 5204 et
2308 5148 2504 5203 omnis
2535 5148 2816 5219 populus,
2844 5148 3030 5203 fortes
3061 5154 3246 5203 estote
3268 5151 3327 5202 et
3355 5145 3544 5201 aedem
3596 5161 3695 5200 ex-

2044 5237 2255 5291 struite
2282 5253 2294 5290 :
2329 5252 2434 5305 ego
2467 5251 2596 5291 eam
2629 5236 2990 5307 approbabo,
3020 5236 3250 5306 eritque
3273 5233 3560 5306 postremi
3580 5233 3692 5289 hu-

2036 5324 2140 5396 jus
2176 5324 2383 5396 templi
2412 5323 2695 5395 majestas
2725 5324 2980 5395 amplior
3007 5324 3222 5395 primo,
3269 5323 3467 5395 inquit
3496 5323 3694 5379 Domi-

2043 5431 2157 5470 nus
2215 5415 2283 5470 “.
2344 5413 2856 5480 Quemadmodum
2918 5413 3096 5485 igitur
3178 5415 3342 5487 prius
3402 5414 3695 5487 templum

2041 5505 2344 5577 Solomon,
2378 5507 2460 5561 ita
2488 5505 2806 5577 posterius,
2838 5510 2898 5559 et
2925 5510 3058 5576 post
3086 5505 3243 5576 quod
3272 5506 3505 5563 nullum
3534 5503 3697 5561 aliud

338 5653 389 5688 η
426 5651 636 5707 Thren.
672 5667 748 5720 IV,
780 5653 868 5705 20.
901 5649 945 5685 1³
978 5651 1111 5722 Sap.
1145 5666 1203 5716 ιι,
1240 5651 1305 5702 12
1334 5664 1503 5718 seqq.
1548 5646 1594 5683 ¹⁴
1612 5649 1728 5703 Jer.
1762 5663 1917 5723 xxv,f

2028 5651 2242 5708 oassim.
2279 5650 2325 5685 ¹⁵
2355 5651 2470 5708 Jer.
2496 5667 2626 5719 XLV,
2660 5651 2704 5708 Ι.
2730 5648 2774 5686 ¹⁶
2815 5651 3005 5723 Aggaz.
3034 5667 3094 5719 ιι,
3128 5653 3215 5720 11,
3251 5653 3336 5707 12.

528 5771 787 5831 Panos.
836 5770 947 5829 Gn.
994 5766 1200 5829 CXXI.

3381 5771 3455 5826 14
