4118 6276
481 361 596 424 431

1836 348 2156 410 ϐΕΘΒϐΙΙ
2199 347 2542 409 CEDBENI

3723 359 3818 422 ΒΞ

481 501 577 550 tur
607 511 620 551 :
645 492 796 561 Dixi,
822 493 950 546 Jam
979 505 1100 544 non
1132 503 1372 560 pascam
1403 503 1504 541 eos
1523 485 1818 558 amplius:
1845 484 2120 558 sedquod

2234 483 2515 558 γέννηκας,
2578 483 2680 539 οὐκ
2739 477 2944 564 ἔφριξεν
3023 487 3050 540 ὁ
3130 485 3302 549 τάλας
3375 487 3460 541 καὶ
3513 489 3819 563 ἀπόπληκτος

479 585 748 649 moritur,
773 580 1064 636 moriatur
1092 593 1256 646 sane,
1277 581 1336 632 et
1352 581 1556 648 pereat
1588 575 1747 648 quod
1771 574 1950 647 periit
1969 575 2038 641 31,
2065 577 2126 627 et

477 679 706 729 caetera.
743 671 988 726 Devoret
1015 667 1268 738 quisque
1291 683 1498 722 carnes
1529 666 1681 722 892
1724 663 1978 736 proximi
2007 662 2121 717 sui.

471 763 561 816 Ita
589 776 725 832 ergo
756 763 1090 830 corruptus,
1125 755 1605 828 turpissimisque
1623 751 1894 825 etimpiis
1909 750 2124 807 studiis

475 855 736 906 extreme
767 848 1032 920 pollutus
1057 863 1092 902 a
1113 863 1174 901 se
1206 845 1334 916 ipso
1366 850 1426 900 et
1455 847 1573 902 Deo
1597 844 1822 899 invisus
1856 840 2125 897 redditus

471 939 726 1013 populus
755 937 968 994 merito
993 941 1053 991 et
1055 935 1390 1008 justissime
1413 933 1652 990 tandem
1667 931 1934 1004 abjectus
1947 935 2124 1000 atque

474 1029 746 1085 desertus
775 1031 884 1083 est.
909 1026 1071 1081 Sicut
1109 1041 1346 1080 rursum
1371 1023 1683 1079 Malachias
1713 1020 1760 1056 ³⁸
1777 1021 1886 1076 ait:
1904 1017 2126 1074 Cecidit

473 1119 752 1189 Israelus,
797 1133 991 1188 neque
1020 1116 1268 1188 posthac
1296 1118 1567 1188 resurget
1595 1135 1608 1180 ;
1644 1119 1702 1168 et
1730 1111 1949 1168 Isaias:
1984 1107 2126 1176 Quis

475 1208 585 1263 tibi
614 1211 835 1280 parcet,
867 1204 1104 1274 Israele,
1130 1209 1230 1260 aut
1255 1204 1387 1276 quis
1416 1208 1474 1259 te
1505 1203 1566 1258 in
1595 1219 1803 1274 pacem
1825 1202 2074 1270 reponat
2098 1196 2128 1250 τ

478 1295 675 1368 inquit
709 1295 1010 1352 Dominus.
1042 1297 1216 1350 Retro
1246 1293 1457 1361 abibis,
1509 1309 1732 1364 egoque
1781 1306 1963 1346 manu
1992 1303 2126 1344 mea

470 1391 707 1444 extenta
734 1386 979 1458 perdam
1011 1390 1064 1439 te
1092 1401 1160 1440 ac
1172 1383 1471 1456 dissipabo
1504 1387 1778 1452 te,neque
1797 1384 1850 1435 te
1871 1379 2123 1434 missum

468 1477 706 1534 faciam.
740 1479 886 1531 Ecce
919 1491 1023 1547 ego
1063 1492 1164 1531 vos
1188 1473 1470 1545 arripiam
1503 1489 1571 1528 ac
1599 1471 1988 1542 disrumpam,
2021 1485 2124 1522 ur-

469 1567 725 1638 bemque
758 1568 1014 1620 vestram
1045 1580 1222 1636 quam
1255 1561 1422 1617 vobis
1452 1560 1587 1617 dedi
1607 1577 1618 1627 ;
1637 1565 1694 1614 et
1715 1573 2121 1630 exponamvos

472 1655 817 1728 ignominiaa
849 1659 1083 1710 aeternae
1116 1670 1183 1709 ac
1212 1651 1530 1725 opprobrio
1555 1646 2120 1720 sempiterno,cujus

473 1744 763 1801 memoria
802 1759 1112 1814 nunquam
1142 1741 1456 1798 aboleatur
1483 1740 1550 1794 ³³.
1583 1739 1894 1794 Enimvero
1927 1741 2118 1792 extre-

471 1852 634 1890 mum
667 1833 819 1889 illud
849 1833 1144 1888 excidium
1167 1832 1416 1903 ejusque
1448 1827 1749 1886 horrenda
1781 1825 1955 1894 mala,
1983 1841 2117 1881 cum
2146 1849 2196 1914 Β

467 1941 718 1998 magnus
748 1923 849 1979 ille
877 1939 942 1978 os
972 1921 1076 1977 Dei
1107 1922 1450 1986 Moses,tum
1470 1924 1752 1992 posteum
1775 1915 2117 1972 Ezechielus

469 2034 534 2074 ac
561 2013 868 2081 Jeremias,
901 2017 1060 2067 vates
1087 2011 1381 2078 divini,ita
1401 2010 1827 2082 praedixerunt,
1858 2011 1926 2062 ut
1943 2004 2116 2062 facile

471 2104 790 2163 admodum
816 2101 1475 2174 quilibet,quantumvis
1505 2099 1768 2168 rudis,ea
1795 2097 1867 2152 de
1881 2095 2117 2168 rejudi-

473 2194 632 2248 cium
659 2194 854 2248 facere
885 2191 1090 2263 possit.
1111 2190 1286 2244 Mosis
1309 2191 1435 2244 haec
1467 2195 1606 2244 sunt
1628 2186 1877 2242 verbain
1900 2184 2120 2256 repeti-

479 2284 635 2338 tione
664 2281 812 2354 legis
838 2280 1134 2335 :Adducet
1151 2279 1435 2334 Dominus
1453 2282 1660 2332 contra
1680 2282 1736 2332 te
1759 2275 2034 2331 nationes
2046 2273 2119 2328 de

474 2371 820 2443 longinquo.
871 2369 943 2424 ab
1011 2367 1290 2423 extremis
1336 2371 1510 2422 terra)
1556 2365 1846 2438 partibus,
1893 2363 2121 2435 impetu

475 2453 1710 2530 aquilino,gentemimpudentemfacie.Ea
1733 2456 1790 2506 te
1831 2450 1893 2505 in
1923 2449 2118 2504 omni-

473 2549 583 2604 bus
600 2547 717 2602 tuis
737 2545 986 2602 urbibus
1016 2543 1326 2600 obsidione
1347 2542 1604 2616 urgebit,
1629 2541 1817 2597 donec
1831 2539 2118 2610 dejician-

470 2641 569 2691 tur
598 2633 754 2690 muri
787 2633 872 2689 tui
904 2632 1006 2688 alti
1035 2635 1213 2702 atque
1244 2630 1442 2698 validi,
1475 2629 1691 2701 quibus
1737 2633 1797 2684 tu
1817 2627 2003 2682 fretus
2035 2642 2117 2682 es.

469 2723 772 2780 Vorabunt
807 2720 987 2778 {cetus
1019 2719 1240 2776 ventris
1273 2719 1355 2774 tui
1387 2735 1597 2774 carnes
1624 2717 1886 2773 ﬁliorum
1907 2715 2122 2770 etﬁlia—

464 2829 600 2870 rum
629 2818 894 2880 tuarum,
927 2815 995 2864 ut
1043 2807 1197 2865 nihil
1253 2807 1324 2864 de
1367 2807 1531 2862 vobis
1561 2806 1838 2878 supersit,
1873 2820 2009 2861 cum
2063 2809 2122 2858 te

473 2902 888 2974 afﬂigetatque
902 2899 961 2954 in
977 2903 1270 2954 extremas
1287 2896 1590 2967 angustias
1603 2893 2120 2968 compelletbostis

465 3007 577 3062 per
593 3007 800 3046 omnes
825 2995 954 3044 tuas
967 2987 1168 3044 urbes.
1199 2986 1430 3042 Tenera
1449 3002 1518 3042 ac
1535 2985 1788 3041 delicata
1803 2984 2020 3040 mulier
2047 2981 2120 3039 de

466 3081 629 3136 vobis
660 3081 866 3137 fuatum
889 3081 980 3136 sui
1011 3079 1191 3146 uteri,
1229 3094 1403 3134 suum
1435 3076 1624 3150 ipsius
1640 3082 1877 3148 partum
1891 3073 2122 3130 occulte

469 3171 623 3227 398
646 3169 952 3226 comedet:
987 3173 1149 3224 tanta
1171 3167 1286 3222 erit
1315 3166 1582 3222 omnium
1627 3182 1827 3222 rerum
1871 3163 2124 3238 penuria

471 3258 602 3313 istis
633 3258 694 3312 in
717 3256 1174 3312 calamitatibus.
1209 3254 1336 3310 Eris
1369 3258 1570 3310 autem
1599 3253 2125 3326 proverbiiloco,et

469 3346 673 3402 fabula
700 3346 858 3400 inter
889 3344 1142 3417 populos
1161 3359 1388 3411 omnes,
1421 3343 1496 3399 ad
1520 3359 1668 3414 quos
1689 3344 1843 3398 Deus
1865 3347 1920 3398 te
1952 3358 2124 3398 exsu-

468 3435 656 3490 latum
690 3433 907 3502 mittet,
939 3432 1128 3488 donec
1163 3437 1220 3488 te
1250 3446 1493 3504 prorsus
1545 3430 1872 3486 exscindat.
1924 3432 1995 3485 Et
2024 3431 2126 3502 qui

470 3529 606 3580 ante
636 3539 889 3580 numero
923 3522 1126 3578 stellas
1150 3522 1282 3578 cceli
1310 3521 1980 3594 mquabatis,perexiguo
2012 3538 2127 3576 nu-

472 3629 634 3669 mero
665 3612 1032 3686 supereritis.
1067 3613 1200 3666 Haec
1257 3609 1421 3666 vobis
1475 3611 1766 3680 evenient,
1818 3609 1958 3680 quia
2004 3625 2126 3664 non

467 3701 752 3774 paruistis
769 3699 1142 3757 vociDomini
1161 3699 1264 3754 Dei
1297 3699 1496 3754 vestri.
1521 3701 1591 3753 Et
1621 3697 2124 3770 quemadmodum

470 3797 606 3848 ante
628 3791 848 3846 laetitiae
883 3789 1135 3846 Domino
1159 3787 1466 3856 fuistis,ita
1485 3805 1591 3844 vos
1621 3793 1750 3842 tum
1774 3787 2129 3860 pessumda-

471 3881 762 3951 bit,atque
796 3896 868 3934 ex
899 3879 1056 3935 bona
1081 3879 1192 3934 hac
1223 3885 1382 3934 terra
1407 3876 1674 3934 sublatas
1697 3877 1996 3950 disperget
2023 3894 2131 3950 per

475 3985 685 4024 omnes
714 3967 967 4040 populos
997 3967 1070 4022 ab
1099 3983 1218 4022 uno
1241 3967 1498 4023 termino
1528 3972 1704 4023 terra)
1737 3982 1928 4038 usque
1947 3966 2022 4022 ad
2041 3965 2130 4022 al-

489 4059 871 4126 terum.Quin
901 4065 960 4115 et
983 4058 1140 4131 apud
1157 4059 1293 4116 illas
1309 4064 1516 4133 gentes
1542 4057 1770 4115 nullam
1803 4057 2130 4114 tibiconce-

475 4150 576 4206 det
603 4149 956 4222 requietem,
991 4165 1186 4222 neque
1219 4149 1480 4221 patietur
1533 4154 1591 4204 te
1621 4147 1931 4221 vestigium
1961 4147 2130 4220 pedis

476 4241 735 4297 ﬁrmare.
769 4239 942 4296 Dabit
974 4238 1081 4294 tibi
1113 4243 1266 4294 Deus
1314 4237 1394 4292 ibi
1456 4254 1558 4293 cor
1595 4243 1892 4306 maestum,
1926 4235 2130 4292 oculos

473 4331 821 4386 deﬁcientes
849 4329 1233 4400 animamque
1252 4327 1455 4383 dolore
1478 4325 2045 4383 tabescentem.Eris
2067 4325 2129 4381 in

468 4424 632 4474 metu
652 4419 779 4473 dies
801 4422 1148 4489 noctesque.
1173 4415 1346 4471 Mane
1373 4433 1494 4486 pres
1517 4416 1728 4471 timore
1740 4415 1938 4471 cordis
1959 4420 2127 4488 opta-

467 4507 558 4561 bis
575 4522 908 4578 vesperam,
941 4511 1001 4560 et
1030 4505 1260 4577 vesperi
1291 4504 1644 4560 diluculum.
1678 4505 1968 4562 Ezechieli
2000 4506 2126 4562 haec

467 4576 1004 4666 sintzltaloquitur
1045 4576 1332 4649 Dominus
1378 4595 1688 4661 DeuszEn,
1711 4611 1744 4649 ο
1773 4595 2122 4665 Jerusalem,
2155 4576 2202 4642 D

465 4699 568 4756 ego
601 4687 658 4738 te
678 4682 1007 4754 aggrediar,
1041 4682 1221 4753 inque
1251 4680 1451 4737 medio
1507 4681 1593 4736 tui
1623 4699 1826 4738 coram
1849 4685 2124 4756 gentibus

463 4778 520 4828 te
553 4770 984 4827 condemnabo.
1009 4772 1090 4826 Ea
1119 4771 1181 4826 in
1212 4775 1270 4826 te
1303 4773 1569 4826 statuam
1601 4785 1732 4840 quae
1772 4787 1965 4842 neque
1987 4776 2126 4828 ante

464 4862 527 4917 in
558 4876 920 4933 quemquam
949 4859 1126 4915 statui
1149 4875 1343 4930 neque
1371 4857 1694 4929 postmodo
1721 4862 1974 4914 statuam
1998 4859 2124 4928 ;id-

465 4967 580 5024 que
605 4955 850 5024 propter
867 4965 1164 5004 summam
1193 4954 1309 5004 tua)
1332 4946 1894 5019 impietatis.Patres
1917 4965 1950 5003 a
1972 4949 2124 5004 libe-

466 5041 549 5096 ris
581 5046 640 5096 et
663 5039 838 5096 liberi
857 5055 894 5096 a
915 5038 1264 5111 parentibus
1295 5036 1686 5093 comedentur
1715 5036 1779 5090 in
1804 5036 2000 5092 medio
2016 5037 2120 5096 tui.

469 5129 730 5186 Ulciscar
775 5135 853 5200 te,
906 5133 964 5184 et
1022 5127 1370 5200 superstites
1423 5142 1632 5182 omnes
1691 5124 2030 5199 dispergam
2059 5128 2122 5184 in

468 5235 677 5274 omnes
699 5219 906 5275 mundi
936 5218 1161 5291 plagas,
1221 5217 1354 5272 ideo
1407 5215 1568 5288 quod
1623 5219 1842 5286 preater
1887 5215 2124 5288 reliqua

465 5305 681 5378 quibus
712 5325 806 5364 me
839 5305 1464 5378 otl‘endisti,templum
1495 5320 1733 5376 quoque
1768 5321 1970 5362 meum
1989 5306 2120 5378 pol-

462 5394 654 5451 luisti.
674 5397 877 5468 Itaque
907 5403 964 5453 te
985 5396 1273 5470 repellam
1305 5412 1340 5452 a
1369 5411 1485 5463 me,
1519 5410 1716 5466 neque
1742 5395 1988 5452 omnino
2005 5395 2118 5452 mi-

458 5483 704 5540 serebor
733 5486 838 5542 tui.
871 5487 1180 5552 Quadrans
1210 5485 1475 5557 tuipeste
1493 5483 1866 5556 absumetur,
1893 5490 1951 5541 et
1970 5503 2118 5558 qua-

2153 3214 2198 3283 Β

2231 571 2640 647 ἀπαρνήσασθαι
2715 574 2808 628 τὸν
2895 576 3228 650 γεννήσαντα
3284 575 3442 632 αὐτὸν
3501 578 3617 633 Θεὸν
3675 585 3820 652 ζῶντα

2229 663 2320 716 καὶ
2350 661 2612 732 ἀληθινὸν
2663 661 2754 718 καὶ
2811 660 3162 728 ἐπιλαθέσθαι
3217 667 3315 719 τοῦ
3371 666 3638 746 τρέφοντος
3689 669 3820 726 mitti:

2231 754 2385 806 Θεοῦ.
2419 751 2514 807 Διὸ
2545 748 2612 821 δὴ
2645 750 2842 808 λοιπὸν
2893 753 2968 817 ὡς
3013 749 3290 830 ἄχρηστον
3321 756 3672 832 προσώχθισεν
3700 760 3820 832 αὐτῷ

2231 840 2258 894 ὁ
2299 841 2450 911 Θεὸς,
2487 841 2578 896 καὶ
2605 841 2920 921 ἀπεστράφη
2952 842 3258 913 παντελῶς,
3293 841 3379 899 διὰ
3423 849 3516 900 τοῦ
3567 847 3652 918 μέν
3682 843 3818 904 Δαϐἓδ

2229 929 2471 1006 φάσκωνσ
2523 931 2626 988 Καὶ
2685 931 2784 986 οὐκ
2812 929 3044 1000 ἤκουσεν
3102 931 3130 986 ὁ
3183 932 3314 996 λαός
3373 954 3473 1006 μου
3525 940 3616 1002 τῆς
3667 940 3816 1013 φωνῆς

2234 1039 2360 1091 μου,
2388 1018 2477 1074 καὶ
2510 1020 2732 1093 Ἰσραὴλ
2763 1020 2824 1076 οὗ
2882 1020 3156 1096 προσέσχε
3215 1043 3330 1096 μοι,
3382 1021 3470 1078 καὶ
3525 1021 3820 1097 ἐξαπέστειλα

2233 1107 2426 1171 αὐτοὺς
2479 1110 2614 1164 κατά
2663 1111 2730 1165 τὰ
2788 1109 3194 1184 ἐπιτηδεύματα
3244 1117 3352 1168 τῶν
3400 1109 3622 1186 καρδιῶν
3671 1116 3817 1170 αὐτῶν

2230 1197 2572 1272 πορεύεσθαι.
2629 1198 2901 1263 Ὡσαύτως
2959 1199 3048 1256 καὶ
3107 1197 3196 1255 διὰ
3253 1203 3520 1276 Ζαχαρίου
3573 1202 3706 1278 φησί’
3737 1204 3820 1259 Καὶ

2231 1287 2406 1356 εἶπον,
2477 1287 2538 1342 οὐ
2615 1293 2874 1362 ποιμανῶ
2942 1290 3160 1361 αὐτοὺς,
3221 1289 3365 1345 ἀλλά
3416 1292 3476 1346 τὸ
3530 1290 3822 1361 ἀποθνῆσκον

2229 1373 2639 1444 ἀποθνησκέτω,
2670 1375 2760 1430 καὶ
2816 1377 2878 1432 τὸ
2934 1375 3318 1451 ἀπολλύμενον
3353 1376 3703 1452 ἀπολλυέσθω,
3749 1379 3820 1435 καὶ

2228 1463 2295 1518 τὰ
2327 1461 2514 1519 λοιπά.
2549 1463 2884 1530 Κατεσθιὲτω
2914 1460 3138 1530 ἕκαστος
3197 1467 3292 1530 τὰς
3355 1466 3542 1542 σάρκας
3593 1471 3678 1522 τοῦ
3703 1467 3820 1539 πλη-

2229 1555 2344 1608 σίον
2392 1551 2580 1613 αὐτοῦ.
2651 1556 2754 1612 Καὶ
2814 1553 2958 1611 οὕτω
3023 1556 3254 1629 μισητὸν
3335 1557 3426 1612 καὶ
3482 1553 3820 1636 διεφθαρμένον

2227 1643 2316 1697 καὶ
2376 1643 2452 1708 είς
2507 1645 2644 1700 ἅπαν
2705 1639 3102 1721 ἐϐδελυγμένον
3164 1643 3256 1701 διά
3291 1651 3398 1702 τῶν
3445 1646 3719 1722 αἰσχίστων
3751 1648 3822 1702 καὶ

2228 1735 2534 1810 θεοστυγῶν
2567 1732 3018 1808 ἐπιτηδευμάτων
3079 1737 3267 1792 ἑαυτὸν
3320 1736 3591 1816 ἀποφήνας
3639 1737 3824 1797 εἰκότως

2227 1823 2285 1878 εῦ
2319 1821 2468 1898 μάλα
2499 1821 2724 1888 δικαίως
2758 1825 2834 1887 εἰς
2864 1823 3026 1890 τέλος
3055 1820 3374 1897 κατεϐλήθη
3404 1827 3494 1881 καὶ
3542 1825 3823 1904 ἀπελείφθη,

2226 1912 2406 1978 καθὼς
2483 1913 2648 1972 πάλιν
2738 1915 2765 1970 ὁ
2823 1920 2966 1980 θεῖος
3026 1915 3324 1992 Μαλαχίας
3405 1916 3578 1994 φησίν*
3639 1919 3826 1972 Ἔπεσεν

2227 2000 2473 2076 Ἰσραήλ,
2504 2005 2591 2059 καὶ
2638 2005 2699 2059 οὐ
2736 2004 2812 2078 μή
2853 2006 3153 2080 προσθήσει
3211 2010 3310 2061 τοῦ
3357 2006 3650 2076 ἀναστῆναι.
3703 2005 3826 2060 Οὖτω

2225 2092 2317 2146 καὶ
2349 2093 2377 2147 ὁ
2406 2093 2624 2154 Ἡσαΐας
2655 2091 2865 2172 φάσκει·
2897 2092 2996 2158 Τίς
3057 2096 3298 2172 φείσεται
3357 2093 3442 2150 ἐπὶ
3474 2095 3573 2165 σοὶ,
3621 2091 3826 2169 Ἰσραήλ,

2225 2179 2262 2251 ἤ
2310 2181 2392 2244 τίς
2449 2182 2756 2257 ἀνακάμψει
2816 2205 2872 2239 σε
2953 2185 3029 2246 εἷς
3114 2183 3388 2260 είρ-ρςνηνς
3447 2183 3588 2262 λέγει
3638 2185 3826 2260 Κύριος.

2228 2271 2434 2328 Ὀπίσω
2491 2272 2755 2349 πορεύσῃ,
2827 2274 2917 2328 καὶ
2977 2273 3170 2330 ἐκτενῶ
3225 2275 3328 2344 τήν
3385 2275 3540 2350 χεῖρά
3597 2295 3706 2346 μου,
3753 2272 3828 2328 καὶ

2229 2357 2502 2438 διαφθερῶ
2535 2382 2613 2431 σε,
2653 2361 2742 2416 καὶ
2770 2358 3046 2436 διασπερῶ
3076 2383 3154 2435 σε,
3205 2363 3304 2418 καὶ
3358 2362 3534 2418 οὐκέτι
3581 2363 3742 2433 ἀνήσω
3770 2383 3831 2416 σε.

2229 2447 2335 2506 Καί
2365 2448 2480 2504 ἰδοὺ
2541 2449 2645 2524 ἐγὼ
2695 2447 2961 2525 λαμϐάνω
3015 2451 3105 2506 καὶ
3165 2451 3354 2527 ῥάσσω
3413 2453 3545 2526 ὑμᾶς
3621 2451 3700 2506 καὶ
3755 2453 3834 2520 τὴν

2230 2537 2391 2594 πόλιν
2447 2539 2514 2610 ἢν
2572 2535 2748 2594 ἔδωκα
2803 2540 2953 2613 ὑμῖν,
3014 2540 3104 2595 καὶ
3164 2537 3333 2596 δώσω
3405 2541 3529 2614 ὑμῖν
3577 2537 3834 2612 ὀνειδισμὸν

2267 2629 2281 2650 τ
2309 2631 2319 2651 ι
2555 2629 2570 2646 \
2817 2651 2822 2656 _
2975 2629 2990 2651 ι
3176 2631 3190 2652 ε
3409 2630 3423 2650 a
3512 2629 3530 2650 ι
3729 2653 3736 2659 _

2229 2649 2449 2684 αιωνιον
2483 2649 2572 2684 και
2603 2629 2824 2704 ἀτιμίαν
2893 2629 3136 2696 αἰωνιον,
3170 2629 3300 2700 ήτις
3368 2652 3466 2686 ουκ
3513 2629 3831 2701 επιλησθῆσε-

2229 2737 2338 2776 ται.
2371 2719 2488 2786 Τῆς
2512 2719 2694 2774 τοίνυν
2725 2717 2970 2794 ἐσχάτης
3025 2717 3294 2782 ἁλώσεως
3335 2721 3534 2790 ταύτης
3568 2719 3648 2774 καὶ
3675 2718 3825 2774 τελευ·

2230 2805 2383 2868 ταίας
2441 2806 2508 2862 τὰ
2567 2804 2711 2862 δεινᾶ
2767 2809 2858 2862 καὶ
2915 2801 3123 2887 φοϐερᾶ
3175 2806 3680 2886 προδιαγορεύοντες
3715 2807 3741 2861 6'
3779 2827 3822 2860 τε

2233 2895 2395 2970 μέγας
2425 2895 2514 2950 καὶ
2545 2897 2738 2971 θεορῥή
2749 2917 2866 2971 μων
2895 2895 3061 2953 πάλιν
3092 2899 3341 2966 Μωῦσῆς
3388 2899 3477 2953 καὶ
3535 2899 3585 2954 οἱ
3627 2897 3718 2971 μετ’
3737 2893 3812 2948 αὖ·

2226 2985 2318 3040 τὸν
2374 2987 2630 3064 θεηγὸροι
2684 2983 2946 3056 Ἰεζεκιὴλ
3001 2985 3092 3040 καὶ
3149 2986 3445 3062 Ἱερεμίας,
3503 2985 3688 3062 εὐκρινῆ
3717 2982 3812 3038 λίαν

2228 3075 2319 3132 καὶ
2349 3074 2557 3156 σφόδρα
2588 3073 2735 3141 δῆλα
2787 3080 2904 3139 τοῖς
2955 3081 3084 3132 πᾶσι
3125 3076 3214 3132 καὶ
3274 3083 3395 3140 τοῖς
3453 3076 3577 3152 ἆγαν
3631 3072 3821 3133 ἰδιώταις

2235 3165 2369 3220 αὐτὰ
2397 3164 2712 3235 πεποίηται.
2763 3166 2826 3222 Ὁ
2888 3165 2982 3240 μέν
3044 3165 3148 3240 γάρ
3208 3173 3453 3236 Μωϋσῆς
3511 3166 3559 3221 ἐν
3588 3168 3658 3236 τῷ
3683 3171 3828 3218 Δευτεο

2235 3257 2480 3330 ρονομίῳ
2507 3253 2659 3332 φησί’
2693 3254 2796 3312 Καὶ
2825 3253 3006 3328 ἐπάξει
3054 3257 3253 3331 Κύριος
3305 3255 3432 3328 ἔθνη
3494 3257 3572 3332 [Ρ-
3624 3253 3731 3326 224]
3765 3249 3832 3306 ἐπὶ

2236 3344 2292 3400 σε
2333 3345 2622 3422 μακρόθεν,
2680 3343 2777 3399 ἀπ’
2841 3343 3078 3424 ἐσχάτου
3133 3349 3234 3412 τῆς
3291 3353 3422 3421 γῆς,
3471 3345 3592 3400 ὡσεὶ
3647 3344 3833 3418 ὅρμημα

2234 3433 2413 3502 ἀετοῦ,
2443 3433 2534 3488 καὶ
2573 3427 2724 3496 ἔθνος
2765 3431 2976 3498 ἀναιδὲς
3029 3433 3336 3508 προσώπῳ,
3389 3434 3476 3490 καί
3531 3433 3748 3510 ἓκτρίψει
3794 3447 3838 3481 σε

2237 3521 2288 3577 ἐν
2320 3523 2516 3586 πάσαίς
2537 3528 2657 3586 ταῖς
2710 3521 2902 3578 πόλεσί
2958 3544 3075 3594 σου,
3133 3519 3238 3586 ἓως
3285 3522 3350 3578 ἂν
3405 3525 3740 3598 καθαιρεθῶσι
3786 3517 3837 3570 τὰ

2235 3611 2396 3686 τείχη
2423 3631 2518 3666 σου
2547 3611 2614 3666 τὰ
2646 3609 2832 3686 ὑψηλὰ
2869 3611 2959 3666 καὶ
3017 3611 3216 3686 ὀχυρὰ,
3275 3611 3330 3666 ἐν
3383 3615 3466 3676 οἷς
3519 3611 3580 3666 σὺ
3623 3609 3840 3666 πέποιθας

2237 3698 2320 3755 ἐπ’
2350 3699 2558 3763 αὐτοῖς.
2607 3699 2709 3758 Καὶ
2765 3700 2905 3778 φάγῃ
2964 3701 3032 3756 τὰ
3079 3699 3276 3777 ἔγγονα
3333 3704 3435 3773 τῆς
3490 3699 3695 3761 κοιλίας
3745 3716 3841 3763 σου,

2235 3791 2368 3864 κρέα
2395 3791 2526 3844 υἱῶν
2583 3789 2676 3846 καὶ
2722 3789 3026 3866 θυγατέρων
3079 3811 3195 3858 σου,
3256 3787 3349 3846 διὰ
3407 3791 3470 3847 τὸ
3529 3790 3602 3864 μή
3649 3783 3841 3843 καταλε·

2237 3877 2455 3958 λεῖφθαι
2487 3879 2614 3953 ὑμῖν
2650 3875 2818 3952 μηδὲν
2879 3879 2930 3934 ἐν
2989 3884 3059 3954 τῇ
3111 3881 3458 3958 στενοχωρίᾳ
3501 3879 3592 3934 καὶ
3623 3869 3846 3950 owed

2237 3967 2298 4025 ἄν
2327 3968 2498 4044 θλίψῃ
2529 3991 2586 4024 σε
2614 3970 2642 4024 ὁ
2674 3968 2874 4048 ἐχθρός
2907 3990 3002 4025 σου
3033 3967 3086 4024 ἐν
3118 3971 3316 4032 πάσαις
3373 3975 3494 4032 ταῖς
3541 3966 3722 4026 πόλεσί
3749 3983 3844 4018 σου.

2239 4057 2338 4114 Καὶ
2385 4060 2413 4128 ἦ
2447 4056 2632 4128 ἁπαλή
2664 4057 2716 4113 ἐν
2751 4058 2878 4132 ὑμῖν
2905 4059 2996 4114 καὶ
3053 4061 3087 4128 ἡ
3141 4059 3386 4136 τρυφερά
3414 4059 3548 4135 γυνή
3589 4056 3646 4112 τὸ
3675 4049 3849 4128 ἐξελθὸν

2239 4143 2329 4202 διά
2355 4151 2465 4203 τῶν
2501 4152 2692 4222 μηρῶν
2723 4147 2896 4218 αὐτῆς
2922 4146 3012 4202 καὶ
3050 4147 3114 4202 τὸ
3168 4143 3358 4203 τέκνον
3411 4149 3442 4202 δ
3493 4146 3554 4202 ἄν
3608 4143 3724 4216 τέκῃ
3773 4159 3846 4194 κα·

2235 4235 2530 4313 ταφάγεται
2555 4243 2734 4313 κρυφῆ
2767 4233 2858 4291 διὰ
2884 4237 2985 4306 τήν
3013 4231 3216 4291 ἔνδειαν
3273 4234 3491 4291 πάντων
3540 4232 3590 4290 ἐν
3643 4235 3706 4306 τῇ
3747 4249 3839 4284 στε-

2237 4327 2490 4402 νοχωρίᾳ
2547 4323 2720 4399 ἐκείνῃ
2779 4326 2867 4380 καὶ
2928 4324 3130 4399 θλίψει.
3192 4324 3290 4380 Καὶ
3341 4322 3440 4400 ἔσῃ
3500 4322 3551 4378 έν
3605 4320 3844 4394 αἰνίγματι

2235 4415 2328 4471 καὶ
2384 4409 2676 4490 παραϐολῇ
2733 4413 2823 4469 καὶ
2889 4411 2941 4468 ἐν
2992 4410 3300 4490 διηγήματι
3333 4417 3464 4468 πᾶσι
3509 4417 3622 4474 τοῖς
3667 4406 3849 4469 ἔθνεσιν,

2237 4503 2313 4575 είς
2344 4503 2438 4566 οὓς
2469 4500 2528 4558 ἄν
2561 4503 2809 4578 ἀπαγαγῃ
2867 4508 2926 4556 σε
2982 4502 3206 4576 Κύριος,
3253 4499 3360 4566 ἓως
3420 4499 3480 4557 ἆ¹ν
3533 4493 3851 4572 ἐξολοθρεύσῃ

2234 4612 2310 4648 σε·
2351 4593 2442 4648 καὶ
2491 4591 2988 4668 καταλειφθήσεσθε
3043 4589 3093 4645 ἐν
3155 4591 3374 4667 ἀριθμῷ
3437 4593 3682 4666 βραχεῖς,
3759 4583 3852 4638 ἀνθ’

2235 4681 2311 4737 ὧν
2343 4679 2428 4736 ὅτι
2456 4680 2556 4750 ἦτε
2586 4680 2659 4742 ὡς
2689 4681 2757 4735 τὰ
2786 4680 2957 4757 ἄστρα
2981 4683 3082 4736 τοῦ
3115 4681 3345 4755 οὐρανοῦ
3385 4684 3466 4753 τῷ
3522 4678 3732 4750 πλήθει,
3777 4682 3850 4736 καὶ

2235 4772 2338 4828 οὐκ
2369 4769 2724 4840 εῗσηκούσατε
2750 4778 2852 4840 τῆς
2913 4777 3099 4847 φωνῆς
3153 4771 3358 4846 Κυρίου
3411 4773 3510 4826 τοῦ
3539 4770 3671 4825 Θεοῦ
3701 4765 3850 4838 ὑμῶν.

2235 4862 2338 4918 Καὶ
2369 4858 2514 4918 ἔσται
2555 4859 2612 4916 ὅν
2661 4861 2865 4936 τρόπον
2917 4860 3187 4940 εὐφράνθη
3249 4861 3454 4935 Κύριος
3512 4858 3595 4935 ἐφ’
3623 4857 3758 4928 ὑμῖν,
3783 4849 3851 4919 ἐξ·

2234 4951 2554 5021 ολοθρεῦσαι
2613 4949 2775 5022 ὑμᾶς,
2807 4949 2900 5004 καὶ
2958 4947 3313 5024 ἐξαρθήσεσθε
3362 4947 3468 5003 ἀπὸ
3525 4952 3623 5016 τῆς
3666 4941 3845 5017 ἀγαθῆς

2229 5044 2330 5112 γῆς
2361 5036 2595 5110 ἐκείνης,
2626 5039 2719 5093 καὶ
2777 5034 3056 5112 διασπερεῖ
3109 5058 3165 5092 σε
3217 5037 3410 5106 Κύριος
3454 5037 3482 5091 ὸ
3511 5030 3638 5096 Θεός
3667 5051 3752 5086 σου
3781 5025 3847 5088 είς

2229 5127 2498 5184 πάντατά
2528 5125 2649 5198 ἔθνη
2709 5127 2801 5182 ἀπ’
2857 5127 3026 5202 ἄκρου
3081 5129 3184 5200 τῇς
3237 5129 3339 5200 γῇς
3395 5123 3486 5180 καὶ
3545 5119 3646 5184 ἕως
3701 5115 3844 5192 ἄκρου

2227 5224 2327 5288 τῆς
2356 5224 2482 5294 γῆς.
2543 5215 2720 5274 Ἀλλὰ
2775 5215 2865 5271 καὶ
2925 5215 2979 5271 ἐν
3048 5220 3166 5278 τοῖς
3225 5212 3425 5270 ἔθνεσιν
3478 5212 3696 5270 ἐκείνοις
3761 5202 3849 5258 οὐκ

2228 5305 2516 5362 ἀναπαύσει
2549 5325 2627 5378 σε,
2660 5301 2788 5362 οὐδὲ
2820 5305 2896 5380 μὴ
2945 5304 3162 5381 γένηται
3220 5305 3402 5366 στάσις
3439 5305 3518 5375 τῷ
3583 5298 3722 5373 ἴχνει
3755 5295 3849 5346 τῶν

2227 5393 2412 5452 ποδῶν
2444 5417 2562 5454 σου.
2595 5395 2699 5453 Καὶ
2731 5392 2892 5451 δώσει
2923 5415 3010 5450 σοι
3067 5393 3272 5469 Κύριος
3331 5393 3360 5449 ὁ
3415 5391 3552 5454 Θεὸς
3607 5385 3716 5442 ἐκεῖ
3737 5397 3852 5454 καρ-

2227 5483 2342 5541 δίαν
2365 5487 2675 5560 ἀθυμοῦσαν
2722 5484 2812 5541 καὶ
2869 5483 3224 5548 ἐκλείποντας
3273 5478 3588 5559 ὀφθαλμοὺς
3625 5474 3709 5532 καὶ
3758 5490 3850 5538 τηο

535 5682 577 5718 ³¹
606 5679 846 5738 Zachar.
876 5696 952 5750 χι,
983 5683 1038 5738 9.
1064 5678 1113 5715 ⁸²
1140 5679 1286 5748 lmo,
1317 5681 1496 5736 Amos
1512 5697 1566 5748 v,
1595 5683 1646 5734 1.
1680 5678 1729 5715 ³³
1758 5680 1870 5736 Isa.
1905 5696 2030 5748 xm,
2066 5683 2100 5738 9
2139 5700 2306 5757 seqq.
