4118 6288
295 411 412 474 433
1416 417 1962 484 HISTORIARUM
2011 418 2563 481 COMPENDIUM.
3592 419 3711 480 434

296 544 525 619 κομένην
555 545 774 621 ψυχὴν,
824 547 913 603 καὶ
972 542 1263 623 φοϐηθήσῃ
1323 550 1532 625 ἡμέρας
1590 551 1680 606 καὶ
1736 550 1922 613 νυκτός

2078 552 2245 608 irans
2278 553 2339 608 in
2370 552 2565 609 medio
2609 554 2690 607 tui
2727 554 2787 608 in
2837 559 3160 625 conspectu
3206 554 3361 610 894
3411 559 3509 608 tuo
3548 551 3704 609 fame

301 635 402 691 Καὶ
432 638 567 710 ερεῖς
595 635 660 690 τὸ
693 635 842 711 πρωί
883 635 988 692 ἀπὸ
1042 641 1138 693 τοῦ
1168 633 1343 718 φόϐου
1400 646 1500 710 τῆς
1555 637 1777 716 καρδίας
1837 661 1927 696 σου

2085 643 2329 710 )eribit;
2393 641 2691 713 quadrans
2749 643 2973 699 circum
3031 649 3086 697 te
3143 642 3337 715 gladie
3405 642 3598 711 cadet,
3654 649 3711 698 et

302 726 421 784 Πῶς
452 722 510 778 ἃν
541 722 764 799 γένοιτο
799 726 995 800 ἓσπὲρα
1029 745 1043 796 ;
1076 726 1172 782 Καὶ
1230 728 1293 782 τὸ
1353 728 1581 804 ἑσπέρας
1637 728 1795 803 ἐρεῖςυ
1832 735 1926 785 1Ιῶ

2082 732 2456 803 quadrantem
2487 732 2549 787 in
2580 748 2790 787 omnes
2817 736 3111 787 terrarum
3162 732 3363 805 plagas
3394 731 3708 803 disjiciam.

295 811 357 867 ἃν
379 813 587 889 γένοιτο
644 816 709 869 τὸ
742 813 929 890 πρωΐ;
959 816 1020 873 Ὁ
1067 812 1126 871 δέ
1182 837 1245 893 γε
1276 816 1290 839 ’
1318 817 1575 893 Ιεζεχιήλ
1632 813 1757 898 ἔφη·
1816 817 1921 875 Τάδ

2086 822 2228 876 ἴοι-ἦε
2284 821 2506 877 bellum
2538 825 2597 877 et
2621 821 2855 894 gladius
2910 821 3181 889 vastabit,
3216 821 3378 876 intus
3432 820 3621 877 fames
3652 829 3712 876 et

293 901 440 976 λέγει
474 898 711 959 Ἀδωναΐ
750 904 972 979 Κύριος.
1032 902 1173 960 Ἰδοὺ
1232 904 1344 983 ἐγὼ
1403 906 1481 963 ἐτὶ
1542 909 1623 978 σὲ,
1683 909 1919 983 Ἰερουσα

2081 909 2247 982 pestis
2272 909 2501 981 perdet.
2526 909 2633 975 Qui
2678 925 2749 964 ea
2774 908 3027 980 fugient,
3059 909 3098 962 ii
3131 908 3341 981 captivi
3374 908 3666 965 ducentur
3696 927 3707 963 :

295 989 566 1063 λὴμ,καὶ
599 992 824 1063 ποιήσω
853 993 909 1047 ἐν
962 993 1112 1066 μέσῳ
1171 1015 1268 1050 σου
1324 1000 1498 1070 κρῖμα
1560 995 1791 1052 ἐνώπιον
1847 1001 1921 1052 τῶ

2087 1000 2105 1053 i
2137 1016 2286 1071 quos
2318 1016 2439 1055 non
2469 999 2747 1055 absumet
2775 998 3006 1072 gladius
3035 998 3221 1054 fames
3253 1004 3310 1053 et
3338 1000 3618 1070 pestis,ut
3650 1001 3710 1055 in

292 1078 482 1147 ἐθνῶν,
522 1081 612 1135 καὶ
643 1083 864 1152 ποιήσω
904 1080 955 1137 ἐν
1010 1082 1094 1136 σοὶ
1126 1082 1159 1137 ἃ
1190 1083 1253 1138 οὗ
1309 1083 1608 1155 πεποίηκα,
1656 1085 1747 1140 καὶ
1778 1084 1840 1140 οἷ)
1876 1108 1915 1160 μ

2080 1090 2344 1145 )mnibus
2374 1089 2719 1145 nationibus
2768 1106 2876 1145 sua
2905 1088 3110 1144 omnia
3155 1093 3396 1159 peccata
3443 1097 3706 1159 narrent,

290 1173 515 1241 ποιήσω
548 1170 717 1244 ὅμοια
777 1170 973 1229 αὐτῶν.
1008 1174 1130 1229 Ἔτι
1188 1171 1280 1229 διὰ
1330 1174 1397 1230 τά
1457 1172 1810 1253 βδελυγματά
1858 1196 1916 1231 σο

2086 1179 2517 1252 ntelligantque
2550 1195 2645 1234 me
2667 1194 2797 1235 esse
2818 1179 3139 1233 Dominum
3164 1178 3264 1248 qui
3283 1179 3712 1250 percutio.Pro-

288 1261 470 1317 πάντα
524 1257 616 1316 διὰ
654 1264 820 1316 τοῦτο
865 1258 1093 1337 πατέρες
1133 1264 1399 1344 φάγονται
1454 1266 1613 1320 τέκνα
1662 1266 1838 1321 αὐτῶν
1898 1265 1914 1321 ἐ

2081 1274 2265 1339 iterea
2276 1269 2455 1324 etiam
2469 1268 2677 1323 beatus
2698 1269 3152 1340 Chrysostomus
3172 1267 3318 1322 dicit
3334 1284 3346 1321 :
3362 1269 3487 1323 Non
3500 1285 3707 1323 omnes

289 1348 445 1423 μέσῳ
477 1371 598 1419 σου,
628 1350 719 1405 καὶ
750 1350 991 1427 πατέρας
1047 1351 1327 1432 φάγωνται
1375 1353 1536 1410 τέκνα
1593 1354 1793 1413 αὐτῶν,
1854 1362 1915 1411 Ka

2084 1357 2469 1412 nternecione
2491 1357 2821 1425 abolet,sed
2843 1357 3132 1428 quosdam
3151 1356 3525 1428 dispergit.ld
3549 1357 3708 1412 enim

283 1442 513 1510 ποιήσω
544 1438 598 1495 ἐν
629 1440 713 1494 σοὶ
770 1439 1032 1517 κρίματα,
1090 1443 1179 1497 καὶ
1237 1440 1516 1517 διασπερῶ
1572 1446 1778 1509 πάντας
1826 1445 1909 1501 τοὶ

2083 1445 2296 1501 livinus
2326 1445 2577 1501 Davidus
2600 1445 2728 1516 jam
2759 1450 2898 1500 ante
2930 1445 3187 1500 innuens
3219 1445 3301 1500 ita
3338 1446 3526 1501 Deum
3559 1445 3709 1499 allo-

280 1527 662 1591 καταλοίπους
695 1529 773 1592 εἰς
805 1531 979 1586 πάντα
1028 1529 1253 1606 ἄνεμον,
1286 1533 1404 1598 ἀνθ’
1434 1535 1507 1589 ὧν
1536 1535 1605 1590 τὰ
1656 1535 1786 1612 ἅγιά
1844 1556 1906 1608 με

2083 1534 2300 1606 [uiturz
2335 1536 2450 1590 Nos
2482 1534 2748 1590 interﬁce
2780 1551 2881 1589 eos
2913 1533 3222 1607 (nimirum
3244 1533 3709 1606 universos),sed

280 1618 512 1691 ἐμίανας
570 1618 623 1673 ἐν
710 1623 842 1674 πᾶσι
918 1625 1036 1684 τοῖς
1102 1623 1557 1699 προσοχθίσμασί
1614 1645 1733 1682 σου.
1787 1624 1906 1701 Κάγι

2077 1623 2348 1695 [uosdam
2380 1640 2587 1679 eorum
2617 1623 2841 1695 dissipa
2861 1623 3091 1679 scilicet
3110 1624 3325 1678 virtute
3348 1623 3600 1679 tua.Jam
3631 1623 3703 1677 de

278 1706 585 1780 ἀπώσομαί
613 1728 696 1777 σε,
735 1709 829 1763 καὶ
860 1707 922 1763 οὐ
957 1712 1035 1783 μῆ
1066 1707 1279 1781 ἐλεήσω
1333 1733 1391 1767 σε
1445 1706 1549 1771 ἔτι.
1594 1712 1666 1770 Τὸ
1696 1714 1904 1787 τέταρτι

2079 1713 2318 1769 :ecundo
2333 1712 2816 1769 adventuDomini
2828 1729 2897 1769 ac
2910 1713 3302 1784 patefactione
3314 1713 3397 1767 etJ
3405 1712 3705 1768 udmorum

284 1818 380 1852 σου
418 1796 477 1852 ἐν
508 1797 720 1870 Θανάτῳ
777 1796 1209 1872 ἀναλωθήσεται,
1267 1800 1358 1857 καὶ
1414 1803 1476 1858 τὸ
1538 1799 1792 1876 τέταρτόν
1853 1825 1910 1859 σο

2077 1803 2213 1876 gravi
2239 1807 2298 1858 et
2316 1802 2637 1859 insanabili
2654 1802 2989 1858 calamitate
3005 1802 3315 1858 Zacharias
3338 1802 3703 1858 vatacinatus

285 1886 335 1942 ἐν
370 1884 540 1960 λιμῷ
592 1885 1063 1976 συν-τελεσθήσεται
1119 1888 1351 1946 ἐνώπιόν
1412 1912 1528 1962 σου,
1562 1890 1616 1947 ἐν
1652 1893 1799 1967 μέσῳ
1830 1914 1911 1949 σοι

2083 1897 2140 1947 ta
2165 1896 2255 1946 est
2278 1908 2292 1945 :
2314 1892 2477 1946 Tunc
2500 1890 2998 1946 venietDominus
3013 1892 3169 1947 Deus
3197 1896 3704 1963 noster,magnus-

281 1977 371 2031 καὶ
440 1977 507 2032 τὸ
586 1974 843 2053 τέταρτόν
925 1999 1020 2033 σου
1092 1978 1148 2035 ἐν
1204 1981 1408 2055 ῥομαίᾳ
1463 1989 1703 2039 πεσεῖται
1758 1983 1907 2040 κ·5κλ‹

2077 1997 2178 2051 que
2211 1981 2324 2035 erit
2348 1980 2603 2052 ejulatus
2626 1980 3331 2052 Hierosolymaﬂernent
3346 1979 3504 2035 enim
3527 1996 3703 2050 quem

284 2084 403 2132 σου,
444 2063 536 2117 καὶ
565 2071 628 2119 τὸ
654 2059 907 2137 τέταρτόν
939 2086 1036 2121 σου
1066 2065 1143 2128 εἰς
1199 2069 1372 2124 πάντα
1432 2068 1627 2144 ἄνεμον
1691 2069 1910 2147 διασκορ

2082 2074 2560 2142 :ompunxerunt.
2594 2071 2668 2124 At
2696 2085 2873 2139 quem
2899 2068 3375 2140 compexerunt‘?
3405 2071 3556 2123 Crux
3597 2068 3708 2123 fuit

284 2158 423 2212 πιῶ.
472 2154 632 2207 Καὶὸ
692 2155 786 2227 μὲν
842 2153 1090 2228 πόλεμος
1139 2158 1230 2212 καὶ
1279 2160 1314 2227 ἠ
1375 2158 1619 2234 ῥομφαία
1674 2159 1886 2231 ἔξωθεν,

2080 2177 2243 2232 quam
2275 2161 2923 2232 compunxerunt.Nam
2954 2164 3091 2215 ante
3113 2159 3347 2214 Domini
3378 2157 3706 2213 terribilem

282 2239 338 2297 δὲ
369 2241 550 2314 λιμὸς
585 2243 678 2297 καὶ
709 2244 738 2297 6
771 2244 994 2307 θάνατος
1037 2238 1236 2301 ἔσωθεν
1304 2247 1638 2325 ὀλοθρεύσει,
1672 2252 1740 2308 Ol.
1799 2248 1857 2305 δὲ
1895 2250 1908 2305 ί

2076 2249 2723 2320 ιᾱνοῐιῐιιω,ᾳιιοῐηοάο
2754 2250 2989 2321 signum
3019 2248 3284 2320 praeferri
3311 2248 3433 2303 reei
3463 2247 3702 2315 assolet,

280 2331 467 2386 αὐτῶν
538 2331 945 2404 ἀνασωζόμενοι
1000 2332 1455 2407 ἀναλωθήσονται
1492 2382 1506 2396 .
1562 2339 1665 2394 Καὶ
1725 2337 1906 2395 ὑπολεἾ

2079 2346 2147 2396 .ta
2176 2346 2317 2395 tunc
2348 2356 2585 2411 quoque
2617 2340 2851 2411 signum
2882 2340 2935 2394 ei
2968 2338 3346 2411 praacedet,et
3376 2337 3449 2392 ab
3480 2336 3705 2409 angelis

278 2424 461 2495 ψομαι
490 2419 545 2493 ἐξ
577 2419 754 2475 αὐτῶν
786 2421 846 2477 ἐκ
876 2422 1150 2500 ῥομφαίας
1181 2424 1272 2479 καὶ
1314 2426 1485 2499 λιμοῦ
1541 2427 1630 2482 καὶ
1691 2429 1904 2483 θανάτοι

2080 2429 2483 2501 πωάίοδδίιυι·
2493 2436 2669 2500 atque
2683 2427 3042 2484 laudabitur.
3058 2427 3553 2499 Apparebitenim
3565 2442 3706 2482 crux

278 2509 437 2573 ὅπως
461 2508 523 2564 ἂν
586 2506 946 2586 ἐκδιηγῶνται
993 2511 1088 2575 τὰς
1145 2512 1374 2588 ἀνομίας
1430 2515 1607 2570 αὐτῶν
1659 2517 1833 2579 πάσας
1892 2516 1904 2571 ἑ

2084 2522 2288 2572 iterra
2316 2516 2503 2571 solem
2562 2514 2867 2571 occultans
2897 2520 2958 2570 et
3014 2514 3220 2570 lunam
3248 2513 3595 2584 obscurans,
3645 2520 3710 2568 ut

277 2604 394 2660 τοῖς
439 2595 642 2666 ἔθνεσι,
676 2598 767 2653 καὶ
797 2620 855 2673 γι
869 2602 1102 2656 ώσονται
1133 2603 1217 2657 ὅτι
1256 2602 1362 2679 ἐγὼ
1421 2604 1616 2680 Κύριος
1648 2606 1675 2659 6
1704 2606 1903 2661 τύπτωε

2080 2606 2351 2661 Dominus
2382 2606 2475 2661 his
2504 2604 2697 2661 verbis
2728 2604 3003 2677 praedixit
3034 2621 3048 2660 :
3080 2606 3242 2660 Tunc
3270 2604 3332 2659 in
3362 2603 3507 2660 cmlo
3566 2620 3706 2659 con-

281 2688 376 2742 Διᾶ
412 2685 483 2758 δὴ
547 2693 713 2743 τοῦτο
772 2710 905 2768 φησι
962 2690 1050 2745 καὶ
1102 2693 1128 2746 6
1161 2692 1306 2767 ἱερὰς
1363 2695 1772 2769 Χρυσόστομος·
1835 2694 1907 2752 Οὐ

2082 2694 2349 2766 ιρίοίθιιιιι
2377 2694 2613 2766 signum
2644 2694 2774 2749 Filii
2807 2693 3126 2764 Dei.thue
3149 2692 3393 2749 verbum
3412 2692 3708 2749 Zachariaa

285 2778 498 2852 ἀναιρεῖ
537 2779 741 2841 πάντας
798 2777 989 2855 ἄρδην,
1048 2779 1195 2838 ἀλλά
1253 2783 1552 2858 σκορπίζει.
1612 2787 1788 2842 Τοῦτο
1845 2785 1911 2862 γά

2088 2784 2553 2856 mpleatur,ipsis
2583 2783 2884 2838 vocabulis
2908 2784 2993 2838 eis
3027 2783 3314 2838 Dominus
3342 2799 3485 2838 usus
3515 2782 3706 2851 est,ad

289 2867 764 2945 προῦπεμιξαίνων
795 2870 823 2924 6
850 2870 993 2934 Θεῖος
1049 2866 1215 2926 Δαϐἱδ
1245 2869 1400 2949 ἔλεγε
1450 2874 1586 2947 πρὸς
1641 2873 1827 2929 αὐτόν·
1854 2879 1915 2929 M‘

2082 2872 2535 2929 :onﬁrmandam
2557 2872 2863 2927 veritatem
2884 2872 3090 2927 dicens
3116 2888 3129 2927 :
3153 2873 3223 2926 Et
3248 2872 3399 2928 895
3423 2871 3708 2927 videbunt

292 2956 621 3030 ἀποκτείνῃς
678 2957 918 3028 αὐτοὺς,
966 2956 1093 3027 ἤτοι
1150 2960 1374 3030 πάντας,
1434 2961 1581 3018 ἀλλά
1624 2960 1914 3037 διασκόρπι

2077 2978 2242 3034 quem
2267 2961 3100 3033 compunxerint“.Similiter
3120 2966 3179 3014 et
3204 2961 3489 3016 Jeremias
3513 2960 3703 3031 loqui-

298 3065 401 3110 σον,
442 3043 496 3115 ἐξ
562 3045 739 3100 αὐτῶν
800 3043 1094 3118 δήπουθεν,
1154 3050 1205 3104 ἐν
1253 3054 1323 3125 τῇ
1378 3047 1605 3124 δυνάμει
1666 3055 1921 3124 σου.11ερ

2074 3059 2162 3106 tur
2186 3068 2198 3107 :
2225 3052 2357 3106 Haac
2377 3051 2459 3106 ait
2479 3050 2766 3106 Dominus
2783 3051 2936 3105 Deus
2954 3048 3160 3107 lsraeli
3185 3065 3199 3103 :
3224 3050 3370 3103 Ecce
3406 3049 3700 3103 immitam

306 3130 357 3188 δέ
378 3155 439 3209 γε
495 3141 598 3204 τῆς
655 3132 904 3209 δευτέρας
976 3139 1061 3211 [Ρ.
1122 3142 1248 3212 225]
1310 3141 1478 3196 αὐτοῦ
1536 3139 1799 3204 ἐλεύσεως
1856 3143 1932 3196 κα

2077 3141 2201 3195 [ιυίο
2232 3140 2362 3196 loco
2393 3155 2489 3194 res
2518 3139 2815 3206 adversas,
2847 3139 2994 3194 adeo
3025 3143 3091 3193 ut
3119 3138 3460 3209 quicunque
3508 3137 3579 3193 de
3632 3138 3703 3193 iis

314 3224 645 3298 οανὲριῦσειος
672 3224 763 3279 καὶ
798 3223 1017 3296 πολλῆς
1076 3228 1166 3282 καὶ
1224 3229 1655 3305 ἀπαραμυθήτου
1711 3230 1940 3304 θλίψεως

2085 3229 2540 3300 naudierit,ejus
2570 3243 2746 3283 aures
2776 3228 3037 3283 tinniant
3057 3244 3070 3293 ;
3090 3227 3269 3300 idque
3292 3227 3594 3299 ideo,quia
3610 3243 3705 3282 me

326 3274 644 3298 3""r""""
673 3274 763 3279 ν-η-
805 3274 1015 3296 ·’”’·’·“ιτ
1077 3274 1166 3282 ----
1225 3274 1654 3305 """|"'l""'"l""
1714 3274 1947 3304 ""7""-

321 3309 477 3365 αὖτῖυν
507 3312 617 3368 εἶπε
648 3315 950 3391 Ζαχαγίας·
983 3316 1120 3373 Τότε
1172 3317 1289 3387 ἥξει
1320 3319 1519 3393 Κύριος
1552 3319 1580 3373 6
1602 3319 1729 3381 Θεὸς
1760 3321 1943 3392 ἡμῶν,

2076 3274 2461 3300 ’⁵⁶“’“¹“““’“’”’⁷νδ
2475 3274 2539 3283 “¹¹’“’
2571 3274 2670 3283 “”“““
2686 3274 2745 3283 "'"'
2781 3274 3037 3283 "““"'“'
3057 3274 3070 3293 ’
3091 3274 3267 3300 ·“·“ι“-*
3292 3274 3594 3299 ·“ν*ι“ι“··“·
3611 3274 3702 3282 “’““’

2076 3320 2453 3375 leseruerunt
2481 3334 2549 3372 ac
2569 3316 2768 3372 locum
2790 3317 2949 3372 hunc
2975 3315 3702 3388 abalienaruntJugulabo

321 3400 400 3453 καὶ
428 3396 563 3456 ἔσται
599 3403 828 3466 κοπετὸς
901 3404 1068 3479 μέγας
1128 3404 1179 3461 ἐν
1236 3407 1622 3483 Ἰερουσαλήμ,
1684 3410 1943 3483 Ὄψονται

2078 3412 2334 3463 renatum
2386 3406 2550 3462 Judaa
2584 3412 2640 3461 et
2689 3411 2961 3462 senatum
3012 3405 3358 3462 lsraelicum
3407 3407 3518 3462 hoc
3552 3405 3704 3475 loco,

316 3489 408 3562 γὰρ
438 3489 513 3552 εἰς
541 3491 595 3545 ὃν
650 3490 1012 3564 ἐξεκέντησαν.
1073 3494 1234 3553 Ἀλλ’
1290 3498 1369 3560 εἷς
1427 3499 1487 3552 ὃν
1546 3498 1942 3571 ἐξεκέντησανς

2075 3501 2443 3567 sternamque
2470 3512 2570 3551 eos
2599 3495 2793 3569 gladio
2824 3500 2962 3552 ante
2994 3496 3191 3551 hostes
3222 3512 3380 3563 suos,
3415 3500 3472 3551 et
3530 3495 3701 3552 cada-

308 3579 326 3600 ν
354 3577 366 3595 I
400 3574 447 3609 κέ
649 3580 663 3596 ε
810 3581 832 3597 η
1137 3586 1151 3603 ς
1359 3586 1373 3606 ν
1463 3588 1484 3601 η
1584 3586 1598 3605 ν
1704 3588 1714 3606 ι

314 3579 361 3633 Γι
392 3597 447 3633 Οσ.
468 3577 581 3635 ἐστι
610 3601 673 3635 το
705 3580 782 3645 εἰς
811 3602 868 3636 ον
902 3603 916 3653 ;
951 3589 1190 3659 Σταυρος
1221 3586 1289 3655 ἧν
1331 3608 1405 3649 εις
1464 3608 1519 3643 ον
1580 3587 1934 3659 εξεκεντησαν.

2076 3602 2199 3641 vera
2212 3586 2476 3657 ipsorum
2490 3586 2682 3641 aereis
2696 3585 2900 3641 avibus
2913 3589 3089 3656 atque
3103 3585 3483 3641 terrestribus
3495 3585 3702 3641 bestiis

302 3667 407 3743 Πρὸ
438 3669 544 3743 γὰρ
574 3676 676 3738 τῆς
705 3666 936 3748 φοϐερᾶς
987 3675 1284 3749 παρουσίας
1331 3682 1429 3731 τοῦ
1494 3678 1721 3752 Κυρίου,
1779 3676 1928 3733 καθά-

2078 3675 2401 3731 levoranda
2429 3675 3016 3746 exponam.Efﬁciam
3046 3680 3113 3729 ut
3142 3674 3283 3729 urbs
3316 3675 3442 3729 haac
3472 3674 3704 3729 abolea-

297 3778 391 3831 περ
455 3758 743 3833 βασιλικὸν
803 3767 1054 3835 σημεῖον,
1110 3766 1174 3818 τὸ
1232 3764 1519 3841 λεγόμενον
1578 3769 1758 3842 σίγνον
1813 3787 1923 3822 κατι

2078 3772 2181 3834 tur,
2214 3765 2407 3836 sitque
2438 3764 2697 3819 ludibrio
2728 3764 2792 3818 in
2820 3767 3193 3835 perpetuum.
3243 3764 3589 3834 Quicunque
3635 3779 3704 3817 ea

292 3850 486 3918 κοινὴν
517 3851 798 3919 συνήθειαν
854 3851 1145 3932 προτρέχει
1180 3860 1278 3925 τῆς
1335 3857 1569 3931 Χριστοῦ
1626 3856 1918 3930 παρουσίας

2078 3853 2872 3927 ρῑωιθτὶὺιιῐιι,οι1ιιιρθεοεῐιι
2899 3852 3276 3923 frontemque
3303 3851 3704 3925 corrugabunt

295 3936 399 3991 ὑπὸ
438 3941 553 3992 τῶν
611 3935 864 4013 ἀγγέλων
931 3937 1288 4015 δοξαζόμενον
1345 3946 1434 3999 καὶ
1486 3946 1917 4020 προευαγγελιζὸ

2083 3951 2127 4000 3t
2154 3950 2330 4016 caput
2354 3942 2678 3998 movebunt
2710 3942 2997 3997 memoria
3037 3942 3389 3999 calamitatis
3448 3941 3709 4009 illorum,

294 4046 479 4097 μενον.
538 4027 639 4080 Καὶ
695 4029 989 4103 φανήσεται
1029 4032 1057 4086 6
1090 4033 1319 4107 σταυρὸς
1377 4033 1484 4088 ἀπὸ
1537 4041 1640 4104 τῆς
1669 4043 1774 4109 γῆς
1805 4036 1915 4093 ἀπο

2085 4036 2408 4106 )ispergam
2440 4050 2541 4088 eos
2562 4048 2763 4089 coram
2785 4032 3054 4088 hostibus
3083 4034 3207 4089 suis
3229 4033 3415 4089 instar
3436 4034 3591 4089 venti
3611 4038 3711 4089 aut

288 4114 555 4189 κρύπτων
587 4116 676 4169 τὸν
706 4115 867 4185 ἥλιον
925 4119 1016 4173 καὶ
1082 4115 1379 4192 ἀμϐλύνων
1433 4123 1532 4191 τήν
1582 4124 1841 4195 σελήνην,
1876 4126 1914 4181 ὥ

2083 4130 2247 4179 estus
2276 4124 2469 4190 aeris;
2512 4128 2690 4194 atque
2738 4122 3009 4178 mactabo
3067 4122 3203 4177 illos
3260 4123 3462 4178 exitio.
3522 4122 3709 4178 Edent

287 4225 463 4281 φησιν
524 4204 552 4258 6
605 4205 806 4280 Κόριος
838 4227 850 4240 ο
911 4207 1050 4264 Τότε
1101 4211 1393 4288 φανήσεται
1450 4212 1513 4266 τὸ
1569 4218 1797 4285 σημεῖον
1855 4235 1913 4269 το

2080 4229 2311 4268 suorum
2346 4212 2605 4268 ﬁliorum
2646 4211 3021 4282 ﬁliarumque
3070 4228 3300 4279 carnes,
3334 4228 3402 4267 ac
3453 4211 3706 4283 proximi

288 4294 425 4348 Υἱοῦ
450 4297 550 4347 τοῦ
592 4297 725 4349 Θεοῦ
775 4293 828 4350 ἐν
857 4300 936 4369 τῷ
967 4295 1199 4371 οὐρανῷ.
1263 4301 1365 4355 Καὶ
1414 4298 1504 4355 ’ἶνα
1559 4301 1834 4377 πληρωθῇ
1890 4323 1914 4357 τ

2082 4301 2321 4374 quisque
2366 4301 2458 4356 sui
2489 4306 2755 4371 tempore
2803 4299 3132 4355 obsidionis
3181 4315 3299 4369 qua
3335 4299 3408 4355 ab
3440 4299 3708 4355 hostibus

292 4382 459 4458 ῥῆμα
520 4383 819 4458 Ζαχαρίου,
884 4386 983 4455 τήν
1014 4384 1154 4458 λὲξιν
1204 4387 1370 4458 αὐτὴν
1415 4392 1718 4467 μετήγαγεν
1765 4393 1794 4447 6
1823 4395 1918 4467 Χρε

2083 4391 2533 4463 prementurJta
2561 4394 2865 4445 conteram
2896 4389 3181 4461 populum
3202 4389 3362 4444 hunc
3381 4388 3709 4459 urbemque

290 4474 448 4541 στὸς,
477 4467 667 4528 λαϐὼν
699 4474 775 4536 εἱς
818 4473 1100 4548 ἀλήθειαν,
1133 4475 1332 4556 λέγων·
1368 4480 1507 4536 Τότε
1537 4479 1765 4555 ὄψονται
1796 4482 1916 4545 εἰςδ

2085 4485 2319 4547 1anc,ut
2346 4495 2445 4535 vas
2474 4484 2802 4534 testaceum
2830 4478 3180 4546 conteritur,
3214 4477 3372 4548 quod
3396 4476 3561 4533 reﬁci
3592 4493 3711 4532 non

292 4559 668 4649 ἐξεκέντησαν.
699 4566 756 4620 Ὁ
797 4559 856 4618 δέ
910 4584 973 4641 γε
1023 4566 1284 4641 Ἱερεμίας
1316 4568 1526 4640 ὁμοίως
1575 4569 1785 4649 φάσκει·
1817 4569 1918 4626 Τάὲ

2086 4575 2285 4640 potest.
2321 4568 2436 4635 Sic,
2468 4568 2669 4640 inquit
2696 4569 3004 4633 Dominus,
3035 4583 3204 4639 agam
3234 4583 3369 4623 cum
3398 4566 3546 4622 urbe
3603 4567 3712 4623 hac

295 4648 451 4726 λέγει
507 4651 706 4726 Κύριος
740 4653 931 4716 ὁΘεὸς
989 4653 1234 4728 Ἰσραὴλ·
1293 4653 1434 4714 Ἰδοὺ
1492 4648 1681 4736 ἐπάγω
1740 4658 1850 4734 ἐγὼ
1880 4660 1921 4715 ὲτ

2089 4665 2134 4713 3t
2166 4658 2295 4731 ejus
2325 4656 2777 4726 habitatoribus,
2807 4663 2872 4712 ut
2896 4656 3041 4712 urbs
3068 4656 3195 4712 haec
3226 4656 3612 4712 exscindatur
3655 4662 3715 4711 et

297 4740 396 4803 θὸν
430 4740 601 4794 τὸπον
629 4739 823 4797 τοῦτον
855 4743 1013 4810 κακὰ,
1047 4742 1185 4800 ὥστε
1216 4747 1417 4801 παντὸς
1478 4748 1774 4810 ἀκούοντος
1830 4749 1923 4805 αὐτ

2089 4747 2328 4820 populus
2366 4746 2691 4819 dissipetur
2717 4764 2823 4819 per
2853 4746 3056 4801 omnia
3085 4748 3477 4818 regna.Erunt
3506 4761 3715 4817 oppro-

297 4828 513 4898 ἠχησει
548 4828 829 4907 ἀμφότερα
860 4832 927 4887 τὰ
973 4833 1088 4889 ὦτα
1117 4834 1305 4905 αὐτοῦ,
1339 4836 1454 4891 ἀνθ’
1513 4838 1586 4891 ὧν
1617 4836 1923 4914 ἐγκατέλιπε

2088 4838 2203 4892 οι·ὶο
2223 4842 2282 4891 et
2299 4836 2429 4892 loco
2447 4835 2937 4909 adagii,omnium
2954 4835 3106 4890 odiis
3127 4840 3187 4889 et
3206 4834 3714 4891 exsecrationibus

301 4938 371 4989 με
403 4917 496 4971 καὶ
528 4916 996 4994 ἀπηλλοτρίωσαν
1028 4922 1121 4977 τὸν
1150 4924 1320 4978 τόπον
1379 4929 1594 4982 τοῦτον.
1648 4928 1748 4984 Καὶ
1785 4930 1927 5006 separet

2090 4929 2334 4998 )bnoxii,
2371 4944 2729 4999 quocunque
2763 4926 3028 4982 locorum
3061 4943 3161 4982 eos
3194 4925 3490 4997 expellam
3541 4924 3605 4977 ⁸⁸.
3647 4924 3716 4976 Et

294 5008 405 5075 τήν
442 5006 651 5082 βουλὴν
684 5007 863 5064 Ἰούδα
916 5010 1006 5065 καὶ
1063 5011 1163 5079 τήν
1221 5011 1439 5082 Βουλην
1501 5015 1722 5090 Ἰσραήλ
1779 5015 1830 5071 ἐν
1887 5039 1914 5074 τ

2092 5016 2221 5086 μιῙά
2249 5017 2341 5071 his
2400 5016 2616 5070 divinis
2648 5013 3024 5070 sermonibus
3053 5013 3315 5085 apertius
3366 5016 3561 5083 potest
3615 5014 3718 5064 aut

298 5096 463 5167 τόπῳ
502 5095 706 5169 τούτῳ,
762 5099 852 5151 καί
910 5094 1205 5155 καταϐαλῶ
1263 5100 1457 5164 αὐτοὺς
1513 5101 1565 5157 ἐν
1617 5108 1686 5179 τῇ
1721 5105 1924 5182 μαχαίρ

2089 5123 2247 5162 »νοτυς
2281 5104 2460 5161 fieri?
2516 5103 2783 5159 Proinde
2803 5109 2886 5171 tu,
2945 5103 3104 5158 fatue
3137 5107 3195 5157 et
3248 5100 3497 5157 rationis
3545 5100 3715 5170 inops

306 5183 562 5239 ἐναντίων
588 5190 696 5240 τῶν
730 5183 946 5261 ἐχθρῶν
977 5188 1173 5247 αὐτῶν.
1206 5189 1311 5247 Καὶ
1342 5187 1503 5245 δώσω
1559 5194 1686 5255 τοὺς
1741 5196 1932 5269 νεκροὺ

2091 5195 2300 5262 Iudaee,
2328 5194 2482 5249 896
2511 5191 2645 5246 vide
2675 5207 2750 5246 an
2804 5207 2923 5245 non
2955 5190 3166 5244 divinae
3196 5189 3324 5244 ista:
3379 5186 3717 5259 praedictio-

311 5273 495 5328 αὐτῶν
556 5274 632 5337 εἰς
691 5276 896 5351 βρῶσιν
956 5282 1074 5339 τοῖς
1133 5285 1399 5342 πετεινοῖς
1455 5285 1552 5336 τοῦ
1618 5283 1843 5359 οὐρανοῦ
1876 5303 1937 5338 κα

2090 5300 2204 5350 aes,
2237 5281 2405 5337 nulla
2432 5298 2496 5336 re
2526 5280 2766 5346 omissa,
2802 5295 3012 5334 omnes
3057 5277 3312 5348 impletas
3357 5277 3476 5332 sint
3504 5277 3716 5331 vestris

307 5368 429 5425 τοῖς
462 5364 680 5439 θηρίοις
727 5371 829 5433 τῆς
884 5371 1009 5439 γῆς.
1072 5368 1169 5421 Καὶ
1227 5369 1369 5438 τάξω
1397 5370 1499 5439 τήν
1557 5369 1718 5426 πόλιν
1766 5371 1933 5444 ταύτῃ

2089 5370 2551 5435 :alamitatibus;
2583 5374 2759 5439 atque
2792 5368 2939 5423 adeo
2970 5368 3150 5422 etiam
3181 5383 3252 5422 ea
3279 5382 3411 5438 quas
3448 5365 3715 5422 Christus

310 5450 389 5514 εἷς
423 5452 724 5526 ἀφανισμὸν
767 5453 859 5507 καὶ
918 5454 993 5516 εἷς
1056 5457 1317 5531 συριγμὸν
1377 5458 1619 5529 αἰώνιον,
1653 5458 1737 5514 ἵνα
1776 5461 1936 5516 πάντε

2092 5461 2355 5532 praedixit
2376 5462 2403 5514 εἰ
2432 5460 2578 5517 Nam
2612 5459 2660 5514 is
2683 5458 2755 5514 de
2783 5455 3194 5527 Hierosolyma
3223 5463 3282 5513 et
3309 5456 3531 5529 templo
3562 5455 3718 5527 quod

309 5540 365 5592 οἱ
424 5538 880 5615 διαπορευόμενοι
938 5540 1009 5597 δι’
1065 5542 1235 5615 αὐτῆς
1289 5543 1636 5617 ἐκστήσονται
1691 5551 1781 5604 καὶ
1841 5571 1935 5604 σκυ

2102 5568 2140 5605 n
2176 5567 2243 5606 ea
2262 5548 2804 5620 fuit,pronuntiavit
2820 5545 3079 5618 lapidem
3102 5545 3283 5619 lapidi
3297 5547 3574 5617 junctum
3602 5562 3719 5601 non

391 5750 434 5784 ³⁴
462 5753 630 5809 Deut.
666 5769 858 5823 xxvm,
894 5755 956 5827 15
990 5767 1157 5823 seqq.
1188 5752 1235 5788 ³⁵
1261 5755 1477 5811 Jerem.
1510 5772 1632 5823 xix,
1664 5757 1693 5809 3
1717 5773 1882 5828 seqq.
