4118 6288
453 368 572 428 439

1787 365 2112 428 GEORGII
2153 365 2512 428 CEDRENI

3723 385 3830 444 μθ

449 503 544 554 tus
574 500 760 556 sancti
792 498 1062 570 gratiam.
1097 499 1216 552 lmo
1249 513 1385 552 vero
1425 514 1500 553 ne
1533 497 1794 569 captivus
1851 495 2092 566 quidem

2218 490 2452 550 Ξπέδωκε
2489 494 2579 550 καὶ
2609 494 2671 551 τὸ
2703 494 2874 552 πάλαι
2928 499 3032 564 τῆς
3061 499 3396 579 προφητείας
3471 503 3724 580 χάρισμα,
3749 513 3830 568 καὶ

454 587 596 644 dum
627 603 808 656 esses,
841 587 916 641 iis
937 585 1250 640 destitutos
1281 601 1344 640 es
1377 603 1390 642 :
1425 602 1566 642 nam
1595 591 1654 641 et
1703 585 1786 640 ibi
1811 584 2092 640 Danielus

455 693 523 732 ac
552 675 914 744 Ezechielus,
948 681 1007 730 et
1031 676 1094 730 in
1125 677 1366 748 Egypto
1394 675 1703 742 Jeremias,
1734 680 1910 745 atque
1955 679 2093 730 ante

455 765 560 820 illa
591 769 860 836 tempora
889 765 1078 819 Moses
1107 768 1285 835 atque
1315 765 1513 820 Aaron
1545 765 1610 818 in
1639 763 2097 819 solitudine.Se-

456 852 717 909 cundum
747 853 876 908 haec
905 852 980 908 ad
1011 853 1294 908 usitatam
1335 853 1439 908 tibi
1480 852 1923 924 improbitatem
1979 856 2099 907 tete

455 942 734 1008 retulisti,
755 942 1193 1013 bacchatusque
1223 941 1406 1014 impio
1437 941 1636 998 furore
1667 943 1928 998 Graecam
1958 941 2101 996 reli-

452 1033 691 1106 gionem
705 1031 1014 1103 amplexus
1027 1032 1182 1086 400
1197 1031 1578 1101 es,Antiocho
1594 1031 1776 1103 impio
1789 1035 2098 1103 regnante.

453 1125 646 1192 Atque
680 1121 820 1176 huic
851 1137 986 1176 cum
1017 1121 1344 1175 triennium
1366 1119 1722 1186 dediti,mox
1753 1119 2102 1176 Maccabaao-

453 1226 589 1266 rum
610 1225 792 1281 opera
811 1226 1049 1265 rursum
1071 1209 1358 1280 praeclara
1379 1209 1668 1264 statuistis
1691 1211 2104 1281 tropma.Nunc

455 1299 608 1356 nihil
632 1299 774 1368 tale,
795 1299 898 1354 sed
920 1315 1164 1370 prorsus
1185 1299 1386 1354 omnia
1405 1299 1708 1354 contraria
1729 1298 1882 1353 ﬁunt
1901 1315 1916 1366 ;
1941 1297 2106 1369 quod

458 1389 718 1444 maxime
743 1387 1085 1444 mirandum
1114 1393 1222 1444 est.
1255 1389 1400 1443 Nam
1431 1391 1492 1442 et
1517 1387 1876 1458 ﬂagitiorum
1905 1387 2106 1442 minus

461 1485 552 1534 est
581 1485 641 1532 et
668 1477 802 1548 plus
829 1493 1165 1548 pcenarum,
1189 1492 1384 1547 neque
1415 1476 1540 1532 ulla
1569 1475 1918 1532 mutationis
1948 1493 2105 1548 spes.

463 1567 664 1636 Neque
693 1565 856 1620 enim
886 1568 954 1620 7O
984 1569 1216 1620 tantum
1242 1565 1382 1620 anni
1411 1564 1596 1636 elapsi
1619 1563 1890 1631 sunt,sed
1919 1564 2107 1620 multo

464 1655 668 1728 plures
697 1673 712 1726 ;
743 1671 936 1726 neque
970 1655 1058 1710 vel
1089 1655 1364 1710 umbram
1396 1655 1521 1726 spei
1553 1653 1695 1710 licet
1731 1653 2018 1724 invenire,
2051 1659 2110 1710 et

465 1745 708 1816 quidem
731 1761 923 1815 neque
948 1744 1404 1800 simulacrorum
1425 1743 1586 1800 cultu
1609 1743 1670 1799 id
1686 1743 1854 1798 vobis
1872 1760 2110 1800 meren-

468 1834 647 1894 tibus.
677 1839 744 1889 ut
771 1833 938 1902 olim,
971 1850 1165 1904 neque
1188 1832 1318 1888 aliis
1345 1833 1531 1888 solitis
1563 1833 1946 1889 facinoribus.

2199 581 2367 639 πάλιν
2399 587 2675 664 προφῆται
2717 585 2808 642 καὶ
2837 586 3144 660 πνεύματος
3204 589 3356 664 ἁγίου
3409 591 3587 668 χάρις.
3618 597 3824 656 Μᾶλλον

2206 669 2264 767 δὲ
2301 669 2521 767 οὕδῙ-ἐν
2569 678 2676 767 τῷ-
2701 680 2876 750 καιρῷ
2914 683 3016 767 τῆς
3074 677 3465 753 αἰχμαλωσίας
3511 683 3834 767 ἐγκατελείφ·

2206 765 2330 834 θης,
2363 760 2511 817 ἀλλᾶ
2535 763 2628 818 καὶ
2659 762 2772 820 ἐκεῖ
2802 763 3008 834 Δανιὴλ
3046 767 3137 820 καὶ
3193 768 3496 847 Ἰεζεχιήλ,
3553 772 3638 828 καὶ
3669 774 3718 830 ἐν
3748 760 3838 835 Avi-

2204 852 2396 928 γύπτῳ
2423 852 2690 928 Ἱερεμίας
2719 851 2810 908 καὶ
2874 855 3057 928 μέντοι
3115 856 3207 910 καὶ
3263 859 3370 932 πρὸ
3428 860 3628 917 τούτων
3685 865 3835 922 Μωϋο

2208 947 2306 1010 σῆς
2328 939 2418 996 καὶ
2477 941 2688 1016 Ἀαρὼν
2740 941 2796 998 ἐν
2847 948 2918 1018 τῇ
2979 943 3192 1019 ἐρήμῳ.
3257 947 3338 1020 [Ρ.
3405 951 3532 1023 228]
3591 951 3687 1008 Καὶ
3740 941 3836 1026 μετ’

2211 1029 2385 1086 ἐκεῖνα
2439 1030 2605 1087 πάλιν
2661 1032 2750 1089 ἐπὶ
2807 1037 2907 1102 τήν
2982 1035 3247 1110 προτέραν
3304 1034 3597 1108 ἐπανῆλθες
3647 1043 3838 1114 κακίαν,

2208 1120 2299 1174 καὶ
2346 1114 2762 1195 ἐξεϐακχεύθης,
2815 1122 2907 1177 καὶ
2955 1124 3093 1198 πρὸς
3148 1125 3249 1193 τὴν
3307 1124 3644 1197 Ἐλληνεκὴν
3698 1152 3842 1204 μετε-

2209 1209 2352 1280 τάξω
2395 1207 2678 1266 πολιτείαν
2734 1209 2824 1266 ἐπὶ
2877 1216 2975 1266 τοῦ
3027 1207 3254 1276 ἀσεϐοῦς
3315 1215 3626 1295 Ἀντιόχου.
3684 1217 3838 1276 Ἀλλά

2213 1317 2278 1371 γε
2331 1297 2421 1352 καὶ
2479 1307 2606 1354 τότε
2671 1295 3061 1375 παραδοθέντες
3115 1301 3392 1378 Ἀντιόχῳ
3447 1297 3539 1374 ἔτη
3596 1305 3734 1379 τρία,
3783 1309 3841 1363 τὰ

2213 1384 2446 1464 λαμπρὰ
2493 1384 2582 1443 διὰ
2637 1389 2744 1444 τῶν
2797 1384 3164 1446 Μακκαὸαίων
3217 1387 3373 1456 αὖθις
3430 1389 3682 1464 ἐστήσατε
3728 1399 3839 1472 τρό-

2214 1496 2369 1534 παια.
2432 1475 2611 1534 Ἀλλά
2663 1481 2754 1533 νῦν
2813 1482 3061 1534 τοιοῦτον
3119 1477 3300 1550 οὐδὲν,
3362 1479 3508 1537 ἀλλὰ
3561 1482 3842 1541 τοῦναντίον

2215 1565 2355 1620 ἅπαν
2387 1565 2628 1641 γέγονεν.
2662 1568 2730 1624 ⁸0
2751 1567 2842 1622 καὶ
2893 1567 3134 1640 μάλιστα
3193 1563 3306 1625 ἔστι
3366 1571 3650 1645 θαυμάσαι,
3681 1571 3758 1629 ὅτι
3785 1577 3842 1629 τὰ

2221 1651 2314 1727 μέν
2345 1657 2446 1720 τῆς
2491 1655 2682 1718 κακίας
2712 1653 2892 1728 ἔληξε,
2923 1657 2990 1712 τὰ
3021 1655 3079 1713 δὲ
3108 1665 3208 1728 τῆς
3264 1661 3572 1734 τιμαῶρίας
3626 1659 3845 1719 ἐπιτέτα-

2215 1765 2304 1828 ται
2335 1743 2426 1800 καὶ
2487 1741 2604 1800 οὐδ’
2653 1742 2853 1801 ἐλπίδα
2881 1748 3005 1802 τινὰ
3063 1742 3376 1821 μεταϐολῆς
3429 1746 3567 1824 ἔχει.
3596 1753 3670 1808 Οὐ
3698 1752 3790 1828 γὰρ
3818 1774 3842 1808 ο

2141 1813 2188 1878 Β
2219 1825 2314 1904 ἔτη
2372 1832 2621 1908 παρῆλθε
2684 1835 2874 1907 μόνον,
2936 1813 3084 1892 ἄλλα
3137 1837 3230 1892 καὶ
3284 1813 3498 1911 πολ)Αῷυ
3532 1813 3743 1896 πλείονα
3766 1813 3843 1904 καὶ

469 1918 596 1976 οὐδὲ
625 1918 848 1977 ἐλπίδος
881 1920 1034 1976 σκιὰν
1065 1914 1208 1976 ἔστιν
1242 1921 1439 1995 εὑρεῖν,
1497 1919 1588 1974 καὶ
1643 1923 1810 1975 ταῦτα
1867 1917 1994 1976 οὐδὲ
2043 1917 2593 1996 είδωλολατρούντων
2659 1924 2834 1997 ὑμῶν,
2884 1922 3010 1981 οὔτε
3066 1924 3210 1982 ἄλλο
3265 1948 3319 1982 τι
3378 1929 3668 1984 ποιούντων
3725 1929 3843 1998 ἅπερ

462 2003 769 2086 ἔμπροσθεν
805 2008 1095 2085 ἐτολμᾶτε.

541 2102 613 2157 Ut
641 2104 840 2156 autem
857 2102 1122 2172 apertius
1141 2105 1320 2172 atque
1341 2099 1578 2172 plenius
1599 2100 1713 2156 ista
1741 2116 2110 2168 enarramus,

463 2189 640 2246 altius
671 2189 850 2262 paulo
875 2207 972 2246 res
1001 2189 1326 2262 repetenda
1356 2194 1466 2246 est.
1498 2191 1608 2245 Ter
1653 2189 1719 2244 in
1768 2189 2112 2244 servitutem

461 2281 576 2338 acti
610 2285 750 2336 sunt
775 2281 986 2350 Judmi,
1018 2297 1327 2352 nunquam
1368 2297 1490 2336 non
1520 2279 1866 2352 praedictam
1899 2296 1913 2335 :
1972 2296 2112 2335 nam

466 2369 668 2424 divina
693 2369 925 2440 justitia
955 2369 1028 2424 iis
1059 2375 1117 2424 et
1144 2374 1380 2441 tempus
1403 2375 1460 2424 et
1485 2369 1682 2424 locum
1709 2373 1766 2424 et
1787 2367 2032 2424 modum
2055 2373 2116 2423 et

473 2457 860 2515 afﬂictionem
893 2463 951 2514 et
979 2459 1240 2514 reditum
1265 2458 1500 2530 aliaque
1558 2457 1760 2513 omnia
1789 2457 2115 2513 accuratis-

472 2549 620 2605 sime
681 2548 920 2622 praedici
972 2549 1216 2603 curavit.
1257 2549 1332 2602 De
1382 2548 1576 2620 prima
1625 2563 1730 2602 seu
1775 2547 2114 2619 Egyptiaca

470 2640 622 2694 Deus
652 2638 1060 2693 Abrahamum
1081 2637 1164 2692 ita
1191 2636 1550 2708 prmmonuit
1573 2677 1586 2692 .
1613 2638 1730 2691 Hoc
1753 2642 1912 2691 certo
1937 2637 2108 2705 scias,

469 2729 813 2800 progeniem
828 2732 991 2782 tuam
1013 2726 1074 2780 in
1102 2725 1416 2799 peregrino
1439 2724 1562 2780 solo
1583 2725 1938 2797 inquilinam
1962 2725 2110 2794 fore,

476 2820 876 2888 servituteque
909 2831 1178 2888 pressam
1209 2820 1269 2869 et
1297 2815 1582 2870 afflictam
1613 2815 1685 2870 iri
1737 2831 1928 2872 annos
1982 2817 2110 2870 400.

471 2907 696 2962 Saecula
727 2911 936 2978 quarto
969 2907 1082 2960 huc
1111 2905 1396 2960 redibunt
1422 2904 1488 2958 ‘3.
1521 2905 1602 2960 De
1634 2905 1897 2960 secunda
1949 2906 2110 2960 Jere-

467 2996 618 3052 mias
649 3000 732 3051 ita
779 2995 1131 3051 vaticinatus
1162 2995 1355 3050 fuerat
1389 3011 1402 3049 :
1453 2994 1544 3050 Sic
1573 2994 1730 3049 fatur
1779 2994 2065 3049 Dominus
2095 3009 2108 3048 :

460 3086 690 3141 Exacﬁs
732 3085 1031 3156 Babylone
1089 3087 1158 3138 70
1188 3084 1361 3138 annis
1391 3100 1492 3138 vos
1545 3083 1818 3152 invisam,
1852 3100 1919 3138 ac
1975 3083 2112 3138 laeta

461 3190 595 3229 mea
622 3173 918 3245 promissa
950 3171 1230 3244 implebo.
1265 3171 1565 3228 Reducem
1595 3189 1696 3228 vos
1745 3173 1806 3226 in
1849 3173 2103 3244 patriam

2292 2101 2406 2158 Ἲνα
2457 2097 2513 2156 δὲ
2571 2123 2892 2182 σαφεστερον
2951 2103 3042 2160 καὶ
3118 2102 3561 2182 διεξοδικώτερον
3617 2109 3678 2162 τὰ
3729 2109 3836 2182 περῖ

2219 2188 2426 2245 τούτων
2488 2189 2752 2265 εἴπωμεν,
2831 2191 3030 2248 ἄνωθεν
3100 2193 3266 2250 πάλιν
3305 2225 3314 2234 ι
3349 2195 3646 2270 ἀρξώμεθα.
3703 2198 3842 2272 Τρεῖς

2222 2273 2474 2342 δουλείας
2533 2280 2834 2352 ὑπέστησαν
2890 2282 2943 2337 οἱ
3001 2280 3258 2340 Ἰουδαῖοι
3313 2282 3720 2363 χαλεπωτεὶτας,
3763 2287 3842 2341 καὶ

2223 2363 2347 2422 οὐδὲ
2381 2367 2506 2442 μίαν
2539 2369 2714 2446 χωρίς
2763 2370 3121 2447 προρῥήσεως
3176 2371 3369 2435 αὐτοῖς
3399 2371 3710 2450 ἐπήγαγενὴ
3743 2376 3842 2430 θεία

2223 2453 2348 2526 δίκη
2385 2501 2399 2529 ,
2451 2456 2598 2513 ἀλλὰ
2650 2457 3031 2535 προλεχθῆναι
3113 2461 3510 2537 παρεσκεύασεν
3567 2462 3738 2527 αὐτοῖς
3763 2470 3843 2517 καί

2219 2545 2384 2600 τόπον
2439 2546 2528 2602 καὶ
2561 2547 2757 2623 χρόνον
2811 2551 2902 2604 καὶ
2954 2550 3158 2624 τρόπον
3213 2551 3304 2606 καὶ
3358 2553 3600 2606 κάκωσιν
3653 2551 3734 2607 καὶ
3759 2553 3846 2620 τήν

2222 2625 2477 2690 ἐπάνοδον
2509 2635 2808 2693 καὶτᾶλλα
2855 2639 3031 2694 πάντα
3091 2641 3224 2713 μετὰ
3291 2661 3359 2697 πο
3381 2639 3522 2712 λλῆς
3578 2637 3843 2717 ἀκριϐείας⁹

2222 2721 2319 2777 Καὶ
2351 2722 2475 2799 περὶ
2509 2725 2602 2797 μὲν
2631 2733 2730 2796 τῆς
2770 2725 2822 2781 ἐν
2881 2727 3142 2803 Αἰγύπτῳ
3199 2729 3438 2804 πρώτης
3493 2726 3840 2805 διαλεγόμενος

2221 2813 2249 2867 ὁ
2283 2811 2410 2874 Θεὸς
2441 2813 2612 2896 οὕτως
2644 2810 2745 2889 ἔφη
2776 2819 2856 2888 τῷ
2909 2810 3181 2890 Ἀϐραὰμ·
3245 2822 3540 2874 Γινώσκων
3596 2819 3740 2896 γνῶθι
3769 2820 3835 2874 ὅτι

2221 2899 2480 2972 πάροικον
2514 2895 2661 2954 ἐσται
2691 2900 2755 2954 τὸ
2785 2899 3001 2976 σπέρμα
3057 2922 3152 2956 σου
3193 2901 3244 2958 ἐν
3299 2907 3380 2980 γῇ
3445 2895 3703 2980 ἀλλοτρίᾳ,
3752 2903 3826 2958 καὲ

2222 2983 2594 3043 δουλώσουσιν
2654 2988 2784 3045 αὐτὸ
2861 2993 2950 3046 καὶ
3013 2993 3344 3048 κακώσουσιν
3423 2990 3516 3065 ἔτη
3571 2991 3821 3068 τετρακσία,

2217 3077 2448 3153 τετάρτῃ
2483 3074 2539 3132 δὲ
2570 3082 2701 3156 γενῇ
2747 3078 3059 3137 ἐλεύσονται
3119 3079 3245 3138 ὦδε.
3304 3083 3447 3160 Περὶ
3504 3081 3560 3138 δὲ
3603 3086 3689 3156 τῇς
3731 3083 3833 3135 δευ-

2213 3165 2370 3240 τέρας
2439 3166 2581 3222 εἶπεν
2631 3167 2916 3244 Ἱερεμίαςο
3003 3171 3193 3234 Οὕτως
3252 3172 3377 3226 εἶπε
3433 3173 3645 3248 Κύριος·
3696 3171 3835 3226 Ὅταν

463 3263 745 3317 servitute
777 3261 1084 3324 liberatos,
1136 3260 1532 3334 colligamque
1556 3278 1660 3316 vos
1708 3278 1778 3316 ex
1827 3261 2108 3316 omnibus

2223 3256 2403 3332 μέλλῃ
2435 3255 2780 3334 πληροῦσθαι
2837 3262 2906 3324 τῇ
2937 3254 3228 3316 Βαϐυλῶνι
3259 3261 3306 3315 ο⁹
3336 3254 3464 3332 ἔτη,
3515 3260 3840 3333 ἐπισκέψομαι

461 3351 699 3421 populis
729 3355 789 3405 et
816 3350 964 3404 locis
995 3365 1112 3420 quo
1147 3366 1248 3404 vos
1279 3349 1654 3420 disjeceram,
1686 3349 1880 3419 inquit
1910 3351 2107 3404 Domi-

463 3454 576 3493 nus
599 3435 666 3507 “,
701 3439 848 3492 401
887 3454 954 3492 ac
980 3437 1288 3492 restituam
1319 3453 1420 3492 vos
1449 3453 1518 3492 eo
1544 3436 1706 3492 unde
1736 3453 1836 3492 vos
1867 3437 2106 3493 abduxi.

469 3527 605 3582 Hcec
665 3542 800 3600 ergo
831 3525 949 3581 duo
981 3523 1188 3580 exsilia
1218 3525 1572 3596 compendio
1603 3530 1743 3580 sunt
1786 3526 2111 3596 explicata;

474 3621 650 3688 atque
673 3617 848 3687 juxta
879 3631 948 3671 ea
958 3614 1196 3671 oracula
1213 3619 1533 3670 evenerunt
1546 3613 1690 3686 ipsis
1702 3630 1894 3686 neque
1917 3615 2116 3686 gravia

477 3705 623 3760 adeo
654 3721 848 3776 neque
881 3705 1414 3777 insperata.Restat
1442 3704 1755 3760 uttertiam
1785 3705 2113 3760 referamus

473 3794 875 3850 calamitatem
907 3811 1210 3865 eorum,ac
1237 3793 1455 3849 deinde
1486 3794 1557 3849 de
1589 3800 1799 3866 quarta
1821 3793 2108 3863 dicamus,

394 3871 398 3876 ’
470 3884 530 3938 in
561 3901 681 3955 qua
709 3883 1004 3955 hodieque
1036 3890 1214 3954 sunt;
1270 3885 1867 3956 demonstremusque
1907 3889 2110 3956 aperte

469 3973 774 4028 neminem
803 3978 1003 4029 vatum
1034 3973 1108 4028 iis
1138 3972 1428 4028 malorum
1448 3973 2111 4046 velmitigationem,ne—

468 4060 610 4116 dum
643 4062 822 4117 finem
853 4062 1218 4134 promisisse.

463 4148 653 4218 τρίτην
706 4151 998 4226 ἐπαγαγεῖν
1032 4194 1047 4208 .

2225 3347 2388 3419 ὑμᾶς,
2417 3345 2507 3402 καὶ
2537 3345 2818 3418 ἐπιστῆσω
2848 3347 2930 3426 ἐφ’
2953 3349 3096 3422 ὑμᾶς
3125 3348 3252 3412 τοὺς
3280 3349 3523 3425 ἀγαθοὺς
3554 3347 3734 3426 λόγους
3755 3368 3840 3420 μου

2221 3440 2319 3490 τοῦ
2365 3437 2698 3511 ἀποστρέψαι
2747 3436 2820 3499 εἷς
2851 3437 2943 3492 τὸν
2986 3437 3152 3493 τόπον
3212 3439 3396 3512 ὑμῶν,
3430 3439 3519 3494 καὶ
3575 3435 3844 3512 ἐπιστρέψω

2222 3526 2322 3594 τὴν
2354 3525 2740 3602 αἰχμαλωσίαν
2774 3527 2952 3600 ὑμῶν,
2985 3527 3073 3582 καὶ
3124 3527 3360 3603 ἀθροίσω
3400 3529 3538 3601 ὑμᾶς
3567 3529 3624 3584 ἐκ
3648 3531 3744 3581 τῶν
3773 3524 3847 3579 ἐθ-

2220 3619 2324 3670 νῶν
2356 3616 2571 3670 πάντων
2593 3615 2683 3670 καὶ
2719 3613 2776 3670 ἐκ
2803 3619 2912 3670 τῶν
2949 3617 3132 3670 τόπων
3184 3617 3336 3690 ὑμῶν
3371 3618 3612 3686 πάντων,
3645 3613 3719 3685 οὗ,
3751 3611 3846 3668 διέ-

2223 3723 2416 3779 σπειρα
2447 3703 2584 3777 ὑμᾶς
2617 3702 2746 3773 ἐκεῖ,
2779 3703 2911 3778 φησί
2957 3703 3179 3778 Κύριος.
3241 3705 3340 3760 Καῖ
3399 3705 3696 3780 ἐπιστρέψω
3724 3703 3845 3776 ὓμᾶς

2223 3793 2300 3855 εἷς
2355 3793 2447 3848 τὸν
2495 3793 2662 3846 τόπον
2721 3793 2838 3847 ὅθεν
2897 3793 3147 3865 ἆπῴκισα
3203 3793 3298 3856 ὗᾶς
3364 3793 3586 3860 ἐκεῖθεν.
3639 3794 3736 3848 Δύο
3767 3791 3846 3864 μὲν

2217 3884 2471 3944 τοιαύτας
2511 3878 2761 3946 δουλείας
2819 3883 2846 3937 ὁ
2902 3881 3071 3958 λόγος
3134 3880 3222 3938 διὰ
3282 3885 3548 3960 συντὸρου
3604 3879 3845 3951 ἀπέδειξε,

2222 3971 2355 4046 μετᾶ
2384 3970 2717 4048 προφητείας
2745 3969 3076 4034 ἐπελθούσας
3129 3971 3339 4042 αὐτοῖς,
3389 3973 3481 4028 καὶ
3541 3971 3645 4049 οὐχ
3672 3971 3841 4031 ἁπλῶς

2219 4058 2346 4116 οὐδὲ
2402 4057 2854 4136 ἀπροσδοκήτως.
2915 4060 3169 4118 Λείπεται
3218 4061 3311 4118 οὖν
3373 4060 3441 4133 δὴ
3503 4062 3692 4120 λοιπὸν
3753 4061 3837 4126 τὴν

1107 4151 1240 4206 Εἶτα
1303 4150 1394 4204 καὶ
1462 4149 1586 4226 περὶ
1642 4153 1744 4216 τῆς
1803 4155 1894 4205 νῦν
1951 4151 2214 4226 τετάρτης
2267 4149 2614 4225 κατεχούσης
2671 4150 2868 4212 αὐτοὺς
2924 4149 3094 4205 εἶ’πεῖν
3153 4147 3256 4220 δεῖ,
3313 4152 3403 4207 καὶ
3465 4148 3631 4222 δεῖξαι
3686 4151 3848 4228 σαφῶς

469 4234 608 4298 δτως
637 4235 766 4292 οὐδὲ
796 4237 872 4302 εἷς
899 4239 1190 4314 προφήτης
1221 4235 1588 4312 ἐπηγγείλατο
1639 4235 1794 4292 λύσιν
1849 4233 2062 4302 ἔσεσθαί
2119 4259 2236 4295 τινα
2299 4241 2407 4294 τῶν
2466 4236 2807 4316 κατεχόντων
2853 4237 3046 4301 αὐτοὺς
3103 4243 3284 4294 κακῶν
3345 4236 3470 4296 οὔτε
3529 4243 3637 4314 μὴν
3691 4235 3848 4293 ἀπαλ-

470 4323 646 4402 λαγὴν
677 4327 740 4380 τὸ
771 4323 1021 4383 συνολον.

537 4417 677 4481 Quae
709 4432 846 4487 ergo
878 4421 969 4470 est
989 4416 1212 4472 tertia?
1242 4417 1308 4470 In
1339 4432 1518 4486 quam
1549 4416 1622 4472 ab
1653 4417 1944 4472 Antiocho
1975 4417 2108 4490 Epi-

2287 4416 2386 4479 Τίς
2409 4415 2500 4470 οὗν
2534 4415 2676 4472 ἐστιν
2717 4417 2751 4487 ἠ
2781 4417 2940 4492 τρίτη
2977 4436 2992 4486 ;
3027 4418 3093 4474 Ἡ
3122 4415 3210 4472 ἐπὶ
3241 4418 3534 4498 Ἀντιόχου
3565 4421 3658 4475 τοῦ
3715 4417 3846 4472 Ἐπιο

469 4503 665 4573 phane
698 4506 840 4558 sunt
869 4503 1146 4574 conjecti.
1179 4505 1406 4558 Mortuo
1437 4505 1598 4560 enim
1629 4504 1962 4561 Alexandro
1995 4507 2110 4560 Ma-

469 4590 764 4646 cedonum
791 4606 1026 4659 rege,eo
1057 4593 1362 4662 qui,Dario
1396 4593 1774 4661 victo,rerum
1815 4611 2111 4650 summam

471 4679 546 4735 ad
575 4695 640 4734 se
668 4678 1076 4746 transtulerat,
1101 4679 1274 4734 multi
1302 4685 1508 4752 postea
1536 4697 1704 4754 reges
1735 4684 2109 4740 exstiterunt.

470 4768 552 4823 Ex
585 4766 801 4840 quibus
851 4772 1016 4822 ortus
1048 4768 1226 4823 etiam
1275 4769 1602 4824 Antiochus
1632 4769 1733 4825 ille
1774 4771 1950 4843 longo
1980 4777 2116 4843 post

473 4862 735 4930 tempore
762 4856 1054 4928 templum
1083 4857 1431 4922 combussit,
1467 4863 1736 4914 sanctum
1768 4859 2008 4931 adytum
2022 4877 2114 4916 va-

474 4945 666 5012 stavit,
699 4945 990 5001 sacrificia
1019 4947 1295 5018 abolevit,
1325 4947 1558 5004 Judasos
1590 4948 1842 5022 subegit,
1876 4965 2114 5006 eorum-

473 5053 587 5108 que
619 5052 745 5091 rem
777 5035 1079 5108 publicam
1101 5037 1470 5094 evertit.Haac
1491 5038 1692 5094 omnia
1713 5039 2110 5108 exactissime,

471 5126 650 5182 etiam
681 5125 913 5181 dierum
945 5142 1193 5182 numero
1222 5128 1466 5198 praecise
1497 5134 1800 5194 annotato,
1834 5130 2114 5184 Danielus

470 5215 761 5286 praedixit,
793 5215 1032 5287 quando
1083 5215 1335 5288 singula,
1369 5217 1491 5289 qui,
1551 5235 1658 5291 per
1687 5236 1865 5290 quem
1909 5225 1968 5275 et
1995 5236 2112 5290 quo

471 5305 648 5359 modo
689 5311 891 5361 essent
918 5306 1140 5375 futura,
1172 5323 1348 5378 quem
1381 5307 1586 5374 ﬁnem,
1621 5325 1798 5380 quam
1831 5310 2112 5364 mutatio-

470 5407 608 5446 nem
643 5391 940 5455 habitura.
975 5395 1108 5451 Haec
1140 5395 1428 5466 liquidius
1457 5412 1794 5469 cognosces,
1829 5399 1876 5452 si
1909 5399 2119 5455 Danie-

471 5481 648 5536 licam
696 5481 986 5538 visionem
1036 5484 1244 5540 audias
1293 5485 1535 5557 exponi.
1574 5487 1641 5542 In
1673 5503 1790 5557 qua
1818 5493 1979 5543 vates
2008 5504 2116 5559 per

537 5685 584 5722 ‘3
613 5689 755 5744 Gen.
791 5703 884 5755 xv,
921 5688 1122 5753 13,14.
1198 5689 1243 5723 “
1270 5690 1392 5745 Jer.
1425 5707 1539 5759 xIx,
1572 5691 1658 5746 10.

2222 4512 2442 4586 φανοῦς.
2495 4503 2718 4578 Ἐπειδή
2776 4507 2880 4584 γὰρ
2937 4507 3288 4584 Ἀλέξανδρος
3321 4510 3488 4566 ὁτῶν
3548 4505 3847 4567 Μακεδόνων

2225 4594 2481 4672 βασιλεὺς
2534 4603 2752 4673 Δαρεῖον
2835 4597 3078 4653 καθελὼν
3165 4598 3241 4660 εἰς
3314 4599 3504 4654 ἑαυτὸν
3553 4599 3846 4674 περιέστησε

2220 4685 2319 4754 τὴν
2353 4685 2555 4761 ἀρχὴν,
2587 4684 3008 4757 τελευτήσαντος
3066 4685 3264 4743 τούτου
3293 4685 3502 4743 πολλοὶ
3562 4687 3676 4761 μετ’
3729 4683 3846 4739 ἐκεῖ·

2223 4795 2316 4830 νον
2345 4773 2590 4850 ἐγένοντο
2629 4775 2871 4852 βασιλεῖς
2903 4776 2994 4856 ἀφ’
3023 4778 3095 4832 ὧν
3146 4777 3224 4842 εἷς
3255 4779 3344 4833 καὶ
3403 4777 3562 4842 οὗτος
3591 4779 3618 4832 ὁ
3650 4774 3842 4834 Ἀντίο-

2223 4882 2326 4940 χος
2359 4861 2492 4934 μετᾶ
2533 4861 2708 4918 πολὺν
2739 4863 2960 4940 ὕστερον
2989 4863 3190 4940 χρόνον
3223 4885 3286 4919 το
3316 4885 3375 4920 τε
3404 4864 3549 4941 ἱερὸν
3579 4863 3842 4937 ἐνέπρησε,

2227 4953 2288 5006 τά
2315 4973 2374 5008 τε
2401 4960 2568 5028 *Αγια
2595 4957 2704 5008 τῶν
2736 4951 2910 5029 ἁγίων
2965 4957 3248 5030 ἡρῃμωσε,
3311 4955 3401 5018 τάς
3446 4976 3506 5011 τε
3559 4953 3737 5016 θυσίας
3761 4971 3847 5006 κα-

2223 5039 2390 5108 θεῖλε,
2421 5041 2546 5104 τούς
2575 5062 2630 5098 τε
2661 5039 2958 5106 Ἰουδαίους
3001 5045 3244 5117 ὑπέταξε,
3275 5045 3366 5100 καὶ
3431 5046 3531 5114 τήν
3586 5037 3846 5098 πολιτείαν

2225 5127 2399 5184 αὐτῶν
2427 5128 2690 5186 κατέλυσε
2718 5135 2920 5188 πᾶσαν.
2987 5132 3084 5185 Καὶ
3125 5137 3295 5188 ταῦτα
3327 5133 3498 5188 πάντα
3536 5132 3668 5205 μετᾶ
3719 5129 3848 5200 ἀκρι-

2224 5213 2371 5282 ϐείας
2426 5219 2635 5289 ἀπάσης
2681 5221 2772 5274 καὶ
2831 5218 2999 5296 μέχρι
3059 5225 3188 5293 μιᾶς
3235 5221 3443 5296 ἡμέρας
3499 5221 3850 5296 προηγόρευτο

2221 5309 2369 5382 παρᾶ
2399 5313 2498 5364 τοῦ
2525 5307 2756 5380 Δανιήλ,
2806 5309 2896 5364 καὶ
2941 5310 3076 5366 πότε
3127 5305 3275 5366 ἔσται
3305 5310 3544 5372 καὶπῶς
3599 5308 3686 5363 καὶ
3723 5303 3851 5378 παρὰ

2221 5397 2330 5452 τίνι
2371 5397 2461 5452 καὶ
2502 5397 2610 5453 τίνι
2666 5397 2875 5473 τρόπῳ,
2936 5401 3018 5473 [Ρ.
3054 5402 3186 5472 220]
3241 5401 3330 5455 καὶ
3381 5403 3490 5453 ποῦ
3539 5396 3853 5464 τελευτήσει,

2222 5487 2311 5541 καὶ
2373 5486 2496 5541 τίνα
2577 5484 2812 5561 λήψεται
2874 5482 3206 5560 μεταϐολήν.
3267 5488 3488 5552 Εῗσεσθε
3556 5484 3853 5562 σαφέστερον
