4118 6288
309 399 423 457 441

1418 384 1975 453 HISTORIARUM
2020 384 2564 451 COMPENDIUM.

3586 468 3593 475 ἴ
3614 388 3733 446 442

317 529 487 597 αὐτῆς
547 525 876 590 ἀκούσαντες
923 533 1025 596 τῆς
1090 526 1350 600 ὁράσεως,
1407 525 1440 580 ἃ
1506 521 1595 579 διὰ
1649 514 1967 595 παραϐολῆς

2084 521 2363 596 ambages
2392 524 2635 579 nomine
2669 523 2869 578 arietis
2905 522 3145 577 Darium
3177 536 3376 594 regem
3414 522 3730 577 Persarum

323 622 451 695 ὑμῖν
481 620 509 674 6
542 620 841 695 προφήτης
868 617 1180 693 ἀνήγγειλε.
1214 619 1378 693 Κριὸν
1418 617 1510 691 μὲν
1539 612 1699 670 καλεῖ
1726 612 1816 667 τὸν
1863 615 1971 665 τῶν

329 713 545 784 Περσῶν
582 706 812 784 βασιλέα
841 712 1084 781 Δαρεῖον,
1114 711 1316 783 τράγον
1349 705 1406 762 δὲ
1435 707 1525 762 τὸν
1557 709 1664 760 τῶν
1689 699 1976 771 Ἑλλήνων

328 794 708 871 Ἀλέξανδρον,
762 795 987 872 βασιλέα
1041 801 1150 852 τῶν
1203 794 1549 852 Μακεδόνων.
1609 792 1854 865 Τέσσαρα
1904 786 1970 858 δὴ

326 888 524 961 κέρατα
557 884 702 960 λέγει
741 884 869 948 τοὺς
930 885 1045 959 μετ’
1096 884 1297 940 ἐκεῖνον
1352 884 1692 950 ἀναστάντας,
1753 879 1842 954 ἀφ’
1898 878 1971 931 ὧν

324 977 545 1052 ὕστερον
606 976 767 1051 γέρας
822 974 980 1037 αὐτὸς
1036 975 1064 1029 6
1132 976 1422 1051 Ἀντίοχος
1462 968 1585 1030 ἔφυ.
1644 970 1788 1055 φησὶ
1843 968 1970 1044 γάρ·

324 1063 487 1124 Εἶδον
523 1064 576 1122 ἐν
617 1065 875 1140 ὁράματι,
906 1063 995 1119 καὶ
1029 1060 1147 1118 ΐδοὺ
1177 1064 1331 1139 κριὸς
1381 1062 1647 1133 ἑστηκὼς,
1691 1059 1782 1115 καὶ
1827 1058 1974 1130 αὐτῷ

320 1157 525 1230 κέρατα
575 1153 783 1228 ὑψηλά,
838 1154 929 1208 καί
983 1155 1047 1207 τὸ
1104 1147 1156 1208 ἕν
1212 1153 1550 1227 ὑψηλότερον
1606 1154 1704 1205 τοῦ
1764 1148 1971 1224 ἑτερου.

322 1243 430 1301 Καὶ
472 1243 536 1297 τὸ
601 1238 812 1317 ὑψηλὸν
872 1236 1145 1297 ἀνέϐαινεν
1197 1242 1282 1297 ἐπ’
1338 1240 1605 1317 ἐσχάνων.
1668 1238 1771 1295 Καὶ
1829 1233 1971 1292 εἶδον

321 1332 419 1387 τὸν
471 1331 627 1406 κριὸν
678 1331 1023 1405 κερατίζοννα
1080 1331 1217 1385 κατά
1301 1326 1569 1393 θάλασσαν
1624 1327 1713 1382 καὶ
1774 1323 1975 1400 βορῥᾶν

314 1420 411 1476 καὶ
444 1419 625 1489 νότον,
656 1418 747 1474 καὶ
780 1418 849 1473 τά
890 1418 1054 1493 θηρία
1101 1416 1274 1473 πάντα
1332 1415 1393 1471 οὗ
1452 1417 1706 1487 στήσεται
1748 1413 1976 1468 ἐνώπιον

314 1510 513 1577 αὐτοῦ,
570 1507 660 1563 καὶ
720 1506 821 1563 οὐκ
875 1508 942 1577 ἦν
998 1508 1026 1560 6
1082 1506 1464 1581 ἐξαιρούμενος
1517 1504 1577 1560 ἐκ
1630 1502 1817 1579 χειρὸς
1874 1501 1974 1556 αὐ-

313 1602 445 1654 τοῦ.
477 1597 581 1654 Καὶ
619 1596 843 1667 ἐποίησε
895 1597 1033 1651 κατά
1084 1595 1148 1650 τὸ
1205 1593 1422 1667 θέλημα
1477 1594 1645 1648 αὐτοῦ
1701 1592 1790 1647 καὶ
1851 1590 1973 1664 ἐμε-

316 1692 596 1768 γαλύνθη.
628 1694 739 1760 Τήν
793 1689 1023 1764 δύναμιν
1080 1688 1232 1765 λέγει
1269 1692 1368 1759 τήν
1418 1689 1704 1763 Περσικὴν,
1734 1684 1770 1756 ἤ
1802 1691 1972 1740 πᾶσαν

321 1778 604 1857 ἐπέδραμε
631 1783 731 1851 τήν
770 1787 896 1855 γῆν.
928 1780 1063 1837 Εἶτα
1118 1779 1242 1852 περὶ
1297 1784 1392 1834 ττῦ
1450 1774 1760 1837 Μακεδόνος
1818 1771 1977 1831 Ἀλε-

2076 616 2261 680 notat,
2311 612 2461 668 hirci
2533 614 2867 669 Graecorum
2941 611 3447 682 Macedonumque
3532 626 3731 683 regem

2077 700 2575 766 Alexandrumﬁt
2605 718 2895 758 cornuum
2948 718 3111 773 reges
3167 701 3265 772 qui
3320 702 3371 755 ei
3428 718 3733 758 successe-

2076 797 2252 860 runt;
2286 791 2359 847 de
2391 792 2605 864 quibus
2638 797 2932 864 posterius
2958 807 3143 845 cornu
3176 796 3418 846 enatum
3464 795 3573 857 est,
3606 794 3729 845 An-

2079 881 2314 936 tiochus
2340 882 2643 936 nimirum.
2682 880 2870 935 Verba
2897 880 3027 950 ejus
3058 884 3196 934 sunt
3225 896 3237 933 :
3276 879 3401 933 Vidi
3448 880 3730 935 divinitus

2077 976 2461 1042 apparentem
2492 972 2800 1025 visionem.
2836 971 2981 1024 Ecce
3032 969 3223 1024 stabat
3254 970 3405 1024 aries
3447 968 3727 1024 cornibus

2078 1059 2270 1128 elatis,
2304 1077 2556 1130 quorum
2588 1077 2772 1115 unum
2805 1064 2931 1115 erat
2976 1059 3161 1114 altero
3198 1058 3530 1126 sublimius,
3574 1059 3727 1114 402

2078 1147 2255 1219 idque
2288 1150 2613 1220 posteriore
2644 1150 2772 1204 loco
2803 1148 3100 1221 surgebat.
3140 1146 3384 1219 Vidique
3420 1165 3552 1201 eum
3601 1165 3732 1202 cor-

2081 1238 2256 1293 nibus
2284 1237 2468 1294 ictum
2500 1239 2775 1294 edentem
2824 1238 3103 1293 adversus
3149 1253 3333 1306 mare,
3386 1237 3728 1307 aquilonem

2080 1333 2137 1382 et
2193 1332 2498 1395 austrum;
2548 1345 2742 1400 neque
2798 1327 2991 1382 ullum
3037 1326 3256 1382 animal
3307 1330 3537 1398 poterat
3593 1331 3728 1381 ante

2079 1433 2215 1471 eum
2239 1416 2580 1485 subsistere,
2615 1434 2808 1488 neque
2843 1421 2969 1472 erat
3011 1417 3109 1487 qui
3143 1416 3214 1471 ab
3249 1433 3315 1471 eo
3365 1415 3728 1470 defenderet.

2080 1508 2282 1578 Itaque
2310 1524 2415 1562 suo
2446 1507 2735 1563 arbitratu
2765 1507 2977 1579 agebat
3006 1524 3073 1562 ac
3125 1507 3473 1579 magnificus
3505 1511 3629 1561 erat
3664 1505 3730 1564 ‘5.

2081 1597 2181 1651 llis
2237 1596 2430 1651 verbis
2488 1598 2840 1668 exprimitur
2890 1613 3139 1670 regnum
3188 1596 3510 1663 Persicum,
3562 1596 3731 1667 cujus

2081 1688 2345 1758 potentia
2371 1686 2577 1742 orbem
2623 1692 2913 1743 terrarum
2962 1691 3273 1759 pervagata
3314 1691 3421 1741 est.
3456 1685 3597 1740 Inde
3642 1685 3731 1741 lo-

2082 1775 2284 1846 quitur
2314 1774 2385 1829 de
2414 1774 2749 1831 Alexandro
2793 1774 3110 1831 Macedone
3138 1792 3150 1841 ;
3185 1777 3329 1830 Ecce
3377 1781 3572 1829 autem
3606 1774 3731 1828 hir-

319 1867 559 1944 ξάνδρου
607 1867 997 1942 διαλεγόμενός
1025 1888 1178 1948 φησν
1222 1868 1323 1925 Καὶ
1384 1865 1502 1922 ἰδοὺ
1553 1865 1752 1942 τράγος
1802 1862 1967 1938 αἲγῶν

2083 1882 2185 1919 cus
2216 1865 2495 1936 caprinus
2530 1864 2839 1937 ingruebat
2871 1882 2905 1920 a
2932 1870 3097 1937 parte
3125 1881 3242 1936 qua
3272 1864 3458 1936 spirat
3477 1863 3727 1933 Africus,

312 1961 531 2034 ἤρχετο
584 1957 692 2012 ἀπὸ
750 1952 918 2020 Λιϐὸς
977 1958 1074 2012 καὶ
1131 1957 1218 2012 ἐπὶ
1276 1957 1568 2031 πρόσωπον
1619 1954 1799 2025 πάσης
1868 1959 1969 2021 τῆς

309 2055 449 2123 γῆς,
478 2050 568 2103 καὶ
599 2047 698 2103 οὐκ
725 2048 794 2116 ἦν
825 2047 1131 2122 ἁπτόμενος
1159 2054 1258 2117 τῆς
1315 2053 1438 2121 γῆς.
1498 2045 1595 2100 Καὶ
1653 2048 1732 2118 τῷ
1788 2043 1972 2119 τράγῳ

314 2136 513 2209 ἐκείνῳ
567 2135 726 2211 κέρας
781 2136 1067 2211 ἐθεωρεῖτο
1124 2136 1223 2191 ἀνὰ
1284 2136 1444 2208 μέσον
1498 2140 1608 2189 τῶν
1668 2132 1968 2209 ὀφθαλμῶν

314 2226 511 2281 αὐτοῦ.
546 2228 679 2282 Εἶτα
710 2224 888 2303 λέγων
921 2226 1019 2295 τήν
1053 2226 1190 2301 πρὸς
1236 2230 1458 2299 Δαρεῖον
1507 2218 1830 2300 προσϐολὴν
1878 2222 1970 2276 καὶ

316 2311 617 2389 συμϐολὴν
699 2316 869 2371 αὐτοῦ
925 2315 1220 2391 γενομένην
1278 2316 1368 2370 καὶ
1425 2317 1522 2384 τὴν
1580 2313 1717 2368 κατὰ
1770 2312 1968 2386 κράτος

314 2404 506 2475 νίκην,
538 2404 733 2474 Ἦλθε,
766 2403 953 2479 φησῖν,
982 2405 1010 2459 6
1040 2404 1242 2481 τράγος
1289 2400 1392 2465 ἓως
1423 2407 1521 2459 τοῦ
1573 2406 1731 2478 κριοῦ
1778 2406 1875 2456 τοῦ
1906 2400 1971 2455 τά

316 2494 523 2569 κέρατα
556 2490 805 2569 ἔχοντος,
836 2493 925 2548 καὶ
950 2494 1223 2568 ήγριώθη,
1258 2492 1348 2547 καὶ
1406 2490 1594 2547 ἔπαισε
1650 2492 1740 2546 τὸν
1795 2490 1969 2564 κριὸν,

316 2583 413 2636 καὶ
448 2583 761 2657 συνέτριψεν
791 2582 1071 2661 ἀμφότερα
1098 2581 1164 2636 τὰ
1195 2582 1394 2656 κέρατα
1423 2579 1606 2648 αὐτοῦ,
1639 2579 1727 2634 καὶ
1770 2579 1873 2633 οὐκ
1901 2578 1966 2646 ἧν

319 2672 353 2725 6
382 2671 763 2746 ἐξαιρούμενος
793 2671 852 2725 ἐκ
882 2671 1067 2745 χειρὸς
1096 2670 1283 2726 αὐτοῦ.
1332 2672 1555 2727 Ἔπειτα
1606 2667 1969 2744 διηγούμενος

316 2763 418 2830 τήν
479 2758 839 2834 Ἀλεξάνδρου
896 2759 1154 2829 τελευτην
1226 2761 1317 2814 καὶ
1371 2762 1469 2830 τήν
1533 2764 1641 2814 τῶν
1698 2758 1967 2834 τεσσάρων

320 2850 594 2924 βασιλέων
631 2846 925 2928 διαδοχὴν,
979 2848 1162 2926 ἐπάγει
1216 2849 1410 2926 λέγων.
1448 2850 1551 2907 Καὶ
1580 2849 1633 2905 ἐν
1686 2853 1765 2920 τῷ
1812 2848 1971 2923 ἰσχῦ-

314 2961 406 2995 σαι
438 2939 602 2995 αὐτὸν
639 2934 955 3014 συντετρίϐη
1002 2941 1065 2995 τὸ
1112 2941 1272 3011 κέρας
1316 2940 1378 2994 τὸ
1440 2938 1601 3014 μέγα,
1658 2938 1749 2994 καὶ
1805 2933 1966 3008 άνὲϐη

314 3031 520 3103 κέρατα
577 3028 807 3103 τέσσαρα
866 3030 1209 3094 ὑποκάτωθεν
1265 3031 1452 3099 αὐτοῦ,
1522 3030 1602 3091 εἷς
1672 3030 1799 3085 τοὺς
1857 3030 1972 3083 τὲσ-

321 3139 483 3194 σαρας
541 3117 774 3191 ἀνέμους
829 3123 927 3173 τοῦ
979 3119 1236 3195 οὐρανοῦ.
1289 3120 1562 3174 Ἐντεῦθεν
1623 3115 1819 3172 λοιπὸν
1880 3116 1967 3171 ἐπὶ

327 3210 423 3275 τὴν
446 3207 742 3283 Ἀντιόχου
799 3204 1077 3282 βασιλείαν
1133 3206 1333 3277 ἐλθὼν,
1388 3208 1479 3262 καὶ
1521 3204 1725 3268 δεικνὺς
1778 3206 1861 3260 ’ὁτι
1917 3205 1967 3276 ἐξ
2001 3247 2042 3312 C

339 3295 355 3312 ι
401 3297 415 3312 ς
499 3295 513 3312 .
587 3296 598 3312 .
802 3301 830 3312 ..
1052 3296 1067 3312 ι
1243 3294 1258 3312 ς
1332 3295 1347 3312 ε
1487 3294 1527 3312 ,ς
1772 3294 1782 3312 ο
1863 3300 1908 3312 ,τ
1950 3294 1965 3312 κ

1950 3294 1965 3312 \

339 3295 452 3356 ἑνὸς
498 3295 703 3352 ἐκείνων
763 3301 871 3350 τῶν
912 3296 1181 3370 τεσσάρων
1239 3294 1370 3367 ἐστὶ,
1430 3294 1594 3350 πάλιν
1652 3294 1801 3372 φησί·
1863 3294 1967 3350 Καὶ

344 3382 551 3456 ἐξῆλθεν
583 3384 642 3441 ἐκ
669 3389 768 3440 τοῦ
798 3384 910 3447 ἑνὸς
944 3386 1189 3461 ἰσχυρὸν,
1246 3384 1336 3439 καὶ
1377 3383 1722 3461 ἐμεγαλῦνθη
1783 3404 1973 3459 περισ-

340 3479 443 3536 σῶς
494 3477 620 3549 πρὸς
679 3476 837 3530 νότον
877 3476 1141 3550 καὶπρὸς
1200 3474 1490 3546 ἀνατολήν.
1546 3476 1644 3530 Καὶ
1683 3473 1967 3548 σημαίνων

329 3565 535 3631 δτιτην
580 3562 890 3634 ἰουδαῖκὴν
953 3565 1237 3620 πολιτείαν
1291 3563 1529 3634 καθελεῖ,
1593 3564 1800 3642 φάσκει⁸
1865 3563 1969 3619 Καὶ

319 3652 391 3708 δι’
442 3653 604 3708 αὐτὸν
670 3653 827 3708 θυσία
884 3654 1160 3729 ἐταράχθη
1221 3653 1644 3729 παραπτώματι,
1705 3655 1792 3708 καὶ
1854 3652 1967 3730 ἐγε-

313 3745 454 3813 νήθη
514 3743 606 3797 καὶ
662 3740 1026 3813 κατευωδώθη
1084 3742 1234 3801 αὐτό,
1309 3743 1407 3798 Καὶ
1481 3743 1542 3799 τὸ
1628 3741 1778 3818 ἅγιον
1837 3743 1968 3817 ἐρη-

312 3834 660 3905 μωθήσεται,
690 3834 777 3887 καὶ
823 3834 1101 3909 γενήσεται
1150 3832 1272 3908 περὶ
1323 3834 1421 3902 τήν
1475 3833 1657 3887 θυσίαν
1709 3832 1964 3907 ἁμαρτία.

302 3924 419 3977 Τοῦ
448 3921 551 3994 γάρ
594 3922 791 3995 βωμοῦ
820 3922 1231 3994 καθαιρεθέντος
1297 3920 1387 3976 καὶ
1425 3924 1534 3975 τῶν
1583 3920 1746 3995 ἁγίων
1797 3942 1963 3976 κατα·
2018 3984 2023 3989 γ

296 4012 656 4080 πατηθέντων
689 4008 921 4064 εἷ’δωλον
943 4003 1161 4080 ἔστησεν
1194 4004 1364 4080 ἔνδον,
1409 4010 1498 4064 καὶ
1555 4010 1738 4065 θυσίαν
1790 4009 1967 4065 ἐπετέ-

306 4098 401 4155 λει
434 4104 553 4161 τοῖς
612 4096 833 4173 δαίμοσι
891 4099 1246 4174 παρανόμως.
1305 4100 1464 4163 Ὀθεν
1519 4100 1703 4178 φησίν·
1756 4098 1960 4177 Ἐῤῥφη

298 4189 495 4264 χαμαὶ
529 4191 565 4258 ἡ
596 4185 934 4258 δικαιοσύνη,
965 4188 1054 4242 καὶ
1084 4186 1328 4259 ἐποίησε,
1355 4189 1445 4243 καὶ
1496 4186 1778 4260 εὗωδώθη.
1830 4190 1963 4247 Εἶτα

294 4278 483 4335 πάλιν
547 4279 608 4334 ἐκ
666 4276 918 4355 δευτέρου
968 4280 1066 4349 τήν
1118 4278 1286 4348 αὐτὴν
1346 4278 1625 4353 βασιλείαν
1671 4281 1961 4357 Ἀντιόχου

301 4370 647 4447 Ἐπιφανοῦς
682 4367 856 4444 λέγων
887 4370 975 4425 καὶ
1003 4370 1101 4438 τήν
1134 4367 1529 4448 αἰχμαλωσίαν
1558 4370 1647 4425 καὶ
1677 4371 1776 4439 τὴν
1808 4369 1959 4425 ἄλω-

294 4481 394 4516 σιν
429 4459 521 4514 καὶ
552 4459 653 4528 τὴν
685 4456 966 4533 ἐρήμωσιν
994 4462 1092 4513 τοῦ
1131 4459 1300 4534 ἱεροῦ,
1356 4459 1681 4535 προστίθησι
1731 4460 1821 4514 καὶ
1870 4461 1958 4514 τὸν

292 4547 543 4626 χρόνον.

2082 1970 2259 2024 super
2311 1953 2653 2008 universam
2713 1959 2950 2020 terram,
3013 1969 3205 2023 neque
3262 1959 3457 2007 tamen
3512 1958 3728 2007 terram

2081 2042 2446 2115 attingebat;
2498 2042 3090 2113 conspiciebaturque
3140 2042 3297 2096 inter
3353 2041 3557 2096 oculos
3603 2042 3729 2113 ejus

2081 2148 2267 2187 cornu
2298 2136 2554 2189 exstans.
2589 2134 2799 2186 Postea
2839 2131 3181 2186 conflictum
3215 2131 3343 2202 ejus
3394 2146 3527 2186 cum
3557 2130 3729 2185 Dario

2082 2239 2149 2277 ac
2204 2222 2509 2277 victoriam
2566 2222 2636 2276 de
2696 2238 2765 2276 eo
2824 2220 3204 2275 describens:
3268 2219 3457 2287 Venit,
3517 2218 3730 2290 inquit,

2082 2310 2279 2366 hircus
2307 2311 2415 2365 iste
2444 2327 2629 2382 usque
2683 2309 2755 2365 ad
2787 2314 3102 2365 cornutum
3148 2310 3319 2363 illum
3353 2309 3622 2375 arietem,
3675 2313 3734 2362 et

2081 2400 2358 2456 efferatus
2407 2417 2541 2455 eum
2604 2400 2915 2472 percussit,
2965 2399 3258 2469 amboque
3318 2398 3445 2470 ejus
3509 2414 3729 2453 cornua

2081 2489 2372 2557 contrivit,
2407 2506 2598 2560 neque
2632 2495 2757 2545 erat
2810 2489 2909 2559 qui
2944 2489 3057 2543 vim
3107 2490 3237 2560 ejus
3288 2489 3359 2543 ab
3391 2489 3572 2543 ariete
3624 2488 3728 2543 de-

2079 2580 2367 2634 fenderet.
2401 2579 2543 2634 Inde
2576 2578 2897 2635 Alexandri
2943 2579 3163 2633 exitum
3216 2577 3542 2650 depingens
3575 2593 3728 2648 qua-

2082 2674 2333 2739 tuorque
2382 2685 2587 2741 regum
2636 2670 3091 2737 successionem,
3141 2669 3267 2723 haec
3314 2667 3533 2721 infert:
3584 2667 3724 2720 Cum

2081 2764 2278 2813 autem
2309 2758 2512 2813 hircus
2559 2774 2834 2831 magnam
2883 2763 3039 2812 esset
3084 2756 3410 2829 potentiam
3451 2756 3722 2827 adeptus,

2080 2864 2357 2919 magnum
2399 2864 2584 2902 cornu
2631 2848 2759 2918 ejus
2804 2847 3115 2918 frangitur,
3165 2850 3341 2916 atque
3384 2844 3538 2899 infra
3577 2843 3722 2898 illud

2080 2941 2402 3007 erumpunt
2429 2936 2545 2990 alia
2575 2941 2829 3005 quatuor
2859 2950 3082 2988 cornua
3111 2934 3439 3005 spectantia
3470 2932 3543 2987 ad
3579 2949 3721 3002 qua-

2082 3031 2214 3080 tuor
2262 3025 2463 3097 plagas
2512 3024 2740 3079 mundi.
2800 3025 2981 3077 Porro
3030 3022 3104 3076 ad
3153 3021 3425 3076 Antiochi
3476 3037 3724 3091 regnum

2080 3114 2452 3186 perveniens,
2488 3112 2775 3183 illumque
2826 3117 3166 3166 monstrans
3198 3127 3267 3164 ex
3298 3126 3416 3164 uno
3458 3109 3726 3163 illorum-

2082 3220 2194 3274 que
2243 3208 2498 3274 quatuor
2545 3218 2833 3256 cornuum
2884 3201 3199 3267 exstitisse,
3251 3215 3487 3254 rursum
3541 3196 3724 3252 dicit:

2083 3296 2152 3346 Et
2180 3292 2323 3346 exiit
2353 3293 2423 3348 de
2455 3308 2573 3346 uno
2604 3290 2839 3346 illorum
2868 3307 3052 3345 cornu
3094 3288 3369 3355 validum,
3404 3290 3729 3359 ingensque

2083 3385 2304 3439 factum
2335 3389 2423 3439 est
2452 3400 2655 3438 versus
2686 3381 2998 3437 meridiem
3047 3387 3104 3436 et
3153 3386 3367 3435 ortum.
3400 3381 3545 3433 Tum
3577 3377 3731 3432 indi-

2084 3490 2223 3527 cans
2254 3472 2325 3527 ab
2360 3488 2426 3527 eo
2456 3471 2760 3526 Judaicam
2794 3487 2919 3524 rem
2970 3469 3270 3542 publicam
3302 3468 3591 3523 abolitum
3631 3466 3727 3535 iri,

2083 3561 2281 3617 addit:
2318 3562 2421 3616 llle
2445 3565 2686 3633 peccato
2736 3559 3092 3615 sacrificium
3142 3557 3537 3626 conturbabit,
3584 3572 3727 3610 con-

2083 3658 2289 3722 traque
2321 3651 2378 3705 id
2412 3668 2534 3706 rem
2565 3666 2847 3722 prospere
2877 3649 3077 3721 gessit,
3112 3665 3178 3703 ac
3207 3647 3493 3717 templum
3530 3652 3722 3700 vasta-

2080 3741 2259 3808 bitur,
2292 3746 2350 3797 et
2377 3741 2506 3796 loco
2540 3742 2693 3795 403
2726 3738 3002 3794 sacriﬁcii
3033 3737 3450 3806 eritﬂagitium
3482 3737 3545 3770 ⁸⁸·
3576 3736 3722 3790 Nam

2084 3831 2404 3886 Antiochus
2460 3830 2631 3885 altari
2690 3828 2967 3884 subverso
3020 3827 3322 3897 sacrisque
3363 3824 3724 3879 conculcatis

2080 3922 2141 3976 in
2182 3921 2402 3991 templo
2452 3920 2837 3975 simulacrum
2881 3917 3106 3982 statuit,
3157 3932 3225 3970 ac
3273 3920 3481 3969 contra
3530 3913 3721 3984 legem

2080 4010 2447 4065 daemonibus
2478 4008 2848 4064 sacriﬁcavit.
2886 4007 3018 4061 Ideo
3050 4010 3210 4060 vates
3243 4003 3422 4059 dicit:
3457 4005 3526 4058 Et
3554 4002 3722 4057 humi

2076 4105 2373 4171 prostrata
2410 4103 2500 4153 est
2523 4098 2774 4169 justitia,
2827 4101 3151 4167 contraque
3201 4094 3359 4149 illam
3394 4110 3521 4148 rem
3553 4109 3723 4163 pros—

2076 4205 2216 4260 pere
2241 4188 2440 4259 gessit.
2492 4189 2747 4242 Rursum
2777 4184 2988 4240 deinde
3021 4185 3215 4255 ipsum
3263 4182 3411 4237 illud
3443 4179 3719 4235 Antiochi

2076 4277 2395 4348 Epiphanis
2423 4291 2673 4347 regnum
2710 4274 3168 4344 Judaeorumque
3198 4272 3427 4327 cladem
3462 4274 3519 4325 et
3562 4268 3722 4322 exci-

2076 4367 2241 4422 dium
2271 4372 2450 4438 atque
2497 4365 2881 4421 vastationem
2920 4363 3119 4434 templi
3172 4363 3455 4425 referens,
3492 4364 3722 4430 tempus

2076 4458 2253 4513 etiam
2285 4459 2731 4511 commemorat.

384 4634 719 4712 ’Λρξᾶμενος
752 4638 855 4713 γάρ
885 4636 992 4692 ἀπὸ
1020 4644 1119 4706 τῆς
1146 4635 1507 4711 Ἀλεξάνδρου
1540 4637 1841 4710 βασιλείας,
1865 4638 1959 4692 αὗ-

2140 4638 2286 4692 Nam
2309 4652 2537 4705 rursus,
2562 4635 2732 4690 initio
2755 4634 2939 4707 petito
2960 4633 3032 4688 ab
3048 4632 3367 4688 Alexandri
3386 4647 3587 4705 regno,
3612 4628 3720 4688 sub

293 4730 397 4788 θες
429 4728 563 4800 πρὸς
592 4731 673 4799 τῷ
701 4725 847 4782 τέλει
876 4730 974 4781 τοῦ
1008 4722 1234 4802 βιϐλίου
1285 4728 1375 4781 καὶ
1422 4726 1489 4781 τά
1545 4726 1738 4799 μεταξὺ
1789 4728 1963 4783 πάντα

296 4816 724 4892 διηγησάμενος
762 4814 861 4870 ὅσα
891 4816 942 4869 οἱ
974 4814 1307 4888 Πτολεμαῖοι
1338 4815 1428 4870 καὶ
1462 4818 1513 4870 οἱ
1544 4814 1806 4872 Σέλευκοι
1846 4818 1969 4892 συρ-

297 4906 569 4981 ῥαγέντες
599 4902 875 4975 ἀλλήλοις
935 4902 1195 4975 ἐποίησαν
1253 4904 1342 4960 καὶ
1393 4905 1444 4959 οἱ
1503 4908 1797 4981 στρατηγοί
1837 4908 1967 4963 τού-

291 5016 419 5052 των
451 4993 788 5068 εἰργάσαντο,
815 4992 945 5057 τους
974 4990 1194 5065 δόλους,
1229 4996 1310 5066 [Ρ.
1344 4996 1470 5067 230]
1502 4995 1599 5057 τὰς
1646 4994 1817 5063 νίκας,
1868 4997 1963 5062 τάς

299 5085 620 5158 στρατείας,
652 5083 749 5145 τὰς
792 5083 999 5156 μάχας,
1056 5082 1154 5145 τὰς
1211 5082 1544 5158 ναυμαχίας,
1581 5085 1679 5147 τὰς
1718 5091 1965 5159 πεζομα-

304 5176 469 5250 χίας.
502 5172 711 5247 προϊὼν
744 5172 820 5235 εἰς
845 5174 1132 5248 Ἀντίοχον
1156 5170 1382 5244 τελευτᾷ
1428 5172 1620 5239 πάλιν,
1668 5175 1756 5230 καὶ
1806 5176 1958 5251 φησί’

303 5260 694 5336 Βραχίονεςέξ
747 5261 918 5316 αὐτοῦ
976 5263 1284 5331 στήσονται,
1342 5262 1432 5316 καὶ
1490 5257 1871 5337 βεϐηλώσουσι
1898 5265 1960 5319 τὸ

302 5349 584 5423 ἁγίασμα,
602 5347 693 5402 καὶ
725 5348 1122 5421 μεταστήσουσι
1142 5346 1236 5402 τόν
1259 5344 1662 5423 ἐνδελεχισμὸν,
1680 5350 1775 5412 τὰς
1795 5353 1923 5421 συν-ις
1941 5381 1957 5393 -

299 5451 423 5503 θεις
456 5436 631 5513 λέγων
663 5436 849 5501 θυσίας
875 5437 967 5493 καὶ
1006 5438 1397 5510 καθημερινὰς,
1447 5438 1549 5495 Καὶ
1584 5436 1847 5494 δώσουσιν
1881 5441 1958 5503 είς

293 5527 469 5582 αὐτὸν
507 5524 815 5601 βδέλυγμα,
845 5525 934 5580 καὶ
964 5526 1093 5588 τοὺς
1124 5525 1463 5600 ἂνομοῦντας
1495 5524 1762 5598 διαθήκην
1810 5532 1952 5602 (του-

386 5736 432 5770 ⁴¹
461 5736 607 5791 Dan.
642 5749 760 5790 vm.
839 5732 887 5768 ⁴⁰
918 5734 1063 5788 Dan.
1097 5748 1178 5801 II,
1210 5733 1297 5788 31.

2074 4728 2256 4783 finem
2286 4726 2442 4793 libri,
2476 4742 2660 4796 eaque
2693 4724 2896 4780 omnia
2916 4728 3261 4795 persecutus
3292 4722 3559 4777 oratione
3590 4739 3719 4793 qua}

2073 4816 2145 4872 ab
2178 4834 2247 4872 eo
2292 4815 2591 4871 Ptolemaei
2642 4820 2700 4869 et
2747 4812 2977 4869 Seleuci
3023 4813 3323 4867 intestinis
3372 4811 3545 4867 bellis
3578 4828 3721 4866 con-

2071 4907 2256 4979 gressi
2287 4906 2537 4961 invicem
2569 4904 2781 4959 facturi
2832 4907 3030 4959 essent
3057 4917 3380 4972 eorumque
3422 4901 3719 4968 ductores,

2071 4997 2262 5063 dolos,
2286 4996 2577 5063 victorias,
2603 4993 3031 5065 expeditiones,
3056 4991 3288 5047 navalia
3314 4996 3373 5044 et
3394 4989 3717 5058 terrestria,

2070 5087 2295 5159 praelia,
2340 5100 2688 5157 progressus
2709 5083 2783 5137 ad
2817 5080 3088 5136 Antiochi
3138 5095 3326 5150 usque
3357 5094 3608 5149 regnum
3640 5078 3723 5131 ita

2069 5174 2373 5231 concludit
2392 5193 2403 5228 :
2423 5172 2739 5228 Etbrachia
2764 5187 2835 5225 ex
2849 5187 2915 5224 eo
2931 5170 3382 5239 exsistent,qua)
3397 5167 3720 5221 sacrarium

2066 5264 2486 5336 profanabunt,
2521 5267 2579 5316 et
2594 5261 2737 5331 juge
2780 5258 3141 5315 saceiﬁcium
3182 5255 3504 5311 abolebunt
3546 5244 3723 5326 atque

2067 5353 2356 5424 polluent,
2390 5356 2448 5405 et
2474 5368 2573 5405 eos
2605 5349 2702 5420 qui
2736 5351 3157 5402 testamentum
3198 5345 3420 5400 violant
3450 5346 3583 5416 (hoc
3610 5350 3720 5411 est,

2062 5442 2297 5498 Iudaeos
2328 5458 2362 5495 a
2391 5440 2519 5511 lege
2550 5437 2916 5503 deficientes)
2948 5434 3244 5490 abducent
3272 5434 3333 5488 in
3364 5434 3719 5490 lubricitati-

2062 5532 2171 5587 bus
2195 5530 2317 5585 suis
2342 5535 2517 5601 atque
2542 5530 2904 5585 transferent
2926 5544 2939 5595 ;
2965 5528 3386 5600 superabitque
3406 5546 3505 5583 eos
3539 5538 3722 5599 popu'
