4118 6288
324 468 441 527 445

1463 454 1831 525 HISTORIA
1844 466 1937 526 ΗΟ
1950 464 2001 522 Μ
2046 464 2576 525 COMPENDIUH
2590 510 2605 524 .

3620 468 3739 526 446

323 597 695 672 ἆνομήσουσιν
751 592 971 668 ἄνομοι,
1030 595 1118 650 καὶ
1176 592 1237 650 οὐ
1290 596 1579 669 συνήσουσι
1625 593 1816 658 πάντες
1847 593 1958 651 ἀσε⁴

2088 611 2253 651 eram
2283 597 2503 654 facere.
2532 597 2619 652 Ab
2650 597 2780 669 ejus
2826 613 2962 669 ergo
3004 597 3354 665 mutatione,
3387 598 3499 652 hoc
3546 603 3637 653 est
3661 590 3733 653 ab

327 685 461 759 δεῖς,
490 688 580 743 καὶ
616 689 882 761 νοήμονες
929 689 1240 759 νοήσουσιν.
1295 687 1427 744 Εἶτα
1472 686 1563 742 τὸν
1614 688 1802 763 καιρὸν
1832 707 1972 761 προ-

326 778 499 853 λέγων
532 778 658 832 ’ὀσον
697 774 890 852 μέλλει
946 775 1196 852 κατέχειν
1250 776 1445 839 αὐτοὺς
1482 776 1550 831 τὰ
1579 774 1747 845 δεινὰ,
1782 776 1971 856 φησίν·

330 868 468 925 Ἀπὸ
523 870 718 940 καιροῦ
772 864 1166 941 παραλλάξεως
1222 863 1638 941 ἐνδελεχισμοῦ·
1690 863 1976 941 ἐνδελεχι-

330 958 469 1029 σμὸς
503 953 561 1011 δε
601 954 848 1012 ἐκαλεῖτο
905 958 939 1026 ἡ
996 956 1333 1030 καθημερινὴ
1387 954 1565 1009 θυσίαο
1596 955 1658 1009 τὸ
1686 955 1789 1029 γὰρ
1821 951 1968 1009 ἑνδε-

323 1044 489 1119 Λεχὲς
543 1045 607 1098 τὸ
664 1044 862 1099 πυκνὸν
916 1043 1005 1099 καὶ
1066 1044 1285 1118 συνεχές
1339 1043 1499 1101 ἐστιν.
1551 1044 1714 1107 Ἔθος
1768 1043 1871 1118 γὰρ
1904 1043 1973 1111 ἧν

319 1139 436 1195 τοῖς
468 1130 754 1193 Ἰουδαίοις
782 1132 870 1187 καὶ
931 1132 980 1187 ἐν
1040 1134 1187 1206 πρωϊ
1242 1132 1331 1186 καὶ
1385 1131 1438 1188 ἐν
1499 1132 1697 1207 ἑσπέρᾳ
1736 1131 1825 1186 καὶ
1856 1130 1969 1186 καθ’

316 1223 547 1292 ἑκάστην
604 1222 812 1297 ἡμέραν
874 1220 952 1295 τῷ
1009 1227 1125 1295 Θεῷ
1196 1218 1357 1288 θύειν,
1418 1222 1508 1276 καὶ
1567 1220 1657 1277 διὰ
1710 1219 1875 1276 τοῦτο
1935 1223 1969 1290 ἡ

316 1312 471 1366 θυσία
524 1311 698 1382 ἐκείνη
760 1309 1151 1387 ἔνδελεχισμὸς
1208 1308 1445 1383 ἐλέγετο’
1481 1310 1585 1365 Καὶ
1611 1307 1842 1380 ἤλλαξε,
1876 1310 1973 1365 Διά

311 1403 478 1457 τοῦτὸ
511 1423 675 1477 φησιν
707 1402 734 1455 ὁ
765 1398 994 1476 ἄγγελος
1052 1401 1134 1455 ὃτι
1192 1400 1301 1455 ἀπὸ
1339 1403 1532 1475 καιροῦ
1560 1406 1662 1469 τῆς
1694 1398 1972 1469 ἀλλαξεως

306 1490 408 1545 τοῖ’)
464 1487 880 1569 ἐνδελεχισμοῦ,
955 1488 1228 1544 τουτέστιν
1304 1490 1408 1545 ἀπὸ
1464 1496 1564 1558 τῆς
1623 1488 1972 1552 καταλύσεως

301 1586 410 1649 τῆς
442 1580 649 1643 θυσίας,
684 1579 787 1634 εἰσὶ
836 1577 893 1633 δὲ
938 1575 1141 1651 ἡμέραι
1189 1576 1325 1656 ασῐς,
1379 1577 1508 1653 ὅπερ
1544 1578 1684 1633 ἐστὶν
1722 1571 1812 1647 ἔτη
1846 1579 1971 1653 τρία

308 1668 512 1741 ἥμισυ.
550 1669 681 1725 Εἶτα
712 1665 900 1737 δηλῶν
951 1667 1034 1722 ὅτι
1084 1669 1173 1723 καὶ
1224 1666 1378 1730 λύσις
1411 1672 1516 1723 τῶν
1544 1671 1725 1722 κακῶν
1759 1665 1966 1721 τοῦτων

313 1753 471 1813 ἔσται
499 1759 586 1813 καὶ
618 1757 942 1832 ἀπαλλαγὴ,
994 1756 1249 1831 ἐπήγαγε
1307 1757 1581 1833 Μακάριος
1615 1757 1643 1812 6
1677 1755 1968 1830 ὑπομείνας

308 1846 410 1901 καὶ
442 1847 646 1923 φθάσας
695 1846 771 1909 εἷς
823 1848 1032 1920 ἡμέρας
1093 1843 1256 1911 ατλε“,
1314 1850 1433 1907 ταῖς
1465 1840 1583 1899 ατλ¹
1614 1844 1695 1918 με’
1726 1844 1966 1919 προθείς,

2087 687 2215 759 ejus
2235 687 2577 755 abolitione,
2607 686 2732 742 dies
2760 694 2902 742 eunt
2925 689 3083 755 1290,
3121 684 3403 742 nimirum
3448 688 3588 743 anni
3619 691 3649 742 3
3682 706 3733 744 s.

2087 776 2310 832 Deinde
2335 778 2626 833 malorum
2657 778 2904 832 istorum
2928 777 3109 832 ﬁnem
3134 778 3259 832 fore
3282 778 3493 833 infert:
3521 778 3734 834 Beatus

2086 868 2184 937 qui
2209 867 2433 938 perfert
2453 868 2984 939 etsustinetusque
3011 868 3163 922 400
3193 867 3267 924 ad
3289 868 3416 923 dies
3444 868 3600 934 1335,
3634 867 3734 923 ad-

2084 956 2231 1010 dens
2264 956 2561 1027 prioribus
2579 956 2703 1012 dies
2736 959 2801 1011 45
2828 973 3000 1011 :nam
3031 972 3235 1011 mense
3256 961 3376 1011 toto
3410 962 3467 1011 et
3484 952 3730 1012 dimidio

2086 1049 2288 1099 exacto
2348 1061 2541 1116 pugna
2608 1050 2696 1100 est
2744 1046 3064 1100 commissa
3121 1045 3429 1115 solidaque
3489 1045 3734 1101 victoria

2085 1139 2252 1204 parta
2302 1138 2361 1188 et
2405 1134 2681 1189 omnibus
2731 1135 2903 1190 malis
2957 1151 3196 1206 prorsus
3238 1133 3472 1189 liberati
3519 1131 3727 1189 Judmi.

2082 1224 2294 1279 Dicens
2309 1226 2490 1293 enim,
2507 1228 2716 1281 Beatus
2731 1228 2827 1298 qui
2850 1227 3068 1298 perfert
3083 1231 3140 1281 et
3157 1226 3409 1281 sustinet
3425 1225 3550 1280 dies
3573 1228 3724 1295 1335,

2082 1312 2497 1368 liberationem
2520 1314 2748 1370 amatis
2770 1314 3106 1371 declaravit.
3142 1316 3339 1385 Neque
3374 1315 3731 1386 simpliciter

2083 1420 2218 1457 eum
2255 1408 2416 1458 vocat
2444 1403 2681 1458 beatum
2711 1404 2808 1474 qui
2843 1400 2912 1459 ad
2940 1421 3073 1459 eum
3096 1421 3285 1475 usque
3302 1405 3458 1459 diem
3484 1404 3734 1476 pertige-

2081 1492 2177 1545 rit.
2213 1493 2355 1546 Nam
2386 1492 2558 1547 multi
2588 1493 2766 1547 etiam
2799 1493 2967 1563 impii
3016 1493 3404 1548 mutationem
3450 1495 3622 1548 istam
3654 1493 3733 1547 vi-

2081 1580 2295 1636 derunt
2321 1599 2335 1648 ;
2368 1599 2560 1653 neque
2586 1588 2779 1637 tamen
2809 1600 2907 1637 eos
2930 1582 3132 1638 felices
3150 1581 3314 1651 dicit,
3348 1581 3452 1637 sed
3477 1599 3576 1637 eos
3599 1589 3732 1638 tan-

2082 1674 2206 1724 tum
2234 1670 2333 1740 qui
2367 1671 2427 1725 in
2450 1672 2579 1725 istis
2609 1672 3047 1727 calamitatibus
3074 1672 3361 1742 patientia
3405 1671 3495 1726 usi
3539 1668 3728 1743 pieta-

2082 1765 2199 1813 tem
2231 1776 2351 1814 non
2382 1759 2793 1832 prodiderunt,
2838 1767 3015 1832 atque
3057 1767 3196 1815 tunc
3246 1756 3531 1815 sublevati
3566 1766 3727 1817 sunt.

2080 1844 2258 1902 Hisne
2289 1848 2516 1920 aliquid
2548 1850 2875 1905 evidentius
2908 1849 3025 1905 dici
3059 1850 3304 1921 potest?

314 1931 512 2002 ἐπειδή
540 1934 593 1988 ἐν
628 1934 759 2007 μηνὶ
790 1940 877 1989 καὶ
911 1933 1086 2006 ἥμισυ
1124 1935 1293 2005 μηνὸς
1325 1935 1421 2002 τήν
1456 1929 1743 2006 συμϐολὴν
1778 1928 1969 2004 συνέϐη
2002 1935 2265 2007 γενέσθαι,
2300 1932 2350 1989 ἐν
2449 1934 2641 2009 γέγονε
2668 1936 2877 2011 καθαρᾶ
2908 1938 2941 2004 ἡ
2973 1936 3091 2004 νίκη
3126 1932 3214 1990 καί
3314 1932 3585 2005 παντελὴς
3616 1939 3725 1990 τῶν

309 2023 674 2097 ἐπικειμένων
705 2029 884 2079 κακῶν
913 2020 1231 2097 ἀπαλλαγή.
1265 2023 1448 2079 Εἶπὼι
1485 2023 1612 2098 γὰρ,
1648 2023 1921 2097 Μακαριος
1954 2023 1981 2078 6
2013 2022 2310 2096 ὑπομείνας
2336 2023 2425 2078 καὶ
2458 2024 2660 2103 φθάσας
2695 2023 2771 2086 εἷς
2803 2024 3015 2097 ἡμέρας
3070 2023 3230 2096 ατλε“,
3263 2023 3361 2092 τὴν
3397 2016 3725 2099 ἀπαλλαγὴν

308 2109 584 2181 ἐδήλωσε.
620 2112 718 2166 Καὶ
759 2111 872 2187 οὐχ
896 2109 1085 2175 ἁπλῶς
1128 2113 1288 2167 εἶπεν
1322 2113 1382 2169 Ὀ
1412 2113 1636 2191 φθάσας.
1682 2108 1910 2181 Ἐπειδή
1956 2112 2057 2187 γὰρ
2097 2108 2305 2166 πολλοὶ
2350 2117 2456 2167 τῶν
2511 2106 2892 2183 ἀσεϐησάντων
2937 2107 3078 2167 εἶδον
3113 2110 3210 2180 τὴν
3257 2106 3591 2185 μεταϐολὴν,
3625 2109 3729 2166 οὐκ

310 2200 553 2263 ἐκείνους
589 2200 896 2275 μακαρίζει,
929 2200 1074 2257 ἀλλὰ
1101 2199 1227 2262 τοὺς
1256 2201 1311 2255 ἓν
1338 2205 1454 2264 τοῖς
1483 2203 1693 2275 καιροῖς
1721 2202 1827 2254 τῶν
1868 2203 2049 2254 κακῶν
2084 2199 2477 2273 ὑπομείναντας
2508 2198 2597 2254 καὶ
2631 2201 2707 2273 μή
2742 2196 3041 2275 προδόντας
3069 2200 3168 2270 τὴν
3199 2193 3470 2254 εὐσέϐειαν
3502 2198 3591 2254 καὶ
3623 2205 3724 2268 τῆς

309 2290 542 2351 ἀνέσεως
571 2291 862 2365 τυχόντας.
893 2290 1032 2365 Ἀρά
1055 2310 1107 2344 τι
1134 2290 1342 2344 τούτων
1375 2287 1695 2364 σαφέστερον
1722 2287 1919 2364 γένοιτ’
1951 2288 2012 2343 ἃν
2037 2308 2051 2358 ;

389 2382 523 2453 Ὥρα
556 2376 621 2449 δὴ
656 2379 849 2435 λοιπὸν
898 2376 986 2433 ἐπὶ
1043 2378 1105 2433 τὸ
1165 2379 1503 2451 ζητούμενον
1544 2377 1716 2434 ἐλθεῖν
1749 2377 1837 2432 καὶ
1866 2378 1958 2446 τὴν

2145 2382 2398 2452 Tempus
2428 2398 2565 2453 ergo
2597 2388 2686 2437 est
2735 2386 2799 2436 ut
2828 2376 2901 2437 ad
2950 2380 3288 2436 restitutum
3340 2384 3727 2447 revertamur,

308 2472 596 2542 παροῦσαν
651 2464 1038 2542 αἷχμαλωσίαν
1097 2465 1187 2522 καὶ
1266 2465 1543 2534 δουλείαν,
1601 2463 1673 2521 δι’
1752 2466 1818 2536 ἥν
1876 2466 1962 2521 καὶ

306 2558 491 2614 πάντα
545 2559 911 2631 κεκινήκαμεν
965 2561 1153 2613 ταῦτα.
1217 2560 1342 2615 Ὅτι
1401 2558 1495 2630 μεν
1555 2555 1645 2612 οὖν
1701 2557 1756 2612 αἱ
1822 2561 1968 2631 τρεῖς

306 2647 874 2724 προανηγορεύοησαν
913 2646 1318 2721 αἰχμαλωσίαι,
1373 2648 1408 2716 ἡ
1470 2647 1563 2720 μὲν
1612 2641 1704 2717 ἔτη
1764 2641 1968 2721 ἔχουσα

309 2738 378 2807 υ“,
410 2740 446 2807 ἡ
483 2734 540 2791 δὲ
572 2738 635 2796 θ’.
670 2739 704 2806 ἡ
738 2732 796 2791 δὲ
846 2736 970 2808 τρία
1024 2737 1215 2808 ἣμισυ,
1276 2737 1476 2799 ἱκανῶς
1533 2735 1773 2792 ἐντεῦθεν
1803 2737 1963 2808 ἡμῖν,

310 2826 388 2887 ὡς
419 2826 544 2880 οἷόν
589 2846 671 2895 τε,
721 2820 1119 2881 ἀποδέδεικται.
1177 2818 1316 2896 Φέρε
1373 2822 1439 2894 δὴ
1494 2824 1689 2882 λοιπὸν
1719 2825 1964 2900 καὶπερὶ

306 2914 515 2985 ταύτης
546 2911 808 2986 εἷ’πωμεν.
862 2914 984 2970 *Οτι
1015 2915 1120 2990 γὰρ
1175 2914 1265 2968 καὶ
1320 2913 1445 2990 περὶ
1476 2922 1575 2985 τῆς
1607 2913 1844 2993 ἐσχάτης
1876 2936 1964 2970 τε·

311 3004 516 3079 ταρτης
574 3003 664 3058 καὶ
715 3001 1026 3065 τελευταίας
1082 3002 1529 3082 προανεφώνησεν
1586 3005 1614 3059 ὁ
1670 3005 1961 3085 προφήτης

323 3093 495 3162 οὗτος,
544 3088 700 3147 αὐτὸν
750 3092 1049 3169 παρέξομεν
1109 3092 1200 3148 τὸν
1254 3091 1519 3164 Ἰώσηπον
1574 3092 1838 3168 μάρτυρα,
1870 3096 1962 3149 τὸν

333 3181 400 3237 τε
420 3181 621 3236 ἓκείνων
653 3185 972 3260 φρονοῦντα.
1035 3178 1260 3250 Ἐπειδὴ
1313 3181 1415 3257 γὰρ
1465 3182 1584 3236 εἶπε
1613 3182 1678 3236 τὰ
1708 3182 1831 3255 περὶ
1862 3185 1960 3250 τῆς

326 3271 608 3345 Ἀντιόχου
666 3268 1057 3349 αῗχμυλωσίας
1114 3270 1204 3325 καὶ
1264 3271 1512 3346 μάρτυρα
1548 3273 1639 3326 τὸν
1670 3273 1960 3348 προφήτην

316 3360 641 3435 παρήγαγεν,
703 3357 893 3434 ἐπάγει
950 3359 1040 3414 καὶ
1097 3358 1220 3432 περῖ
1277 3359 1500 3429 ταύτης,
1539 3359 1625 3413 καί
1660 3380 1813 3436 φησγ
1849 3359 1955 3417 Τὸν

302 3448 477 3503 αὐτόν
506 3450 565 3523 γέ
592 3470 675 3504 τοι
705 3447 909 3525 τρόπον
969 3447 1177 3518 Δανιὴλ
1225 3448 1313 3503 καὶ
1362 3449 1484 3523 περὶ
1539 3456 1640 3519 τῆς
1672 3450 1958 3524 Ῥωμαίων

301 3538 609 3612 ἡγεμονίας
640 3539 922 3614 ἀνέγραψε,
956 3538 1043 3592 καὶ
1108 3536 1186 3592 ὅτι
1250 3538 1340 3592 ὑπ’
1388 3537 1562 3594 αὐτῶν
1597 3534 1954 3613 ἐρημωθήσε-

306 3648 420 3695 ται,
488 3628 558 3683 τε
619 3626 972 3703 Ἱεροσόλυμα
1042 3626 1129 3681 καὶ
1198 3628 1226 3681 6
1300 3628 1429 3689 ναὸς
1501 3627 1953 3699 καταλυθήσεται.

298 3718 378 3773 Σὺ
436 3716 495 3773 δὲ
546 3739 641 3790 μοι
700 3718 887 3773 σκόπει
939 3717 1003 3772 τὸ
1061 3715 1365 3797 φιλάληοες
1412 3722 1508 3773 τοῦ
1560 3715 1775 3790 ἀνδρὸς,
1818 3717 1875 3779 ὅς
1907 3719 1954 3773 εί
1987 3757 2028 3820 C

297 3809 390 3863 καὶ
450 3807 710 3870 Ἰουδαῖος
769 3808 856 3877 ἦν,
914 3805 1041 3862 ἀλλ’
1099 3806 1198 3862 οὐκ
1252 3808 1516 3883 ἠνέσχετο
1576 3806 1820 3877 ζηλῶσαι
1852 3809 1950 3876 τὴν

294 3894 605 3967 Ἰουδαῖκήν
661 3896 993 3973 φιλονεικίαν
1047 3917 1107 3951 τε
1173 3896 1262 3951 καὶ
1322 3894 1708 3973 ψευδηγορίαν.
1768 3896 1950 3954 Εἰπὼν

296 3988 405 4064 γὰρ
467 3986 551 4042 ὅτι
609 3985 1036 4060 ἐρημωηήσεται
1090 3984 1157 4042 τὰ
1214 3986 1569 4062 Ἰεροσόλυμα
1618 3989 1709 4043 καὶ
1759 3990 1787 4044 ὁ
1827 3989 1953 4051 ναὸς

294 4075 757 4148 καταλυθήσεται,
816 4079 898 4151 [Ρ.
950 4079 1077 4149 232]
1140 4075 1386 4152 ἔγραψεν,
1447 4076 1527 4132 ὅτι
1588 4074 1648 4133 δὲ
1701 4076 1951 4148 στήσεταί

294 4186 408 4220 που
459 4165 528 4219 τὰ
582 4168 682 4230 τῆς
738 4163 1070 4239 ἐρημώσεως
1129 4166 1307 4220 οὐκέτι
1368 4167 1723 4239 προσέθηκεν,
1763 4164 1952 4236 ἐπειδή

300 4251 448 4327 μηδὲ
472 4254 564 4309 τὸν
612 4256 902 4331 προφήτην
953 4252 1074 4329 εὗρε
1123 4255 1369 4309 τοιοῦτόν
1404 4276 1455 4309 τι
1489 4256 1809 4328 προσθέντα.
1842 4260 1954 4310 Ποῦ

295 4343 485 4397 τοίνυν
517 4341 632 4396 εἶπε
663 4340 867 4409 Δανιὴλ
917 4341 1000 4397 ὅτι
1034 4343 1061 4396 6
1090 4343 1217 4404 ναὸς
1269 4341 1686 4417 ἐρημωθήσεται
1714 4362 1727 4413 ;
1754 4344 1952 4400 Ἄκου-

294 4452 410 4486 σον.
474 4429 695 4501 Ἐπιιδή
755 4431 859 4506 γὰρ
927 4432 1025 4500 τήν
1108 4432 1420 4506 προσευχήν
1481 4430 1685 4502 ἐκείνην
1744 4434 1843 4502 τὴν
1898 4432 1950 4488 ἐν

298 4541 484 4593 σακκῳ
539 4520 630 4575 καὶ
690 4517 878 4592 σποδῷ
931 4516 1250 4590 ἐποιήσατο»
1309 4520 1447 4591 ἦλθε
1513 4517 1757 4597 Γαϐριὴλ
1817 4523 1953 4596 πρὸς

300 4609 488 4677 αὐτὸν,
555 4604 643 4663 καί
732 4626 916 4682 φησιν’
978 4603 1391 4682 Ἐϐδομήκοντα
1474 4604 1773 4682 ἓϐδομσὶδες
1832 4632 1955 4667 συν-

306 4701 623 4771 ετμήθησαν
656 4695 746 4752 ἐπὶ
798 4697 888 4752 τὸν
934 4696 1066 4752 λαόν
1117 4719 1211 4753 σου
1268 4698 1360 4753 καὶ
1418 4697 1506 4752 ἐπὶ
1534 4701 1633 4768 τήν
1663 4700 1825 4755 πόλιν
1853 4702 1951 4770 τήν

303 4789 479 4862 ἁγίαν.
541 4783 681 4843 Ἰδοὺ
739 4785 829 4841 καὶ
909 4785 1136 4842 ἐνταῦθα
1210 4787 1413 4866 χρόνος
1465 4786 1677 4863 ε”ρηται
1737 4788 1798 4843 οὐ
1856 4798 1953 4859 τῆς

300 4874 711 4952 αἰχμαλωσίας,
744 4875 887 4930 ἀλλὰ
922 4879 1040 4947 μεθ’
1069 4875 1192 4930 ὅσον
1223 4875 1423 4955 χρόνον
1456 4870 1686 4949 ἔμελλεν
1718 4881 1752 4948 ἡ
1782 4879 1956 4955 αἰχμ-

292 4965 513 5022 αλωσία
543 4967 966 5035 ἀπαντήσεσθαι.
1003 4966 1130 5020 Εἶτα
1160 4963 1325 5020 πάλιν
1352 4965 1515 5043 φησὶν
1547 4960 1949 5045 ἀκριϐέστερον·

290 5057 397 5114 Καὶ
428 5057 613 5133 γνώσῃ
653 5054 743 5110 καὶ
775 5056 1025 5125 συνήσεις
1056 5052 1163 5110 ἀπὸ
1220 5054 1405 5125 ἐξόδου
1454 5056 1634 5132 λόγων
1675 5064 1771 5113 τοῦ
1811 5060 1947 5115 ἀπο-

288 5145 543 5219 κριθῆναι
575 5143 666 5197 καὶ
713 5147 811 5197 τοῦ
860 5140 1227 5216 οἰκοδομῆσαι
1271 5144 1656 5219 Ἰερουσαλήμ,
1686 5143 1788 5209 ἕως
1815 5151 1943 5219 Χρι-
1981 5126 2025 5187 D

291 5238 429 5290 στοῦ
486 5233 823 5307 ἡγουμένου,
880 5226 1189 5305 ἑϐδομάδας
1248 5237 1290 5302 ζ’
1348 5233 1436 5287 καὶ
1490 5229 1798 5307 ἑϐδομάδας

292 5321 563 5385 Ἐνταῦοα
597 5342 691 5394 μοι
720 5324 997 5396 νουνεχῶς
1031 5321 1287 5396 πρόσεχε*
1328 5322 1391 5376 τὸ
1449 5323 1554 5398 γὰρ
1590 5329 1692 5378 πᾶν
1723 5324 1948 5380 ἐνταῦθα

286 5414 407 5469 ἐστι
432 5414 494 5465 τὸ
525 5409 878 5483 ζητούμενον.
903 5402 1236 5482 Ἐϐδομσὶδες
1260 5409 1350 5464 οὖν
1377 5417 1418 5480 ζ’
1441 5412 1531 5465 καὶ
1554 5407 1851 5484 ἑϐδομαδες

280 5507 410 5576 υπγ’
442 5495 537 5569 ἔτη
572 5496 726 5554 εἰσίν.
761 5492 1101 5570 Ἐὅδομάδας
1150 5499 1255 5573 γὰρ
1301 5498 1409 5576 οὐχ
1465 5502 1689 5575 ἡμερῶν
1721 5499 1946 5567 ἒνταδθα

282 5588 463 5663 λέγει,
492 5583 618 5641 οὐδὲ
650 5589 860 5659 μηνῶν,
894 5583 1019 5640 ἀλλ’
1050 5581 1356 5659 ἑϐδομάδας
1406 5588 1686 5646 ἐνιαυτῶν.
1724 5591 1857 5646 Ἀπὸ
1890 5587 1947 5647 δὲ

283 5677 480 5751 Κόρου
508 5675 597 5730 ἐπὶ
630 5673 923 5747 Ἀντίοχον
953 5675 1042 5730 τὸν
1076 5677 1374 5753 Ἐπιφανῆς
1402 5679 1492 5731 καὶ
1522 5680 1623 5748 τὴν
1657 5677 1948 5757 αἰχμαλω-

284 5767 415 5823 σίαν
463 5764 670 5834 ἐκείνην
741 5761 836 5833 ἔτη
908 5756 1009 5817 εἶσὶ
1083 5760 1217 5842 τίιδκ
1281 5766 1412 5823 Εἶτα
1480 5756 1751 5822 διδάσκων
1797 5771 1943 5842 ἡμᾶς

2078 2471 2247 2542 cujus
2278 2471 2467 2542 gratia
2496 2466 2620 2526 hmo
2652 2469 3029 2537 adduximus,
3064 2475 3123 2524 et
3152 2464 3223 2524 de
3257 2466 3466 2524 ultimo
3505 2466 3732 2522 Iudaeo-

2077 2579 2209 2617 rum
2231 2563 2439 2617 exsilio
2463 2562 2749 2619 dicamus.
2776 2563 2927 2618 Satis
2951 2563 3109 2617 enim
3141 2558 3452 2634 perspicue
3486 2558 3735 2615 demon-

2076 2652 2390 2707 stravimus
2419 2653 2594 2707 trium
2621 2652 2885 2724 priorum
2911 2650 3317 2708 calamitatum
3344 2656 3609 2721 tempora
3639 2666 3731 2704 ex-

2076 2758 2276 2813 presse
2309 2743 2590 2813 prmdicta
2610 2742 2812 2812 fuisse,
2848 2759 3140 2798 annorum
3162 2744 3287 2808 400,
3316 2757 3607 2796 annorum
3636 2738 3725 2825 70’

2075 2848 2365 2887 annorum
2396 2832 2428 2885 3
2459 2849 2506 2885 s.
2541 2826 2816 2887 Dicamus
2845 2848 2979 2903 ergo
3002 2832 3180 2886 etiam
3213 2830 3284 2886 de
3318 2836 3559 2901 quarta:
3584 2845 3724 2884 nam

2073 2920 2145 2975 de
2174 2919 2284 2975 hac
2302 2920 2480 2975 etiam
2503 2927 2714 2991 quarta
2735 2925 2912 2991 atque
2953 2924 3252 2991 postrema
3284 2913 3594 2973 Danielum
3626 2933 3727 2972 va-

2075 3009 2402 3079 ticinatum,
2451 3007 2537 3063 vel
2583 3009 2925 3079 Joseplium,
2989 3008 3289 3062 hominem
3343 3004 3415 3061 ab
3456 3004 3720 3078 ipsorum

2070 3097 2358 3170 partibus,
2392 3103 2601 3153 testem
2633 3098 2814 3154 citare
2836 3097 2994 3153 licet.
3028 3098 3172 3152 Cum
3204 3095 3363 3151 enim
3387 3090 3457 3150 de
3488 3088 3720 3150 excidio

2069 3186 2416 3242 Antiochiae
2444 3186 2675 3242 locutus
2706 3184 2935 3241 Danieli
2981 3185 3321 3240 testimonio
3374 3201 3480 3239 sua
3510 3182 3724 3238 conﬁr-

2070 3280 2312 3345 masset,
2335 3275 2408 3331 de
2430 3281 2639 3347 quarto
2662 3276 2747 3332 sic
2764 3275 2973 3330 infert:
3000 3274 3221 3330 Eodem
3244 3270 3418 3329 modo
3439 3270 3719 3328 Danielus

2069 3365 2249 3420 etiam
2274 3364 2345 3419 de
2377 3366 2779 3420 Romanorum
2804 3365 3053 3436 imperio
3078 3362 3427 3418 vaticinatus
3449 3368 3557 3432 est,
3592 3356 3720 3417 Ilie-

2068 3453 2427 3526 rosolymam
2440 3454 2514 3510 ab
2528 3454 2601 3509 iis
2613 3459 2900 3511 vastatum
2918 3453 3324 3525 templumque
3339 3469 3604 3507 aversum
3621 3450 3715 3508 iri.

2066 3542 2302 3599 Acmihi
2323 3543 2582 3598 veritatis
2605 3543 2867 3598 studium
2890 3544 2951 3598 in
2970 3559 3038 3598 eo
3064 3542 3182 3597 viro
3204 3534 3536 3608 considera,
3561 3536 3710 3596 407

2068 3629 2167 3701 qui
2202 3631 2434 3685 tametsi
2462 3629 2699 3685 Iudaeus
2730 3634 2875 3695 erat,
2897 3622 3200 3684 Iudaicam
3244 3634 3439 3683 tamen
3472 3626 3714 3681 conten-

2067 3712 2243 3774 dendi
2273 3712 2331 3773 et
2358 3714 2687 3774 mentiendi
2716 3712 3021 3773 libidinem
3067 3716 3279 3773 imitati
3327 3712 3537 3769 noluit.
3570 3714 3715 3770 Cum

2066 3809 2224 3863 enim
2257 3808 2554 3863 excidium
2588 3808 2750 3864 urbis
2782 3813 2840 3863 et
2862 3808 3064 3879 templi
3090 3806 3443 3878 scripsisset,
3467 3823 3586 3860 non
3610 3805 3714 3860 ad-

2064 3897 2151 3953 dit
2180 3890 2416 3969 quando
2450 3896 2501 3952 ei
2535 3892 2855 3952 calamitati
2891 3890 3025 3950 finis
3056 3890 3132 3950 sit
3172 3894 3425 3960 futurus,
3459 3894 3598 3965 quia
3628 3893 3720 3966 ip-

2066 4004 2196 4041 sum
2243 4002 2478 4057 quoque
2537 3976 2883 4040 vatemnibil
2931 3978 3047 4039 tale
3107 3978 3405 4039 addidisse
3456 3976 3709 4040 videbat.

2064 4075 2214 4130 Audi
2250 4092 2384 4129 vero
2417 4068 2518 4129 ubi
2551 4069 2831 4130 Danielus
2881 4074 3266 4129 vastationem
3312 4070 3512 4145 templi
3561 4092 3713 4145 prm-

2065 4156 2297 4219 dixerit.
2331 4165 2650 4235 Postquam
2674 4181 2841 4219 sacro
2862 4164 3105 4219 indutus
3131 4169 3188 4217 et
3212 4162 3410 4218 cinere
3436 4180 3711 4234 consper-

2066 4272 2164 4310 sus
2194 4250 2380 4309 Deum
2411 4253 2761 4325 deprecatus
2793 4244 2923 4320 fuit,
2960 4253 3116 4307 venit
3146 4248 3215 4307 ad
3250 4263 3383 4306 eum
3405 4247 3710 4307 Gabriclus

2064 4361 2132 4399 ac
2152 4343 2421 4399 dicitz‘TO
2463 4342 2810 4414 septimanae
2849 4337 3206 4397 deciduntur
3238 4339 3455 4413 populo
3487 4347 3606 4409 tuo,
3655 4340 3712 4393 et

2064 4422 2195 4486 urbi
2228 4432 2466 4485 sancta).
2499 4427 2644 4484 Ecce
2680 4434 2912 4500 tempus
2943 4444 3060 4499 quo
3091 4445 3210 4482 non
3239 4426 3423 4499 ipsius
3456 4418 3707 4481 calamia

2065 4519 2200 4574 tatis
2232 4536 2419 4585 mora,
2454 4512 2556 4574 sed
2587 4512 2825 4589 quando
2851 4518 3005 4573 esset
3034 4518 3234 4573 futura
3255 4535 3323 4572 ca
3346 4512 3709 4588 designatur.

2065 4611 2194 4664 Mox
2224 4604 2558 4680 expressius
2581 4602 2693 4663 ait:
2720 4604 3048 4680 Cognosces
3084 4614 3259 4679 atque
3289 4598 3603 4678 intelliges,
3638 4604 3709 4660 ab

2065 4692 2223 4753 exitu
2255 4692 2566 4765 sermonis,
2600 4715 2734 4753 cum
2762 4694 3065 4753 decretum
3103 4696 3200 4751 ﬁet
3221 4692 3292 4751 de
3325 4690 3715 4751 instauranda

2066 4783 2489 4860 Hierosolyma,
2550 4801 2737 4858 usque
2796 4785 2870 4842 ad
2926 4785 3242 4858 imperium
3293 4784 3477 4853 uncti,
3536 4786 3712 4839 erunt

2064 4880 2410 4951 septimana)
2442 4883 2471 4932 7
2504 4884 2562 4933 et
2588 4876 2934 4951 septimana)
2964 4880 3052 4934 62.
3089 4877 3277 4949 Atque
3311 4876 3405 4931 hic
3439 4872 3583 4930 milii
3619 4873 3709 4928 di-

2062 4968 2312 5042 ligenter
2340 4966 2603 5024 animum
2652 4965 2927 5023 adverte:
2980 4962 3076 5021 hic
3120 4967 3279 5021 enim
3314 4972 3401 5019 est
3451 4965 3507 5018 id
3551 4960 3707 5033 quod

2064 5057 2367 5129 quaeritur.
2404 5050 2758 5128 Septimanaa
2789 5054 2818 5110 7
2852 5058 2909 5110 et
2938 5054 3069 5110 alia)
3101 5054 3169 5109 62
3199 5072 3386 5110 annos
3436 5046 3707 5120 redigunt

2056 5149 2196 5203 483:
2234 5164 2351 5201 non
2384 5142 2543 5201 enim
2576 5140 2829 5212 dierum,
2863 5162 2982 5199 non
3025 5145 3339 5207 mensium,
3374 5132 3475 5196 sed
3520 5156 3705 5194 anno-

2055 5252 2187 5289 rum
2218 5235 2565 5305 septimanm
2612 5228 3046 5304 intelliguntur.
3092 5224 3215 5286 .lam
3264 5248 3298 5285 a
3345 5231 3491 5299 Cyro
3513 5244 3704 5299 usque

2055 5320 2129 5378 ad
2160 5321 2517 5378 Antiochum
2551 5316 2915 5394 Epiphanem
2950 5328 3007 5376 et
3030 5316 3235 5375 urbem
3260 5314 3331 5375 ab
3356 5337 3423 5375 eo
3451 5325 3705 5391 captam,

2054 5411 2195 5466 anni
2230 5417 2367 5465 sunt
2397 5410 2519 5466 394.
2557 5412 2739 5465 Docet
2763 5428 2937 5481 porro
2970 5427 3101 5474 nos,
3137 5427 3171 5464 a
3201 5426 3316 5481 quo
3364 5407 3536 5463 initio
3570 5404 3711 5464 anni

2054 5508 2195 5557 sunt
2215 5500 2603 5557 numerandi:
2639 5518 2758 5556 non
2780 5519 2814 5556 a
2843 5498 2936 5556 die
2970 5496 3214 5569 reditus,
3249 5498 3352 5556 sed
3384 5499 3708 5573 apublica-

2055 5592 2215 5648 tione
2235 5586 2455 5647 decreti
2496 5589 2568 5646 de
2592 5586 2979 5647 instauranda
2996 5588 3162 5647 urbe.
3181 5590 3358 5665 Atqui
3393 5610 3513 5648 non
3534 5594 3709 5665 Cyro,

2056 5681 2157 5736 sed
2190 5684 2510 5736 Artaxerxe
2542 5674 2783 5735 demum
2816 5678 3175 5755 Longimano
3211 5686 3493 5755 regnante
3518 5698 3588 5737 ea
3621 5687 3710 5736 est

2056 5766 2291 5826 refecta.
2326 5772 2471 5825 Nam
2499 5787 2533 5825 a
2563 5762 2757 5825 reditu
2785 5770 3123 5827 Judteorum
3158 5769 3497 5844 supervenit
3535 5766 3706 5824 Cam-
