4118 6288
440 369 569 427 4η

1809 368 2129 448 GEORGII
2174 369 2517 432 CEDRENI

3743 381 3850 441 M8

437 497 630 571 byses,
651 497 868 554 deinde
885 498 1063 571 Magi,
1087 503 1222 571 post
1236 515 1336 556 eos
1355 501 1564 558 Darius
1599 502 1904 574 Hystaspis
1926 501 2105 570 ﬁlius,

2220 499 2382 564 πόθεν
2412 502 2664 576 ἀριθμεῖν
2725 499 2826 573 δεῖ,
2883 504 2966 560 ’ὁτι
3027 503 3126 560 οὐκ
3179 503 3288 560 ἀπὸ
3338 512 3438 575 τῆς
3503 506 3710 582 ἡμέρας
3763 516 3853 580 τῆς

438 588 580 644 indo
602 588 817 644 Xerxes
831 587 989 643 Darii
1030 589 1192 644 filius
1214 595 1273 646 et
1310 591 1911 661 Artabanus,tandcm
1945 591 2098 647 408

441 682 793 734 Artaxerxes
815 678 1218 752 Longimanus
1249 697 1432 754 regno
1465 683 1706 737 Persico
1739 688 1827 736 est
1855 682 2100 754 potitus.

449 768 586 840 Ejus
607 767 773 839 regni
796 783 956 823 anno
979 769 1261 825 vicesimo
1284 771 1556 826 Neemias
1577 772 1876 842 profectus
1893 770 2103 826 urbem

445 855 740 928 reparavit
769 877 782 925 ;
807 857 966 927 quod
984 858 1200 915 Esdras
1225 859 1400 914 nobis
1418 866 1693 916 accurate
1715 865 1934 916 narrat.
1963 860 2103 916 Inde

443 947 489 1002 si
513 963 902 1003 numeremus
933 963 1122 1003 annos
1141 950 1267 1017 483,
1291 967 1536 1021 prorsus
1561 950 1635 1006 ad
1657 949 1952 1006 excidium
1976 951 2106 1022 ejus

441 1037 874 1110 pertingemus.
910 1037 1072 1092 Sicut
1103 1055 1342 1094 rursum
1374 1039 1468 1094 his
1499 1038 1693 1095 verbis
1722 1044 1978 1095 testatua
2009 1041 2102 1094 Jo-

453 1128 706 1200 sephus:
743 1128 904 1184 urbis
927 1133 1128 1185 autem
1160 1135 1219 1184 et
1251 1130 1456 1202 templi
1481 1119 1868 1186 vastationem
1901 1145 2106 1186 secun'

452 1216 593 1272 dum
625 1218 993 1274 Danielicum
1042 1219 1351 1274 oraculum
1401 1221 1634 1276 evenire
1685 1220 1930 1292 contigit
1969 1225 2105 1276 ante

449 1325 642 1364 annos
662 1312 786 1364 408.
811 1311 1154 1382 Propterea,
1178 1311 1393 1382 inquit,
1419 1311 1812 1368 mdiﬂcabitur
1831 1311 2029 1384 platea
2049 1317 2107 1366 et

452 1415 678 1454 murus.
703 1399 848 1454 Cum
870 1417 1007 1472 ergo
1045 1399 1264 1456 refecta
1281 1401 1462 1456 fuerit
1483 1401 1622 1456 urbs
1671 1417 1958 1472 suamque
1988 1399 2104 1455 for-

452 1505 612 1544 mam
633 1491 949 1562 receperit,
983 1495 1123 1545 tunc
1154 1491 1351 1563 incipe
1383 1507 1700 1546 numerare
1729 1492 1800 1546 70
1831 1490 2107 1562 septima-

453 1595 598 1648 nas;
635 1579 849 1650 quibus
882 1580 1088 1650 ﬁnitis,
1120 1580 1418 1636 delebitur
1433 1581 1636 1636 unctio
1658 1579 1990 1636 etcessabit
2011 1579 2102 1652 ju-

451 1668 695 1738 dicium,
727 1669 814 1724 uti
837 1669 1003 1741 prius
1026 1669 1306 1724 diximus.
1329 1669 1637 1725 Enimvero
1659 1675 1792 1741 post
1809 1669 2104 1724 excidium

452 1757 639 1825 urbis,
673 1758 831 1828 quod
863 1758 1221 1829 Vespasiano
1255 1763 1314 1814 et
1342 1759 1466 1814 Tito
1493 1757 1926 1830 imperantibus
1969 1757 2100 1826 fuit,

451 1846 711 1903 Adriano
726 1847 1054 1918 imperante
1065 1848 1108 1912 ,J
1117 1847 1267 1902 udaai
1282 1847 1514 1903 collecti
1537 1847 1700 1902 irrite
1717 1852 1922 1903 contra
1934 1847 2102 1936 Deun:
2137 1872 2182 1936 Β

452 1941 667 1992 conatu
699 1936 957 2009 aggressi
993 1942 1131 1992 sunt
1159 1954 1285 1992 rem
1318 1937 1620 2009 publicam
1651 1937 1966 2008 pristinam
2010 1935 2101 1990 in-

451 2032 736 2082 staurare.
771 2027 883 2082 Sed
911 2027 1208 2082 Adrianus
1241 2044 1343 2082 eos
1365 2026 1548 2082 armis
1581 2027 1828 2086 demuit.
1861 2024 2102 2081 urbem-

450 2133 566 2187 que
594 2115 863 2171 funditus
895 2117 1124 2184 evertit,
1158 2121 1216 2171 et
1247 2115 1532 2188 reliquias
1563 2117 1692 2188 ejus
1723 2131 1931 2172 omnes
1961 2115 2104 2170 abo-

449 2205 629 2271 levit;
681 2205 977 2276 aliamque
1027 2206 1166 2261 inde
1201 2205 1280 2260 ibi
1329 2205 1536 2260 urbem
1587 2205 1850 2260 condens
1899 2203 1970 2258 de
2001 2220 2107 2258 suo

455 2294 697 2350 nomine
717 2295 923 2349 Ailiam
947 2293 1114 2350 dixit.
1138 2296 1342 2365 Itaque
1366 2294 1633 2350 Christus
1664 2299 1797 2365 post
1833 2292 2108 2348 Antiochi

453 2388 723 2454 tempora
745 2383 1043 2438 exhibitus
1066 2389 1124 2438 et
1147 2383 1411 2438 futurum
1433 2383 1726 2439 excidium
1757 2381 2107 2454 praecidens,

455 2470 900 2544 ostendensque
924 2473 995 2527 de
1011 2490 1078 2528 eo
1097 2473 1409 2528 Danielum
1427 2489 1556 2528 esse
1571 2472 1977 2538 vaticinatum,
1999 2471 2106 2526 ait:

457 2563 605 2616 Cum
638 2561 911 2616 videbitis
943 2561 1413 2616 abominandum
1444 2562 1730 2618 vastitatis
1754 2561 2008 2633 signum,
2036 2560 2109 2614 de

457 2668 574 2722 quo
609 2651 892 2706 Danielus
925 2657 1084 2707 vates
1118 2651 1351 2706 locutus
1382 2657 1490 2720 est,
1526 2657 1680 2706 stare
1712 2651 1771 2705 in
1802 2651 1930 2705 loco
1975 2666 2109 2706 san-

457 2746 573 2809 cto,
617 2741 718 2811 qui
749 2739 913 2812 legit,
945 2741 1210 2796 animum
1242 2741 1524 2798 advertat.
1557 2741 1704 2806 Quia
1732 2739 1892 2796 enim
1935 2755 2108 2794 omne

454 2829 850 2885 simulacrum
882 2834 941 2885 et
971 2829 1196 2902 efﬁgies
1230 2831 1486 2885 humana
1517 2829 1783 2886 aJudaais
1813 2828 2112 2884 abomina-

458 2919 539 2974 tio
573 2919 812 2988 dicitur,
845 2935 952 2992 per
1001 2919 1278 2992 ambages
1326 2919 1491 2976 illam
1523 2925 1778 2975 statuam
1828 2919 2108 2985 innuens,

457 3008 638 3064 simul
669 3014 726 3064 et
751 3009 994 3081 quando
1031 3015 1089 3064 et
1118 3027 1152 3065 a
1181 3027 1299 3082 quo
1331 3009 1472 3064 urbs
1505 3015 1663 3064 esset
1707 3005 2112 3064 exscindenda

453 3097 605 3152 409
627 3097 992 3153 monstravit.
1017 3099 1208 3169 Atque
1226 3098 1286 3152 id
1309 3097 1380 3153 de
1405 3097 1686 3154 Romanis
1711 3114 1838 3152 esse
1861 3097 2106 3165 dictum,

451 3185 629 3240 etiam
651 3186 888 3257 Josephi
932 3186 1274 3240 testimonio
1307 3185 1814 3250 docuimus.Quid
1853 3203 1989 3259 ergo
2008 3189 2106 3242 Ju-

447 3273 591 3329 daais
613 3273 1055 3346 superestquod
1078 3273 1322 3330 dicant?
1341 3274 1579 3344 quando
1603 3281 1761 3329 vates
1801 3275 2104 3332 calamita-

456 3369 580 3417 tum
606 3363 784 3417 simul
806 3368 1077 3435 tempora
1091 3363 1481 3434 praedicantes
1505 3363 1952 3436 deﬁnita,hujus
1975 3366 2106 3420 nul-

449 3452 580 3507 lum
603 3451 928 3506 terminum
952 3452 1524 3518 constituerunt,sed
1548 3457 1756 3508 contra
1771 3455 2107 3510 vastitatem

450 3558 583 3596 eam
617 3557 802 3611 usque
835 3540 908 3596 ad
937 3541 1119 3596 finem
1148 3540 1355 3596 mundi
1387 3540 1737 3596 duraturam
1765 3545 2110 3614 pronuntia-

449 3637 679 3686 verunt.
705 3630 972 3701 Satisque
993 3636 1084 3685 est
1111 3647 1146 3686 a
1167 3630 1341 3686 nobis
1359 3631 1856 3700 demonstratum,
1891 3633 1938 3686 si
1984 3633 2108 3704 qui-

447 3719 583 3774 dem
613 3719 751 3774 ﬁnis
783 3725 942 3775 esset
970 3718 1206 3774 futurus
1237 3719 1377 3774 huic
1425 3718 1636 3774 ultimo
1681 3719 1915 3789 exsilio,
1948 3728 2107 3777 vates

449 3809 679 3864 divinos
700 3825 834 3864 eum
847 3809 1030 3866 fuisse
1045 3809 1436 3881 praedicturos
1457 3814 1518 3864 et
1533 3825 1910 3882 nequaquam
1925 3810 2106 3865 silen-

453 3899 533 3953 tio
557 3899 984 3970 praterituros.
1005 3899 1232 3970 Quippe
1255 3899 1594 3970 superiores
1611 3899 1882 3955 miserias
1901 3916 2108 3955 omnes

451 4007 586 4044 cum
602 3990 684 4046 ita
699 3990 1081 4062 praedixerint
1092 3997 1158 4046 ut
1173 3990 1351 4046 simul
1365 3991 1620 4063 spatium
1637 3991 1797 4062 quod
1810 3991 2108 4048 duraturae

449 4085 649 4134 essent
663 4079 1326 4152 deﬁnirent,modosque
1341 4086 1400 4135 et
1416 4086 1678 4152 tempora
1692 4081 2107 4153 exprimerent,

453 4169 624 4226 sicuti
663 4187 734 4227 ex
765 4171 1064 4243 Scriptura
1111 4171 1444 4234 docuimus,
1496 4169 1632 4226 huic
1662 4171 1888 4226 ultimas
1929 4188 2108 4227 nemo

452 4275 658 4316 eorum
711 4265 944 4333 tempus
989 4261 1318 4316 constituit.
1347 4260 1412 4314 Id
1446 4260 1688 4331 quidem
1736 4261 1902 4316 urbis
1933 4266 1992 4315 et
2022 4260 2106 4314 rei

453 4350 706 4422 publicaa
736 4351 862 4406 fore
895 4351 1216 4419 excidium,
1247 4349 1447 4404 addito
1471 4355 1618 4420 quot
1645 4366 1836 4406 annos
1850 4356 1985 4422 post
2013 4365 2109 4404 re-

455 4439 646 4495 ditum
679 4439 972 4512 Babylone
997 4439 1056 4494 id
1079 4444 1428 4494 eventurum
1449 4444 1624 4505 esset,
1649 4439 2002 4494 vaticinatus
2023 4441 2113 4494 est

456 4529 782 4584 Danielus:
815 4530 996 4583 linem
1045 4532 1242 4584 autem
1299 4527 1430 4582 istis
1460 4527 1633 4583 malis
1683 4527 1944 4600 aliquem
1983 4527 2108 4582 fore

2211 587 2502 660 ἐπινόδου,
2534 590 2661 647 ἀλλ’
2711 591 2819 648 ἀπὸ
2873 590 3062 666 ἐξόδου
3118 591 3302 669 λόγων
3359 599 3456 650 τοῦ
3507 595 3854 670 ἀποκριθῆναι

2211 679 2299 734 καὶ
2354 683 2452 736 τοῦ
2483 679 2850 754 οἰκοδομῆσαι
2908 681 3295 758 Ἰερουσαλήμ.
3329 685 3448 741 Οὐκ
3497 684 3583 739 ἐπὶ
3615 684 3771 761 Κύρῳ
3801 686 3852 744 δέ

2213 765 2574 842 ᾠκοδομήθη,
2608 769 2736 826 ἀλλ’
2764 769 2853 826 ἐπὶ
2895 775 2993 826 τοῦ
3042 772 3391 848 Ἀρταξέρξου
3422 778 3519 829 τοῦ
3561 775 3853 850 μακρόχει-

2215 877 2329 932 ροςο
2390 859 2541 914 Μετά
2593 858 2696 936 γάρ
2751 861 2850 928 τήν
2911 857 3140 914 καθοδον
3211 860 3485 931 ἐπανῆλθε
3542 859 3848 936 Καμϐύσης,

2214 946 2330 1002 εἶτα
2360 947 2411 1000 οἱ
2445 948 2650 1023 Μάγοι,
2708 948 2797 1002 καὶ
2858 949 2972 1022 μετ’
3025 948 3263 1012 ἐκείνους
3293 957 3516 1026 Δαρεῖος
3543 951 3852 1022 Ὑστάαποο,

2217 1035 2335 1108 μεθ’
2401 1034 2458 1091 ὅν
2525 1037 2736 1113 Ξέρξης
2803 1039 2831 1092 6
2900 1039 3125 1112 Δαρείου
3190 1040 3283 1094 καὶ
3340 1036 3696 1112 Ἀρταϐάνης.
3733 1043 3856 1098 Εἶτα

2215 1125 2570 1201 Ἀρταξέρξης
2603 1128 2630 1182 6
2675 1129 2999 1204 Μακρόχειρ
3055 1123 3371 1184 ἐϐασίλευσε
3425 1137 3524 1199 τῆς
3582 1128 3854 1206 Περσίδος·

2216 1213 2271 1269 έν
2298 1218 2378 1286 τῷ
2407 1216 2454 1270 κ’
2501 1211 2608 1271 ἔτει
2644 1223 2744 1286 τῆς
2799 1217 3076 1291 βασιλείας
3127 1217 3291 1272 αὐτοῦ
3339 1219 3574 1293 Νεεμίας
3623 1220 3858 1284 ἀνελθὼν

2215 1308 2314 1378 τὴν
2342 1307 2509 1363 πόλιν
2541 1308 2848 1379 ἀνέστησεν,
2905 1310 3038 1382 ἅπερ
3073 1311 3101 1365 6
3153 1309 3386 1385 Ἔσδρας
3442 1307 3680 1386 ἀκριϐῶς
3728 1315 3858 1386 ἡμῖν

2216 1393 2535 1468 διηγήσατο.
2590 1398 2692 1455 Ἀν
2759 1399 2938 1454 τοίνυν
3017 1399 3255 1454 ἐντεῦθεν
3300 1402 3617 1476 τετρακόσια
3667 1399 3859 1478 ὄγδοῆ-

2212 1505 2378 1540 κοντα
2405 1485 2528 1562 τρία
2559 1487 2742 1559 θῶμεν
2800 1480 2920 1558 ἔτη,
2953 1489 3158 1561 ἥξομεν
3210 1485 3418 1552 πέντως
3457 1487 3545 1545 ἐπὶ
3573 1492 3672 1560 τήν
3697 1510 3858 1545 κατα-

2215 1577 2423 1654 σκαφήν
2477 1574 2704 1645 ταύτης,
2766 1576 2842 1640 ὡς
2896 1576 2990 1631 καὶ
3043 1578 3312 1648 Ἰώσηπος
3386 1577 3541 1643 αὖθις
3599 1585 3865 1654 μαρτυρεῖ

2214 1661 2414 1738 λέγων·
2449 1664 2564 1732 Τὴν
2628 1660 2684 1719 δὲ
2733 1669 2835 1733 τῆς
2889 1663 3110 1729 πόλεως
3157 1666 3249 1721 καί
3301 1671 3399 1721 τοῦ
3427 1670 3558 1722 ναοῦ
3587 1667 3862 1742 ἐρήμωσιν

2215 1749 2411 1821 συνέϐη
2469 1753 2711 1829 γενέσθαι
2768 1755 2905 1808 κατά
2965 1754 3065 1823 τὴν
3125 1753 3331 1825 Δανιήλ
3373 1755 3865 1833 προφητείαν,πρδ

2213 1843 2259 1896 υ⁸
2281 1841 2372 1898 καὶ
2406 1843 2456 1912 η’
2486 1843 2786 1918 γενομένην
2839 1843 2994 1902 ἐτῶν.
3047 1844 3144 1899 Διά
3189 1846 3352 1900 τοῦτό
3400 1865 3584 1916 φησιν·
3635 1843 3864 1901 Οἰκοδο-

2220 1932 2522 2006 μηθήσεται
2583 1931 2816 1987 πλατεῖα
2893 1933 2985 1988 καὶ
3064 1935 3402 2010 περίτειχος.
3463 1931 3714 1992 Ἐπειδὰν
3784 1935 3867 1990 οὖν

2218 2021 2421 2096 ἀναστῇ
2453 2019 2544 2076 καὶ
2595 2022 2658 2076 τὸ
2707 2019 2912 2076 οἰκεῖον
2963 2017 3221 2098 ἀπολάϐῃ
3275 2030 3490 2103 σχῆμα,
3544 2025 3634 2078 ἀπ’
3661 2026 3868 2080 ’ἐκείνου

2214 2110 2312 2172 τὰς
2359 2116 2403 2166 o’
2459 2106 2766 2184 ἑϐδομάδας
2795 2110 3035 2186 ἀρίθμει.
3087 2112 3238 2168 Μετά
3298 2109 3355 2168 δὲ
3408 2113 3506 2177 τὰς
3559 2109 3866 2186 ἑϐδομάδας

2218 2197 2730 2274 ὲξολοθρευθήσεται
2787 2199 3024 2276 χρίσμα,
3083 2202 3170 2256 καὶ
3232 2207 3404 2277 κρῖμα
3455 2202 3555 2257 οὐκ
3609 2197 3766 2257 ἔσται
3816 2203 3863 2258 ἐν

2219 2286 2382 2360 αὐτῷ,
2414 2289 2595 2353 καθὼς
2632 2291 2974 2366 προείρηται.
3025 2290 3180 2348 Μετά
3236 2291 3341 2368 γὰρ
3394 2291 3496 2360 τήν
3525 2290 3864 2350 Οὐεσπασια-

2217 2382 2310 2432 νοῦ
2367 2377 2456 2432 καὶ
2515 2377 2682 2436 Τίτου
2739 2380 3036 2454 γενομένην
3096 2379 3376 2454 ἐρήμωσιν
3435 2379 3524 2436 ἐπὶ
3571 2377 3865 2457 Ἀδριανοῦ

2219 2466 2499 2528 συστάντες
2529 2467 2582 2520 οἱ
2615 2463 2867 2523 Ἰουδαῖοι
2925 2465 3254 2538 ἐσπούδαζον
3310 2467 3399 2523 ἐπὶ
3453 2469 3554 2538 τήν
3607 2469 3868 2544 προτέραν

2219 2553 2500 2610 πολιτείαν
2531 2553 2841 2612 ἐπανελθεῖν
2893 2557 2946 2612 οἱ
3003 2556 3224 2631 μάταιοι
3280 2558 3702 2633 θεομαχοῦντες.
3741 2561 3859 2614 Χει-

2221 2646 2536 2720 ρωσάμενος
2561 2643 2627 2714 δὴ
2662 2644 2854 2708 αὐτοὺς
2885 2647 2913 2701 6
2947 2644 3202 2722 βασιλεὺς
3241 2646 3332 2701 καὶ
3362 2647 3462 2716 τὴν
3495 2646 3658 2702 πόλιν
3687 2651 3873 2702 πᾶσαν-

2219 2731 2589 2810 καταστρέψας
2649 2735 2736 2790 καὶ
2794 2735 2860 2790 τὰ
2920 2733 3149 2810 λείψανα
3203 2733 3465 2813 ἀφανίσας
3522 2737 3716 2808 πάντα,
3775 2736 3860 2792 καὶ

2223 2823 2358 2896 μετά
2405 2827 2573 2878 ταῦτα
2629 2823 2798 2894 αὐτὴν
2855 2824 3155 2898 ἀνεγείρας,
3220 2823 3416 2882 Αἰλίαν
3475 2825 3642 2895 αὐτὴν
3687 2845 3851 2900 προσ-

2221 2910 2485 2986 ηγόρευσε
2541 2913 2678 2968 κατά
2728 2913 2826 2981 τὴν
2881 2912 3050 2969 αὐτοῦ
3105 2911 3435 2986 ἐπωνυμίαν.
3469 2915 3621 2972 Ὅθεν
3659 2917 3686 2969 6
3723 2917 3850 2981 Χρι-

2219 3001 2342 3064 στὸς
2401 3003 2536 3074 μετά
2593 3001 2884 3079 Ἀντίοχον
2937 3003 3028 3058 τὸν
3087 3005 3358 3081 Ἐπιφανῆ
3413 3002 3851 3080 παραγενόμενος,

2217 3091 2308 3146 καὶ
2337 3096 2744 3168 προαναφωνῶν
2798 3094 2898 3162 τήν
2954 3090 3264 3166 μέλλουσαν
3322 3087 3531 3150 ἔσεσθαι
3570 3091 3860 3168 αἰχμαλω-

2219 3179 2359 3250 σίαν,
2389 3181 2476 3236 καὶ
2511 3177 2720 3242 δεικνὺς
2760 3181 2843 3236 ὅτι
2902 3183 2930 3237 6
2985 3181 3188 3250 Δανιήλ
3244 3182 3368 3258 περί
3423 3182 3590 3252 αὐτῆς
3617 3187 3866 3257 προεῖπε,

2218 3268 2399 3348 φησίν·
2431 3271 2596 3326 Ὃταν
2657 3273 2739 3345 [Ρ.
2768 3273 2894 3345 233]
2954 3269 3108 3343 ἴδητε
3160 3273 3223 3328 τὸ
3273 3270 3560 3348 βδέλυγμα
3595 3279 3694 3341 τῆς
3739 3271 3869 3348 ἐρη-

2221 3357 2468 3432 μώσεως,
2499 3360 2562 3415 τὸ
2620 3358 2781 3435 ῥηθὲν
2850 3357 2940 3415 διὰ
2999 3361 3206 3432 Δανιὴλ
3264 3364 3573 3439 προφήτου,
3613 3362 3790 3424 ἑστὼς
3820 3359 3870 3415 έν

2214 3449 2370 3521 τόπῳ
2437 3449 2598 3526 ἁγίῳ,
2661 3451 2690 3504 6
2757 3450 3134 3526 ἀναγινώσκων
3197 3451 3411 3510 νοείτω.
3483 3447 3712 3520 Ἐπειδὴ
3775 3451 3874 3526 γὰρ

2218 3537 2354 3592 ἅπαν
2389 3533 2620 3592 εἲδωλον
2650 3537 2740 3593 καὶ
2770 3543 2875 3594 πᾶν
2926 3537 3223 3612 έκτῦπωμα
3262 3539 3550 3614 ἀνθρώπου
3583 3536 3874 3616 βδέλυγμα

2217 3625 2364 3701 παρά
2387 3632 2503 3689 τοῖς
2536 3623 2820 3689 Ἰουδαίοις
2874 3627 3144 3696 ἐκαλεῖτο,
3210 3625 3634 3706 αἰνιγματωδῶς
3665 3627 3872 3704 ἐμφαί-

2216 3737 2322 3770 νων
2375 3717 2465 3770 τὸν
2495 3713 2788 3792 ἀνδριάντα
2823 3715 3051 3788 ἐκεῖνον,
3110 3717 3256 3790 ὁμοῦ
3317 3719 3406 3772 καὶ
3469 3717 3598 3773 πότε
3629 3720 3729 3773 καὶ
3783 3719 3885 3773 ὑπὸ

2213 3803 2359 3868 τίνος
2419 3803 2566 3860 ἔσται
2633 3809 2667 3875 ἡ
2728 3805 3087 3882 αἰχμαλωσία
3143 3806 3607 3882 προανήγγειλεν.
3664 3804 3884 3864 Ὀτιδὶ

2216 3896 2339 3970 περὶ
2398 3901 2508 3951 τῶν
2573 3897 2862 3971 Ῥωμαίων
2919 3896 3133 3971 εἴρηται
3186 3902 3374 3967 ταῦτα,
3431 3899 3522 3953 καὶ
3597 3899 3880 3969 Ἰώσηπος

2221 3990 2502 4059 μαρτυρεῖ,
2533 3987 2710 4048 καθὼς
2741 3985 3074 4064 προὲφημεν.
3132 3987 3224 4048 Τίς
3283 3985 3376 4042 οὗν
3424 3987 3609 4050 αὐτοῖς
3642 3988 3882 4044 ὑπολεί-

2217 4093 2373 4128 πεται
2409 4072 2603 4130 λοιπὸν
2661 4074 2867 4150 λόγοςς
2930 4077 3092 4133 Ὀταν
3139 4075 3234 4138 τὰς
3275 4076 3369 4150 μὲν
3399 4075 3805 4151 αἰχμαλωσίας
3835 4075 3883 4132 οἰ

2217 4169 2494 4242 προφῆται
2549 4165 2846 4244 φαίνωνται
2905 4165 3040 4237 μετά
3092 4162 3462 4240 διωρισμένων
3515 4165 3746 4240 χρόνων
3808 4165 3885 4222 εἰ·

2217 4253 2430 4321 πάντες,
2459 4253 2626 4328 ταύτῃ
2665 4252 2722 4310 δὲ
2769 4254 2972 4328 μηδένα
3011 4256 3212 4330 χρόνον
3243 4255 3536 4330 ὁρίσαντες,
3570 4255 3726 4312 ἀλλὰ
3754 4256 3882 4312 ’το-3ο

2218 4341 2430 4398 ναντίον
2481 4341 2723 4406 εἰπόντες
2774 4343 2858 4398 ὅτι
2910 4343 3078 4423 μέχρι
3130 4341 3439 4406 συντελείας
3486 4338 3635 4400 ἔσται
3671 4347 3714 4414 ἢ
3751 4343 3884 4420 ἐρή-

2223 4453 2418 4506 μωσις.
2451 4435 2576 4490 ’Ότι
2613 4433 2705 4506 μὲν
2735 4432 2781 4488 εἰ
2823 4431 2988 4496 τέλος
3043 4435 3079 4503 ἦ
3139 4438 3386 4506 παροῦσα
3415 4429 3619 4508 ἔμελλε
3649 4431 3890 4490 δουλεία

2222 4521 2515 4595 Λήψεσθαι,
2547 4521 2634 4576 καί
2668 4526 2832 4578 τοῦτο
2861 4523 2922 4578 ’ἀν
2957 4527 3222 4596 προεῖπον
3253 4523 3304 4578 οἱ
3346 4531 3624 4600 προφῆται
3655 4523 3756 4579 καὶ
3789 4523 3890 4578 οὐκ

455 4633 650 4688 neque
672 4616 772 4673 ille
784 4634 978 4689 neque
997 4617 1316 4689 quisquam
1339 4617 1584 4672 omnino
1607 4623 1805 4673 vatum
1819 4617 2106 4690 prmdixit:

2227 4603 2506 4685 ἔσιγησαν,
2569 4611 2770 4674 ἱκανῶς
2845 4608 3216 4684 ἀπεδείξαμεν,
3300 4613 3398 4674 τὰς
3481 4610 3887 4688 αἰχμαλωσίας

453 4706 597 4776 imo,
653 4707 740 4762 uti
801 4707 1083 4775 diximus,
1135 4707 1501 4763 contrarium
1556 4707 2113 4778 pronuntiaverunt,

452 4811 641 4866 usque
672 4795 746 4850 ad
778 4795 960 4851 finem
993 4795 1205 4852 mundi
1237 4796 1298 4851 in
1323 4796 1452 4851 istis
1475 4795 1736 4852 miseriis
1760 4795 1991 4851 futuros
2018 4796 2113 4850 Ju-

453 4885 633 4942 dzeos.
667 4887 848 4958 quue
879 4885 1200 4941 admodum
1232 4889 1698 4940 consentaneum
1731 4883 1876 4952 fuit;
1910 4889 1968 4940 et
1987 4888 2114 4938 tan'

449 4981 575 5030 tum
607 4975 679 5032 ab
711 4976 815 5031 illo
847 4975 1080 5032 excidio
1114 4975 1402 5046 temporis
1431 4973 1701 5044 elapsum
1734 4973 1808 5028 iis
1839 4973 2108 5029 testimo-

450 5065 616 5121 nium
648 5065 942 5138 perhibet,
977 5081 1093 5136 quo
1127 5069 1249 5119 toto
1271 5079 1346 5118 ne
1396 5062 1708 5134 vestigium
1756 5061 1997 5134 quidem
2027 5061 2114 5116 ul.

449 5155 571 5210 tum
593 5160 696 5210 aut
716 5153 1078 5226 principium
1111 5153 1282 5208 bonae
1307 5151 1655 5206 mutationis
1677 5167 1805 5206 sese
1828 5151 2106 5206 ostendit.

448 5243 519 5298 Et
544 5243 786 5313 quidem
816 5243 1002 5298 Judaei
1023 5259 1180 5314 smpe
1204 5241 1401 5296 conati
1423 5240 1714 5313 templum
1731 5241 1976 5296 reticere
1999 5241 2108 5296 sub

451 5331 732 5399 Adriano,
783 5333 1171 5406 Constantino
1213 5337 1271 5387 et
1317 5329 1573 5400 Iuliano,
1625 5331 1904 5402 prohibiti
1948 5337 2107 5406 sunt,

452 5422 710 5490 primum
733 5403 974 5492 quidem
989 5438 1022 5476 a
1048 5420 1359 5488 militibus,
1374 5419 1484 5476 sub
1503 5419 1739 5476 Jnliano
1761 5425 1962 5476 autem
1984 5403 2104 5494 igni

451 5525 522 5562 ex
555 5507 964 5565 fundamentis
995 5513 1345 5581 erumpente
1383 5525 1710 5580 eorumque
1743 5509 2110 5582 intempesti-

454 5613 592 5652 vum
623 5602 801 5667 atque
820 5596 1069 5666 impium
1100 5603 1378 5652 conatum
1396 5601 1720 5654 avertente.
1746 5597 1952 5653 Dicant
1974 5613 2108 5652 vero

453 5686 624 5743 nobis
656 5683 940 5757 quidnam
961 5700 1153 5739 causa:
1180 5686 1334 5740 410
1359 5684 1457 5752 sit,
1499 5685 1660 5756 quod
1691 5689 1749 5740 et
1775 5685 1834 5739 in
1867 5687 2106 5758 .Egypto

2224 4697 2431 4761 ἁπάσας
2513 4699 2648 4772 μετά
2721 4697 3082 4776 προρρήσεως
3167 4697 3430 4774 δείξαντες
3502 4699 3894 4776 ἐπενεχθείσας

2222 4788 2432 4850 αὐτοῖς’
2475 4787 2705 4860 ἑκάστης
2753 4789 2855 4864 γὰρ
2901 4790 3108 4844 τούτων
3165 4790 3256 4845 καὶ
3312 4791 3549 4866 τρόπους
3599 4790 3693 4846 καὶ
3751 4789 3892 4865 χρό-

2221 4897 2351 4939 νους
2409 4878 2999 4956 προανακηρυχθέντας
3079 4876 3169 4934 διὰ
3249 4883 3360 4934 τῶν
3438 4880 3596 4943 θείων
3653 4883 3898 4956 Γραφῶν

2220 4962 2598 5042 ἀπεδείξαμεν.
2651 4969 2735 5042 Τῇ
2787 4968 3037 5043 παρούσῃ
3089 4965 3147 5023 δί
3193 4965 3371 5030 οὐδεὶς
3402 4971 3690 5044 προῳήτης
3723 4967 3900 5044 ὥρισς

2224 5055 2449 5133 χρόνον,
2503 5054 2632 5112 ἀλλ’
2690 5056 2774 5112 δτι
2837 5058 2930 5130 μὶν
2985 5057 3102 5126 ἥξει
3139 5058 3229 5112 καὶ
3287 5055 3562 5131 ἐρημώσει
3593 5039 3895 5131 πάντα,καῖ

2223 5147 2557 5216 μεταστήσει
2610 5146 2709 5215 τήν
2766 5142 3075 5212 πολιτείαν,
3131 5144 3221 5200 καὶ
3283 5146 3418 5218 μετά
3473 5146 3640 5201 πόσον
3679 5133 3901 5222 χρόνον

2215 5239 2318 5302 τῆς
2377 5232 2437 5288 ἐκ
2492 5227 2824 5296 Βαϐυλῶνος
2883 5230 3149 5288 ἐπανόδου
3208 5229 3568 5307 συμϐήσεται,
3615 5235 3890 5310 προεῖπεν

2224 5323 2252 5378 6
2285 5321 2520 5390 Δανιὴλ,
2553 5323 2640 5377 ὅτι
2669 5319 2728 5378 δέ
2760 5321 2920 5384 τέλος
2950 5319 3056 5393 ἕξει
3101 5323 3192 5378 καὶ
3246 5323 3496 5392 στήσεταί
3523 5345 3628 5379 που
3654 5325 3727 5379 τα
3756 5325 3904 5381 κατά

2231 5415 2419 5480 ταῦτα,
2455 5409 2578 5467 οὔτ’
2609 5411 2813 5474 ἐκεῖνος
2839 5409 3114 5482 ἐδήλωσεν
3145 5409 3256 5468 οὔτ’
3283 5410 3456 5474 ἄλλος
3474 5434 3558 5477 τις
3577 5417 3904 5492 προφήτης,

2231 5497 2380 5556 ἀλλά
2409 5501 2500 5556 καὶ
2532 5501 2880 5570 τοόναντίον,
2937 5501 3014 5562 ὡς
3071 5499 3310 5575 εἴρηται,
3368 5507 3628 5576 προεῖπον
3667 5503 3761 5556 δτι
3793 5503 3904 5566 ἓως

2225 5591 2534 5654 συντελείας
2595 5589 2802 5664 καθέξει
2863 5590 3058 5653 αὐτοὺς
3098 5593 3133 5660 ἡ
3191 5589 3540 5666 ταλαιπωρία
3584 5590 3746 5659 αὕτη.
3795 5595 3899 5648 Kc!

2221 5677 2375 5754 μάλα
2431 5681 2681 5743 εἰκότως·
2737 5679 2828 5735 καὶ
2882 5681 2983 5756 γὰρ
3035 5685 3298 5757 μαρτυρεῖ
3349 5685 3468 5744 τοῖς
3517 5679 3841 5756 εἰρημένοις
3871 5683 3903 5736 6
