4118 6288
277 369 395 431 449

1402 317 1941 418 HISTORIARUM
1986 355 2544 423 COMPENDIUM.

3571 324 3694 423 4'50

279 508 542 563 τοσοῦτος
584 499 964 576 διαγενόμενος
1014 494 1216 573 χρόνος
1271 491 1359 548 καὶ
1419 491 1543 548 οὒτε
1594 490 1756 567 ’ἰχνος
1815 488 1935 546 οὔτε

2070 498 2276 550 autum
2310 501 2541 568 tempus
2566 497 2627 552 in
2662 497 2891 569 magnis
2923 499 3180 555 miseriis
3225 505 3483 556 versatos
3540 504 3695 558 lleus

285 591 586 671 προοίμιον
645 594 898 665 χρηστῆς
988 578 1299 658 μεταϐολῆς
1375 579 1766 671 ἐνδειξάμενος,
1849 581 1939 636 καὶ

286 670 455 739 ταῦτα
521 677 795 739 πολλάκις
877 672 1342 753 ἐπιχειρησάντων
1405 670 1578 725 αὐτῶν
1647 672 1940 740 ἀναστῆσαι

289 774 380 828 τὸν
411 770 560 838 ναὸν,
591 767 678 824 ἐπὶ
728 763 1018 839 Ἀδριανοῦ
1070 764 1156 817 καὶ
1218 758 1624 816 Κωνσταντίνου
1676 758 1764 814 καὶ
1806 761 1944 816 ’[ου-

292 861 501 931 λιανοῦ,
533 858 625 913 καὶ
675 853 1120 918 διακωλυθέντων
1177 855 1395 927 πρῶτον
1456 850 1550 923 μὲν
1617 849 1722 904 ὑπὸ
1782 869 1942 924 στρα-

295 954 531 1019 τιωτῶν,
564 947 781 1021 ὕστερον
831 942 889 1000 δὲ
940 942 1027 999 ἐπὶ
1082 946 1178 998 τοῦ
1236 936 1551 1018 παραϐἅτου
1611 940 1780 1015 πυρὸς
1834 945 1942 995 τῶν

301 1038 576 1114 θεμελίων
607 1032 1013 1105 ἐκπηδήσαντος
1045 1032 1137 1088 καὶ
1185 1029 1554 1106 κατασχόντος
1605 1029 1797 1092 αὐτοὺς
1844 1033 1945 1094 τῆς

297 1130 528 1206 ἀκαίρου
572 1125 906 1208 φιλονεικίας
951 1145 1009 1179 τε
1054 1123 1146 1179 καὶ
1201 1116 1577 1199 παραϐάσεως.
1616 1122 1775 1185 ’Όθεν
1821 1120 1945 1175 τοί-

297 1243 393 1277 νυν
428 1218 737 1296 λεγέτωσαν
789 1219 949 1289 ἡμῖν,
1009 1212 1156 1276 τίνος
1213 1212 1366 1268 ’ἑνεκα
1422 1210 1474 1266 ἐν
1532 1211 1796 1287 Αῗγύπτῳ
1852 1211 1946 1283 μὲν

294 1314 558 1367 τοσοῦτον
616 1304 989 1383 διατρίψαντες
1050 1301 1250 1378 χρόνον
1328 1300 1380 1355 ἐν
1436 1299 1708 1374 κακουχίᾳ
1759 1298 1949 1363 ἐλέους

292 1398 509 1478 ἔτυχον,
543 1398 633 1453 καὶ
664 1397 739 1460 εἰς
774 1391 1074 1454 Βαϐυλῶνα
1106 1393 1271 1449 πάλιν
1296 1393 1681 1471 ἀπενεχθέντες
1712 1389 1951 1460 ἐπανῆλ-

294 1496 392 1546 θον
427 1490 503 1551 εἰς
550 1489 617 1543 τὰ
668 1484 803 1556 ἴδια,
856 1484 947 1540 καὶ
1007 1484 1098 1539 ὑπ’
1157 1482 1450 1557 Ἀντιόχου
1516 1485 1751 1537 τοσαῦτα
1809 1481 1950 1535 κακά

296 1581 562 1640 παθόντες
590 1578 742 1638 αὖθις
773 1576 910 1650 πρὸς
936 1575 998 1629 τὸ
1036 1572 1299 1647 πρότερον
1353 1570 1663 1642 ἐπανῆλθον
1713 1569 1948 1643 ἀξίωμα,

294 1675 395 1725 νῦν
427 1666 484 1723 δὲ
517 1664 669 1723 οὐδὲν
712 1669 963 1720 τοιοῦτον
1012 1662 1323 1738 γεγένηται,
1381 1660 1528 1718 ἀλλὰ
1578 1661 1946 1716 πεντακοσίων

298 1758 463 1826 ἐτῶν,
494 1762 584 1813 νῦν
616 1754 674 1811 δὲ
702 1754 906 1830 χιλίων
953 1750 1004 1826 ἐξ
1062 1750 1265 1807 ἐκείνου
1320 1748 1643 1807 διελθόντων
1699 1747 1823 1804 οὐδὲ
1865 1747 1951 1804 αἶ’-

2048 583 2366 641 miseratus
2394 591 2506 655 est,
2543 587 2603 642 in
2637 586 2997 658 Babylonem
3031 588 3240 660 captivi
3274 589 3511 645 abducti
3559 591 3697 648 inde

2050 673 2111 727 in
2142 673 2393 745 patriam
2426 675 2659 731 reducti
2693 680 2848 743 sunt,
2884 682 2945 731 et
2974 682 3062 732 tot
3083 678 3258 734 malis
3297 678 3368 734 ab
3400 681 3695 736 Antiocho

2052 763 2245 818 affecti
2276 769 2474 820 tamen
2506 765 2817 836 pristinam
2848 773 3279 838 recuperarunt
3326 768 3699 841 dignitatem,

2052 868 2213 908 nunc
2238 860 2437 910 autem
2468 854 2587 910 tale
2619 855 2771 910 nihil
2802 856 2888 925 ﬁt,
2923 855 3026 910 sed
3054 857 3183 922 500,
3217 858 3334 912 imo
3384 862 3519 913 1000
3569 860 3694 931 jam

2055 943 2277 997 exactis
2307 943 2379 999 ab
2413 943 2640 999 excidio
2663 945 2835 1000 annis
2866 961 2941 1001 ne
2973 945 3230 1016 speciem
3248 947 3489 1018 quidem
3509 949 3695 1005 ullam

2055 1031 2319 1102 priorum
2343 1034 2739 1089 mutationum
2758 1034 3024 1089 videmus
3038 1035 3066 1090 ‘?
3085 1036 3249 1099 Quod
3271 1037 3319 1090 si
3343 1045 3581 1108 peccata
3594 1058 3700 1096 sua

2055 1127 2393 1187 causentur,
2416 1122 2734 1193 dicantque
2767 1122 2899 1178 ideo
2934 1124 3044 1177 sibi
3075 1125 3330 1195 patriam
3360 1144 3479 1181 non
3507 1129 3699 1197 reddi,

2057 1210 2199 1281 quia
2229 1209 2461 1265 delictis
2492 1212 2613 1266 suis
2644 1213 2828 1266 Deum
2862 1212 3241 1283 offenderint,
3296 1215 3453 1269 haud
3483 1217 3586 1271 abs
3639 1235 3700 1272 re

2056 1297 2236 1353 fuerit
2261 1297 2344 1353 ita
2374 1315 2471 1353 eos
2493 1316 2700 1371 rogare
2730 1316 2741 1352 :
2773 1301 3023 1370 Propter
3045 1306 3288 1372 peccata
3319 1308 3573 1369 vestra,o
3602 1307 3702 1360 Ju-

2059 1385 2192 1452 daei,
2227 1391 2388 1441 tanto
2420 1392 2687 1459 tempore
2717 1387 3125 1459 Hierosolyma
3155 1395 3415 1446 extorres
3449 1392 3658 1464 degitis
3679 1394 3705 1448 '2

2059 1475 2208 1541 Quid
2239 1476 2350 1531 hoc
2380 1478 2510 1532 novi
2544 1482 2603 1532 et
2632 1478 2884 1533 inauditi
2919 1484 3007 1534 est
3036 1479 3063 1533 ?
3096 1480 3323 1535 scilicet
3372 1483 3704 1553 antiquitus

2053 1564 2213 1635 juste
2246 1567 2469 1622 vixistis
2504 1572 2562 1621 et
2597 1566 2777 1623 ofﬁcii
2826 1568 3087 1623 rationes
3137 1571 3433 1641 tenuistis,
3484 1590 3551 1628 ac
3583 1591 3704 1629 non

2051 1655 2177 1727 jam
2208 1655 2345 1711 inde
2376 1655 2448 1711 ab
2497 1655 2668 1712 initio
2702 1657 3015 1713 innumera
3058 1658 3218 1714 inter
3264 1660 3477 1717 delicta
3526 1663 3704 1718 vitam

2060 1746 2309 1817 egistis?
2339 1762 2535 1801 nonne
2568 1764 2703 1801 cum
2736 1752 2793 1800 et
2823 1764 2985 1803 mare
3020 1749 3212 1804 scindi
3244 1756 3301 1805 et
3337 1768 3477 1806 saxa
3510 1752 3708 1823 rumpi

298 1868 477 1924 νιγμα
507 1844 766 1916 τοιαῦνης
828 1836 1146 1915 μδτπϐολῆς
1194 1841 1409 1915 ὁρῶμεν
1459 1839 1784 1913 φαινόμενον
1828 1839 1949 1892 οἷον

2070 1840 2263 1906 totque
2296 1836 2415 1891 alia
2436 1837 2723 1892 miracula
2744 1837 3038 1894 vidissetis
3062 1838 3123 1893 in
3149 1840 3487 1907 solitudine,
3511 1849 3710 1898 tamen

298 1938 371 1993 τὸ
399 1936 685 2011 πρότερον.
718 1931 782 1989 Εἰ
816 1929 873 1986 δὲ
900 1931 993 1993 τάς
1023 1931 1292 2005 ἁμαρτίας
1324 1929 1499 1985 αὐτῶν
1558 1924 1950 2005 προϐάλοιντο,

307 2027 403 2080 καὶ
426 2024 653 2090 εἴποιεν,
687 2023 837 2078 Ἐπεὶ
869 2021 1188 2095 ἡμάρτομεν
1221 2024 1298 2090 τῷ
1328 2022 1463 2090 Θεῷ,
1522 2015 1611 2072 διὰ
1646 2022 1807 2073 τοῦτο
1857 2017 1957 2073 οὐκ

307 2109 779 2187 ἀπολαμϐάνομεν
807 2113 906 2179 τὴν
941 2108 1140 2165 οἰκείαν
1171 2110 1377 2185 χώραν,
1411 2106 1577 2163 πάλιν
1609 2105 1653 2162 δ’
1696 2105 1754 2162 ἄν
1808 2106 1953 2162 εἰκό-

304 2228 419 2269 τως
448 2204 643 2267 αὐτοὺς
698 2202 986 2276 ἐρήσομαι’
1048 2198 1147 2254 Διά
1201 2200 1296 2261 τὰς
1348 2197 1612 2272 ἁμαρτίας
1675 2197 1850 2270 ὑμῶν,
1909 2198 1954 2250 ὦ

300 2292 587 2360 Ἰουδαῖοι,
645 2284 746 2362 ἔξω
805 2296 904 2358 τῆς
961 2286 1326 2364 Ἰερουσαλὴμ
1393 2280 1695 2360 διατρίϐετε
1751 2286 1952 2360 χρόνον

293 2388 600 2451 τοσοῦτον;
634 2380 729 2436 Καὶ
768 2378 905 2435 τίτὸ
934 2382 1116 2433 καινὸν
1163 2375 1252 2432 καί
1302 2380 1388 2448 [Ρ.
1439 2376 1565 2450 234-}
1613 2372 1953 2450 παράδοξον;

307 2474 408 2541 Μή
441 2472 542 2546 γάρ
571 2474 663 2525 νῦν
695 2467 748 2524 ἒν
801 2466 1092 2544 ἁμαρτίαις
1146 2469 1270 2537 ζῆτε
1319 2465 1504 2538 μόνον,
1558 2466 1703 2538 παρά
1749 2461 1806 2518 δὲ
1853 2464 1953 2532 τὴν

306 2562 493 2636 ἀρχὴν
525 2559 578 2615 ἐν
608 2557 929 2630 δικαιοσύνῃ
956 2557 1045 2612 καὶ
1083 2556 1498 2631 κατορθώμασιν
1530 2574 1544 2624 ;
1595 2554 1704 2608 Οὐκ
1752 2551 1953 2618 ἂνωθεν

296 2651 395 2706 καὶ
422 2650 473 2723 ἐξ
504 2649 686 2724 ἀρχῆς
719 2646 1147 2722 συνανετράερητε
1200 2644 1563 2718 παρανομίαις
1591 2662 1604 2713 ;
1655 2642 1800 2718 Οὐχὶ
1854 2650 1955 2711 τῆς

310 2738 588 2809 θαλάσσης
622 2734 957 2814 σχιζομένης
1014 2734 1104 2789 καὶ
1165 2738 1272 2790 τῶν
1329 2737 1539 2810 πετρῶν
1601 2732 1953 2809 ῥηγνυμένων

309 2830 402 2884 καὶ
434 2827 708 2883 τοσούτων
743 2827 1033 2899 θαυμάτων
1064 2821 1367 2901 γινομένων
1426 2823 1550 2897 περὶ
1595 2829 1695 2892 τῆς
1745 2821 1956 2897 ἐρήμου

316 2918 757 2993 προσεκυνήσατε
791 2916 989 2990 μόσχῳ
1019 2933 1032 2983 ;
1061 2913 1142 2971 Οὐ
1170 2913 1263 2968 τὸν
1313 2910 1541 2969 Μωϋσέα
1590 2910 1765 2973 λίθοις
1819 2910 1958 2986 βάλ-

318 3006 509 3068 λοντες
539 3004 630 3059 καὶ
661 3003 864 3079 ἑτέροις
898 3002 1111 3076 μυρίοις
1139 3002 1365 3077 τρόποις
1413 3000 1621 3055 ἀνελεῖν
1670 2999 1958 3075 ἐπεχειρή-

330 3117 448 3151 σατε
472 3092 766 3161 πολλάκις,
808 3093 896 3147 καὶ
953 3092 1047 3146 τὸν
1105 3091 1233 3147 Θεὸν
1294 3089 1664 3167 παρωργίζετε
1706 3089 1960 3165 βλασφη-

334 3189 576 3257 μοῦντεςς
631 3184 710 3240 Οὐ
751 3187 831 3251 τῷ
897 3179 1219 3260 Βεελφεγὼρ
1276 3179 1634 3251 ἐτελέσθητες
1691 3180 1771 3237 Οὐ
1827 3179 1953 3240 τοὺς
1985 3222 2028 3284 C

327 3274 478 3336 αἱοὺς
504 3275 645 3347 ὓμῶν
706 3271 795 3327 καὶ
846 3271 940 3332 τὰς
993 3272 1286 3346 θυγατέρας
1326 3268 1546 3325 ἐθύσατε
1597 3274 1713 3331 τοῖς
1755 3268 1953 3342 δαιμο-

317 3363 461 3424 νίοις
488 3362 571 3417 καὶ
616 3361 745 3424 τοὺς
803 3359 1129 3435 ἀλλοτρίους
1189 3358 1343 3422 θεοὺς
1399 3357 1821 3432 ἐθεραπεύσατες
1876 3359 1956 3414 Οὐ

308 3456 418 3507 πᾶν
472 3449 613 3513 εἶδος
680 3450 949 3524 ἁμαρτίας
1005 3449 1095 3504 καὶ
1152 3448 1343 3510 κακίας
1398 3445 1775 3518 ἐπεδείξασθε;
1836 3451 1959 3507 Πῶς

310 3542 410 3595 οὗν
449 3541 589 3614 ὑμᾶς
633 3540 735 3595 οὐκ
773 3539 1087 3616 ἀπεστράφη
1145 3538 1270 3594 τότε
1327 3538 1354 3592 ὁ
1416 3537 1567 3609 Θεὸς,
1624 3536 1768 3592 ἀλλὰ
1824 3535 1962 3609 μετά

304 3632 403 3693 τὰς
438 3628 821 3691 παιδοκτονίας
870 3628 959 3683 καὶ
1015 3629 1110 3690 τὰς
1161 3624 1611 3702 εἰδωλολατρίας,
1674 3627 1808 3699 μετὰ
1859 3627 1959 3695 τὴν

308 3719 534 3789 πολλὴν
568 3718 983 3793 ἀγνωμοσύνην,
1006 3716 1097 3772 καὶ
1123 3718 1407 3795 προφήτας
1438 3716 1614 3793 ἀφῆκε
1668 3717 1797 3785 παρ’
1832 3716 1959 3789 ὑμῖν

310 3813 457 3865 εἶναι
518 3807 833 3885 διαφόρους,
890 3807 981 3862 καὶ
1038 3811 1241 3880 σημεῖα
1298 3806 1611 3882 εἰργάζοντο
1666 3805 1755 3859 καὶ
1834 3803 1962 3859 θαύ-

318 3920 462 3972 ματα
492 3894 807 3972 παράδοξα;
863 3896 1020 3958 Τίνος
1078 3896 1169 3950 οὗν
1225 3892 1399 3951 ἕνεκεν
1459 3893 1631 3950 πάλαι
1692 3894 1788 3969 μὲν
1844 3894 1963 3948 ἀσε-

310 3984 543 4049 ϐοὖντες
608 3986 700 4041 καὶ
759 3986 926 4061 μυρία
975 3983 1433 4061 διαπραττόμενοι
1493 3982 1640 4039 δεινά
1694 3984 1963 4053 τοσαύτης

317 4075 536 4138 εὐνοίας
571 4072 921 4146 ἀπηλαύσατε
949 4074 1095 4147 παρὰ
1152 4077 1287 4129 Θεοῦ
1343 4071 1433 4128 καὶ
1499 4071 1827 4148 προστασίας
1874 4071 1967 4126 καὶ

310 4167 682 4242 προμηθείας,
721 4170 808 4220 νῦν
842 4163 900 4221 δὲ
929 4163 1055 4222 οὔτε
1097 4161 1628 4237 εἰδωλολατροῦντες
1686 4161 1810 4218 οὔτε
1842 4184 1969 4217 παι-

318 4254 698 4319 δοκτονοῦντες
764 4254 815 4310 ἐν
876 4253 1238 4333 αἰχμαλωσίᾳ
1289 4252 1637 4327 ταλαιπωρίᾳ
1698 4249 1966 4328 διάγετε;

316 4348 408 4415 Μὴ
441 4347 548 4420 γὰρ
574 4344 757 4420 ’ἑτερος
813 4346 879 4415 ἦν
922 4344 1053 4407 Θεὸς
1102 4344 1224 4398 τότε
1278 4343 1368 4398 καὶ
1424 4339 1612 4418 ἕτερος
1667 4346 1792 4412 νῦν;
1853 4341 1971 4398 Οὐκ

319 4435 485 4496 αὐτὸς
516 4434 628 4490 ἐστι
656 4432 746 4489 καί
774 4434 801 4488 ὁ
833 4432 1010 4488 ἐκεῖνα
1040 4431 1346 4506 οἰκονομῶν
1377 4432 1470 4487 καὶ
1492 4435 1660 4486 ταῦτα
1687 4434 1775 4484 νῦν
1802 4428 1967 4505 ἐργα-

320 4524 592 4597 ζόμενοςς
628 4524 725 4577 Διά
754 4522 827 4592 τί,
857 4542 947 4576 ττε
981 4521 1152 4595 μείζω
1204 4522 1299 4594 μὲν
1358 4521 1423 4591 ἦν
1471 4520 1538 4575 τὰ
1577 4520 1967 4594 ἁμαρτήματα,

2066 1924 2316 1978 vitulum
2332 1923 2917 1980 adoravistis?Nonne
2932 1928 3130 1982 Mosen
3146 1928 3445 2000 lapidibus
3460 1931 3710 1986 obruere

2063 2012 2387 2083 multisque
2420 2012 2551 2068 aliis
2583 2012 2775 2067 modis
2806 2013 3141 2071 interficere
3171 2032 3578 2088 saepenumero
3610 2036 3712 2092 ag-

2063 2100 2247 2175 gressi
2279 2102 2467 2157 estis‘?
2498 2103 2700 2157 Nonne
2733 2104 2917 2157 Deum
2950 2104 3148 2175 impiis
3179 2105 3352 2162 dictis
3383 2108 3661 2163 irritastis
3686 2109 3712 2163 ’ἶ

2064 2194 2268 2247 Nonne
2302 2191 2689 2263 Beelphebori
2721 2191 2938 2247 initiati
2970 2193 3114 2248 estis
3135 2193 3163 2249 ?
3192 2197 3396 2251 Nonne
3457 2197 3610 2253 ﬁlios
3653 2201 3712 2253 et

2066 2281 2219 2337 filias
2232 2286 2455 2337 vestras
2469 2281 2840 2337 daemonibus
2854 2281 3239 2339 immolastis?
3256 2286 3459 2341 Nonne
3479 2287 3711 2343 alienos

2066 2373 2208 2428 deos
2228 2373 2496 2428 coluistis
2516 2373 2543 2426 ‘?
2574 2374 2777 2427 Nonne
2799 2389 2976 2428 omne
2998 2374 3354 2447 ﬂagitiorum
3385 2394 3452 2433 ac
3471 2378 3714 2434 malitiae

2068 2480 2254 2536 genus
2275 2462 2628 2518 exarcuistis
2653 2462 2681 2517 ?
2699 2463 2807 2528 Qui
2842 2463 2906 2517 fit
2927 2480 3062 2536 ergo
3089 2466 3247 2536 quod
3271 2471 3409 2522 tunc
3440 2469 3595 2523 Deus
3616 2486 3717 2524 vos

2066 2570 2188 2608 non
2221 2558 2312 2607 est
2339 2551 2771 2619 aversatus,sed
2798 2558 2931 2624 post
2960 2554 3336 2612 infanticidia
3366 2562 3718 2629 vestra,post

2067 2642 2284 2713 impios
2316 2641 2687 2698 deastrorum
2720 2643 3078 2715 cultus,post
3107 2649 3435 2702 extremam
3468 2647 3720 2719 ingrati—

2070 2730 2338 2786 tudinem
2370 2747 2504 2786 cum
2536 2736 2695 2786 vates
2726 2732 2890 2786 vobis
2921 2733 3085 2788 misit
3114 2735 3332 2807 varios,
3381 2738 3529 2791 4H
3591 2742 3713 2792 tum

2069 2822 2357 2877 miracula
2384 2828 2443 2877 et
2498 2822 2765 2894 prodigia
2793 2823 3079 2879 inusitata
3133 2826 3361 2881 edidit?
3399 2829 3514 2882 Cur
3574 2829 3716 2883 olim

2070 2916 2232 2966 tanta
2252 2911 2557 2982 impietate
2577 2910 2842 2966 obstricti
2870 2916 2927 2965 et
2945 2916 3028 2966 tot
3047 2912 3285 2985 ﬂagitiis
3308 2932 3376 2970 ac
3394 2915 3718 2971 sceleribus

2069 3000 2331 3071 cooperti
2358 3000 2543 3054 Deum
2575 2999 2658 3054 ita
2687 2998 3041 3055 benevolum
3071 3004 3393 3074 pr0pitium
3426 3009 3600 3075 atque
3635 3010 3721 3060 tu-

2072 3095 2261 3145 torem
2287 3088 2600 3157 habuistis,
2660 3105 2816 3144 nunc
2848 3095 3048 3146 autem
3082 3108 3276 3163 neque
3334 3092 3518 3166 impio
3551 3094 3717 3150 cultu

2071 3194 2265 3249 neque
2288 3177 2605 3232 infantium
2622 3177 2781 3233 caade
2804 3195 2939 3234 eum
2954 3180 3256 3237 irritantes
3279 3183 3342 3237 in
3364 3183 3643 3239 servitute
3658 3188 3718 3239 et

2067 3268 2327 3324 miseriis
2349 3268 2527 3323 vitam
2546 3268 2756 3341 degitis
2777 3268 2805 3331 ἰν
2825 3271 2944 3325 Nisi
2969 3270 3238 3328 fortassis
3264 3273 3417 3329 alius
3444 3292 3603 3331 nunc
3628 3280 3717 3330 est

2068 3374 2245 3429 quam
2277 3356 2579 3428 quondam
2610 3359 2786 3426 Deus,
2820 3375 3014 3430 neque
3046 3360 3202 3417 idem
3235 3367 3294 3418 et
3324 3363 3426 3419 illa
3481 3370 3538 3419 et
3585 3364 3715 3420 haec

2070 3450 2450 3525 egit.Alioqui
2480 3469 2587 3507 cur
2616 3469 2715 3507 vos
2740 3458 2907 3508 tanto
2929 3454 2993 3508 in
3025 3457 3215 3526 pretio
3242 3457 3714 3527 habuisset,cum

2069 3540 2336 3613 graviora
2361 3540 2813 3597 committeretis
2838 3550 3267 3613 peccata,nunc
3292 3563 3426 3603 vero
3450 3564 3585 3602 cum
3608 3548 3719 3602 mi-

2070 3647 2183 3685 nus
2214 3628 2830 3701 delinquitis,omnino
2854 3639 3157 3689 aversatus
3188 3634 3441 3690 inﬁnita:
3475 3636 3724 3709 ignomi.

2068 3720 2184 3774 nias
2217 3724 2540 3790 exponeret
2560 3719 2586 3772 ’ἶ
2619 3724 2694 3773 At
2721 3719 2881 3775 enim
2903 3721 3068 3776 vobis
3098 3723 3433 3779 tacentibus
3463 3725 3549 3779 vel
3571 3725 3722 3795 lapi-

2074 3808 2176 3863 des
2205 3806 2705 3863 vociferabuntur.
2739 3810 2819 3861 Ex
2848 3825 2963 3879 quo
2999 3811 3158 3865 enim
3191 3828 3406 3867 manus
3464 3812 3716 3868 Domino

2075 3897 2383 3966 intulistis,
2416 3914 2591 3969 porro
2632 3913 2825 3967 neque
2857 3900 3145 3954 correctio
3176 3901 3342 3957 vobis
3371 3902 3605 3973 reliqua
3635 3908 3727 3957 est

2075 4004 2268 4057 neque
2290 3986 2459 4042 venia
2476 4002 2670 4057 neque
2690 3985 3021 4042 defensioni
3038 3988 3204 4045 locus
3221 3993 3478 4047 est.Nam
3494 3992 3728 4063 priores

2077 4068 2282 4131 vestras
2313 4074 2548 4146 injuriae
2579 4075 2639 4129 in
2682 4093 2878 4131 servos
2911 4084 3079 4133 erant
3106 4080 3385 4150 profecta:
3445 4098 3479 4136 a
3510 4080 3677 4136 vobis
3714 4097 3729 4135 ε

2077 4163 2307 4219 Christo
2330 4169 2530 4219 autem
2562 4179 2668 4235 per
2697 4163 2992 4220 insaniam
3017 4167 3283 4223 necando
3307 4170 3507 4239 priora
3533 4175 3732 4225 vestra

2079 4253 2307 4309 scelera
2334 4253 2468 4309 novi
2498 4253 2906 4326 magnitudine
2935 4256 3431 4313 oblitterastis.Ea
3452 4259 3522 4314 de
3547 4276 3729 4315 causa

2078 4360 2240 4399 nunc
2265 4342 2629 4416 gravioribus
2658 4343 2967 4415 suppliciis
2999 4346 3407 4403 afﬁcimini.Et
3427 4354 3625 4403 tamen
3650 4366 3729 4405 ne

2079 4434 2164 4489 sic
2194 4433 2435 4504 quidem
2466 4433 2760 4505 majorum
2792 4439 3125 4491 vestrorum
3160 4439 3511 4494 vaecordiam
3542 4443 3722 4510 atque

2080 4523 2309 4577 rabiem
2368 4521 2687 4593 deponitis,
2767 4523 3089 4580 stiamnum
3144 4526 3441 4582 Christum
3527 4528 3728 4600 impo-

319 4590 514 4680 πολλὴ
546 4590 676 4681 δύξα
719 4590 847 4683 ὑμῖν
884 4613 949 4679 ἦν
982 4590 1152 4686 ’παρὰ
1204 4590 1365 4680 Θεοῦ,
1425 4608 1515 4664 ὅτε
1581 4590 1641 4662 δὲ
1696 4590 1960 4662 -ἐλάττονα

2075 4616 2294 4667 storem
2325 4590 2505 4681 atque
2560 4590 2707 4684 legis
2738 4611 3082 4669 violatorem
3141 4615 3476 4687 appellatis.
3513 4590 3633 4682 Qui.
3684 4615 3732 4671 si
3806 4656 3820 4667 .

319 4698 715 4774 πλημμελεῐτε
771 4704 887 4772 νῦν,
954 4698 1238 4761 παντελῶς
1308 4698 1447 4773 ὑμᾶς
1522 4698 1834 4774 ἀπεστράφη
1882 4694 1972 4751 καὶ

320 4788 515 4862 ἀτιμίᾳ
569 4785 876 4864 παρέδωκεν
931 4787 1257 4864 ἀπεράντῳ;
1319 4785 1494 4842 ’Λλλά
1531 4785 1628 4841 κᾶν
1680 4787 1837 4859 ὑμεῖς
1892 4806 1976 4839 σι·-

320 4882 557 4955 γήσητε,
617 4879 669 4933 οἱ
738 4876 882 4933 λίθοι
926 4879 1291 4953 κεκράξονται.
1378 4873 1601 4946 Ἐπειδή
1682 4876 1785 4950 γὰρ
1839 4873 1977 4930 κατά

318 4972 421 5024 τοῦ
453 4966 726 5023 Δεσπότου
755 4968 851 5029 τὰς
921 4971 1110 5042 χεῖρας
1163 4964 1476 5037 ὶξετείνατε,
1533 4963 1623 5021 διὰ
1659 4968 1821 5020 τοῦτο
1878 4964 1977 5020 οὐκ

322 5055 475 5114 ἔσται
526 5056 655 5130 ὓμῖν
715 5053 1003 5132 διόρθωσις
1062 5053 1185 5111 οὐδὲ
1243 5054 1544 5133 συγγνώμη
1605 5055 1799 5111 λοιπὸν
1852 5051 1978 5109 οὐδὲ

324 5144 623 5219 ἀπολογία.
658 5146 790 5200 Τότε
824 5146 918 5219 μὲν
951 5146 1055 5223 γάρ
1114 5146 1190 5207 εἰς
1239 5142 1471 5208 δούλους
1520 5145 1585 5215 ἦν
1632 5144 1701 5200 τά
1747 5144 1976 5218 τολμώ-

329 5256 488 5310 μενα,
521 5239 613 5290 νῦν
673 5232 729 5289 δὲ
792 5235 959 5289 πάντα
1016 5234 1193 5290 ἐκεῖνα
1245 5234 1314 5290 τά
1367 5234 1577 5290 παλαιὰ
1626 5239 1810 5311 σαφῶς
1874 5233 1976 5289 ἀπ-

324 5324 600 5400 εκρύψατε
630 5321 720 5378 διὰ
748 5331 846 5393 τῆς
903 5323 982 5389 εἷς
1020 5325 1112 5380 τὸν
1167 5324 1347 5380 κοινὸν
1408 5322 1682 5394 Δεσπότην
1740 5323 1979 5397 Χριστὸν

330 5414 549 5488 μανίας.
584 5416 739 5468 Ὅθεν
772 5414 861 5468 καὶ
897 5414 1163 5487 μειζόνως
1205 5412 1519 5483 κολάζεσθε,
1577 5412 1669 5468 καὶ
1722 5410 1834 5467 οὐδ’
1889 5410 1980 5466 οὕ-

325 5525 441 5566 τως
500 5502 770 5579 ἀπέχεσθε
823 5509 925 5573 τῆς
980 5509 1247 5578 πατρικῆς
1315 5497 1716 5579 ἒμϐροντησίας
1780 5522 1837 5557 τε
1892 5499 1982 5555 καὶ

332 5593 572 5663 λύσσης,
606 5590 807 5647 πλάνον
844 5591 1000 5647 αὐτὸν
1059 5590 1148 5647 καὶ
1195 5590 1512 5666 παράνομον
1556 5587 1982 5665 ἀποκαλοῦντες,

331 5682 405 5740 Εἴ
421 5685 556 5759 γοῦν
585 5678 796 5745 πλάνος
830 5680 897 5751 ἦν
927 5682 956 5736 ὁ
983 5681 1235 5756 Χριστὸς,
1284 5677 1360 5745 ὥς
1411 5700 1560 5759 φατε,
1611 5679 1702 5735 καὶ
1746 5677 1986 5753 παράνο-

2081 4700 2218 4756 talis
2248 4699 2459 4756 fuisset
2488 4700 2727 4770 qualem
2759 4719 2860 4757 vos
2891 4701 3110 4771 dicitis,
3144 4712 3387 4777 prOpter
3416 4723 3626 4762 necem
3678 4706 3733 4761 ei

2082 4789 2312 4845 illatam
2341 4788 2447 4844 bos
2480 4789 2692 4861 majori
2729 4791 2907 4846 etiam
2948 4809 3126 4865 quam
3157 4800 3296 4849 ante
3326 4796 3389 4850 in
3421 4795 3730 4850 existima-

2084 4880 2247 4935 tione
2280 4894 2408 4934 esse
2440 4878 2847 4935 conveniebat.
2879 4881 2936 4935 Si
2970 4882 3129 4938 enim
3146 4884 3403 4939 Phinees
3434 4900 3554 4939 uno
3587 4883 3734 4955 legis

2084 4968 2390 5024 violatiore
2424 4968 2717 5024 trucidato
2749 4969 2903 5024 iram
2932 4971 3061 5039 Dei,
3095 4988 3226 5043 qua:
3277 4976 3485 5027 contra
3544 4975 3733 5025 totum

2086 5062 2388 5116 exarserat
2417 5058 2723 5129 populum,
2760 5059 3013 5129 placavit
3041 5061 3256 5131 (stabat
3285 5060 3555 5126 enim,ait
3585 5060 3736 5114 Scri-

2087 5153 2280 5220 ptura,
2296 5145 2638 5214 Phinees,et
2662 5146 2935 5217 placabat
2955 5150 3164 5218 Deum,
3188 5167 3255 5204 ac
3278 5148 3455 5203 desiit
3481 5148 3734 5218 occidio,

2089 5253 2275 5307 eaque
2307 5252 2402 5289 res
2434 5234 2522 5289 illi
2546 5234 2800 5305 justitiae
2834 5236 2962 5292 loco
2994 5238 3286 5308 imputata
3327 5238 3460 5308 est),
3512 5243 3735 5308 quanto

2088 5325 2276 5397 magis
2307 5322 2609 5378 vobiscum
2640 5323 2721 5378 ita
2752 5325 2843 5396 agi
2877 5326 3099 5391 debuit,
3134 5327 3180 5380 si
3206 5326 3447 5398 quidem
3479 5327 3529 5382 is
3560 5345 3739 5399 quem

2092 5414 2153 5468 in
2186 5428 2420 5468 crucem
2445 5413 2598 5469 4R2
2634 5414 2834 5486 egistis
2865 5414 3009 5487 legis
3042 5421 3166 5471 erat
3192 5416 3509 5474 violatior?
3539 5419 3741 5475 Audes

2092 5507 2292 5557 tamen
2320 5500 2512 5556 adhuc
2545 5518 2809 5572 quaerere
2835 5503 2992 5559 unde
3023 5511 3253 5561 constet
3285 5507 3471 5563 Deum
3492 5523 3592 5562 vos
3616 5524 3743 5563 om-

2094 5592 2237 5648 nino
2270 5589 2547 5657 aversari,
2585 5607 2721 5647 cum
2751 5592 2993 5663 quidem
3025 5611 3120 5651 res
3153 5596 3281 5668 ipsa
3309 5596 3613 5667 clamet,et
3641 5612 3745 5652 vo-

2096 5697 2229 5739 cem
2258 5679 2401 5737 tuba
2426 5679 2744 5738 clariorem
2776 5681 2913 5739 edat
2943 5683 3108 5741 urbis
3166 5684 3483 5753 excidium,
3537 5684 3745 5755 templi
