4118 6276
467 345 584 440 435

1801 355 2112 418 GEORGII
2156 353 2499 418 CEDRENI

3723 357 3824 414 456

468 511 748 569 Insanitis
779 503 1153 564 sacriﬁcandi
1205 499 1398 557 studio
1454 499 1482 552 ‘I
1538 497 1677 551 Mihi
1735 469 1870 566 ergo
1918 493 2114 567 potius

2240 484 2400 556 Βῆλον
2440 485 2701 554 ἐντεῦθεν.
2733 489 2884 548 Μετὰ
2939 487 3040 564 γὰρ
3101 489 3198 558 τὴν
3251 489 3488 563 μυσαρᾶν
3543 488 3722 563 ἑορτὴν
3767 492 3822 561 ἢν

470 600 816 658 sacriﬁcate.
877 597 1076 665 Neque
1127 597 1328 646 tamen
1385 587 1740 643 immensam
1771 585 1924 640 416
1954 582 2116 637 vobis

473 685 845 746 sacriﬁcandi
903 682 1204 738 licentiam
1280 676 1572 751 permisit,
1640 673 1744 730 sed
1802 671 2119 728 scitissima

471 779 561 834 via
591 783 770 848 atque
800 773 1030 830 ratione
1061 788 1162 826 vos
1192 766 1502 824 revocavit.
1521 767 1600 820 Ac
1617 759 2117 835 quemadmodum

467 868 570 922 ille
597 865 862 920 medicus
896 859 1211 932 cupiditati
1243 855 1581 930 aegrotantis
1629 852 1943 924 indulgens
1990 853 2124 922 post

474 957 686 1031 poculo
709 956 885 1011 domo
919 951 1098 1007 allato
1131 949 1183 1006 ei
1215 947 1535 1021 persuadet
1590 945 1675 1000 uti
1730 960 1852 1000 non
1899 942 2014 998 alio
2054 957 2125 994 ex

471 1066 606 1106 vase
641 1045 914 1119 frigidam
950 1042 1199 1107 biberet,
1233 1055 1418 1110 eoque
1447 1041 1692 1109 parente
1735 1033 1965 1090 occulte
1995 1032 2126 1100 ejus

473 1135 867 1194 familiaribus
927 1131 1238 1187 mandaret
1283 1133 1349 1184 ut
1403 1126 1845 1196 confringerent
1888 1122 2124 1182 vitrum,

475 1229 674 1298 itaque
707 1224 810 1280 ille
843 1239 963 1276 non
996 1218 1479 1276 animadvertens
1501 1220 1560 1270 et
1587 1214 1762 1268 tacite
1795 1211 1867 1267 ab
1898 1227 2004 1266 sua
2025 1225 2123 1263 cu-

474 1297 724 1389 piditate
747 1312 1146 1368 abduceretur
1180 1325 1192 1362 :
1227 1307 1309 1362 sic
1361 1308 1515 1360 Deus
1564 1318 1798 1374 quoque
1839 1297 2128 1355 sacriﬁcia

477 1387 769 1478 permisit,
805 1419 874 1457 ea
905 1401 1033 1472 lege
1061 1404 1128 1453 ut
1155 1414 1276 1453 non
1299 1395 1437 1452 alibi
1471 1399 1764 1448 terrarum
1796 1405 1974 1460 quam
1993 1387 2128 1441 Hie-

479 1477 794 1564 rosolymis
827 1489 1214 1546 ﬁerent.Hinc
1253 1485 1504 1542 Davidus
1536 1483 1617 1538 ait
1649 1500 1661 1538 :
1695 1484 1738 1538 Ο
1769 1483 2006 1547 Deus,te
2028 1477 2131 1548 by-

477 1603 654 1642 mnus
687 1583 749 1637 in
779 1582 954 1636 Sione
979 1579 1151 1634 decet
1186 1577 1412 1647 tibique
1442 1578 1576 1629 vota
1607 1571 1910 1627 solventur
1930 1567 2130 1624 Hiero-

477 1673 724 1746 solymis
753 1669 820 1725 ⁵ο.
858 1669 1083 1724 Deinde
1116 1683 1248 1722 cum
1299 1663 1648 1734 aliquandiu
1697 1659 2133 1715 sacriﬁcassent

474 1745 684 1830 Judaei,
727 1761 928 1816 urbem
984 1774 1114 1813 eam
1155 1755 1382 1820 evertit,
1418 1769 1637 1823 eosque
1717 1749 1846 1822 ejus
1903 1745 2129 1802 excidio

473 1852 665 1922 urbis,
699 1849 884 1905 veluti
917 1847 1185 1904 medicus
1242 1845 1390 1899 vitro
1444 1839 1890 1912 confringendo,
1950 1835 2129 1891 etiam
2159 1870 2206 1936 Β

473 1941 750 1998 nolentes
782 1955 816 1994 a
848 1935 1156 1993 sacriﬁciis
1203 1933 1467 1988 retraxit.
1501 1931 1648 1996 Quia
1704 1928 1866 1983 enim
1923 1928 2125 1996 aperte

475 2049 574 2088 eos
587 2031 824 2104 jubenti
877 2029 1151 2084 desinere
1184 2021 1559 2081 sacriﬁcandi
1587 2037 1816 2078 morem
1857 2021 1974 2074 Deo
2005 2033 2124 2072 non

476 2128 648 2180 erant
670 2121 842 2178 facile
873 2117 1360 2190 obtemperaturi,
1393 2115 1507 2170 loci
1552 2109 1993 2168 necessitudine
2023 2106 2129 2162 ob-

477 2211 694 2279 stricti,
729 2209 866 2264 ideo
891 2225 991 2262 eos
1041 2205 1272 2262 occulte
1319 2205 1392 2260 ab
1433 2221 1504 2259 ea
1531 2201 1787 2258 vassania
1814 2197 2126 2254 revocavit.

475 2303 824 2372 Comparem
855 2313 991 2370 ergo
1023 2298 1208 2351 Deum
1241 2294 1495 2362 medico,
1527 2293 1736 2348 urbem
1767 2287 2002 2362 poculo,
2027 2287 2128 2342 Ju-

475 2389 672 2444 daeum
729 2385 1020 2458 p0pulum
1086 2399 1392 2439 morosum
1477 2387 1653 2450 atque
1719 2375 2131 2434 refractarium

479 2475 813 2550 mgrotanti,
863 2473 1089 2544 frigidas
1145 2472 1311 2543 potui
1370 2467 1741 2525 sacriﬁcandi
1803 2465 2128 2521 licentiam.

477 2567 628 2621 Nam
657 2563 771 2618 nisi
803 2563 957 2617 Deus
994 2561 1105 2616 hoc
1135 2561 1333 2632 ipsum
1363 2558 1736 2614 machinatus
1769 2561 1944 2626 esset,
2002 2571 2134 2626 quae

491 2670 675 2710 causa
703 2657 831 2708 erat
867 2667 972 2706 cur
1001 2653 1231 2705 tantum
1263 2648 1618 2704 sacriﬁcium
1647 2645 1824 2701 unico
1860 2643 1990 2699 loco
2029 2643 2136 2698 cir-

485 2743 940 2808 cumscriberet,
973 2740 1074 2812 qui
1095 2739 1316 2810 ubique
1343 2754 1608 2811 praesens
1637 2735 1804 2792 adest
1848 2740 1906 2790 et
1935 2733 2137 2790 omnia

467 2831 884 2908 _replet?Cur
937 2831 1164 2886 cultum
1221 2829 1280 2882 in
1340 2827 1717 2894 sacriﬁcium,
1777 2823 2135 2880 sacriﬁcium

493 2923 555 2976 in
581 2922 798 2991 locum,
832 2921 1030 2977 locum
1053 2920 1112 2974 in
1145 2922 1374 2974 certum
1421 2923 1673 2988 tempus,
1707 2919 1884 2986 atque
1930 2913 2042 2968 hoc
2073 2912 2136 2966 in

486 3013 726 3068 unicam
757 3010 968 3066 urbem
999 3008 1332 3076 includens,
1358 3023 1488 3062 eam
1516 3004 1729 3061 deinde
1749 3003 1960 3058 urbem
1975 3018 2138 3057 ever-

483 3101 692 3156 tisset?
719 3101 906 3172 quue
936 3099 1194 3154 maxime
1250 3095 1524 3152 mirabile
1583 3100 1675 3150 est
1723 3098 1781 3149 et
1833 3091 2136 3148 communi

480 3189 748 3262 Opinioni
780 3189 1112 3254 adversum,
1141 3188 1286 3242 4H
1327 3185 1484 3256 quod
1518 3188 1636 3239 toto
1669 3182 1810 3239 orbe
1841 3188 2134 3237 terrarum

2227 573 2546 633 ἐπετέλεσαν
2595 584 2712 648 τοῖς
2771 577 3080 652 δαιμονίοις
3145 578 3667 656 μοσχοποιτεσαντες,
3724 573 3828 634 τότε

2225 666 2320 728 τὰς
2349 664 2536 730 θυσίας
2568 666 2848 745 ἐπέτρεψε,
2884 667 3186 742 μονονουχὶ
3241 665 3430 742 λέγων’
3481 665 3730 724 Μαίνεσθε
3751 667 3828 722 καὶ

2233 754 2497 826 βούλεσθε
2525 755 2668 820 θύειν
2697 775 2710 826 ;
2739 757 2946 815 Οὐκοῦν
2979 754 3104 830 ἐμοὶ
3145 755 3316 812 θύετε.
3379 752 3533 809 Ἀλλ’
3587 754 3726 826 ’ὅμως
3753 756 3830 810 καὶ

2227 846 2390 897 τοῦτο
2425 843 2716 921 ἐπιτρέψας
2748 845 2812 902 οὔ
2849 844 3014 924 μέχρι
3042 843 3239 906 τέλους
3295 843 3520 920 ἆφῆγεν,
3579 842 3709 899 ἀλλὰ
3756 841 3830 899 ὃιᾶ

2231 931 2552 1010 σοφωτάτης
2614 931 2846 1008 μεθόδου
2913 932 3079 990 πάλιν
3138 933 3390 1009 ἐνήγαγε.
3449 933 3546 987 Καὶ
3598 929 3758 1006 ὥσπερ
3805 934 3830 986 6

2233 1021 2417 1098 ἰατρὸς
2445 1021 2645 1086 ἐκείνος
2676 1025 3044 1102 συγχωρήσας
3072 1028 3142 1098 τῇ
3201 1020 3457 1096 ἐπιθυμίᾳ
3492 1024 3584 1076 τοῦ
3635 1020 3834 1094 κάμνον-

2233 1131 2348 1182 τος,
2395 1111 2511 1166 εἶτα
2565 1112 2771 1190 φιάλην
2829 1112 3036 1170 οἴκοθεν
3087 1111 3320 1184 κομίσας
3404 1108 3637 1165 κελεύσει
3686 1111 3830 1184 ταύτῃ

2238 1200 2378 1274 μόνῃ
2413 1203 2512 1270 τῆς
2543 1203 2922 1277 ψυχροποσίας
2959 1195 3307 1276 μεταλαϐεῖν,
3339 1197 3430 1256 καὶ
3485 1203 3579 1254 τοῦ
3633 1197 3836 1270 κάμνον-

2232 1309 2327 1352 τος
2356 1288 2661 1352 πεισθέντος
2694 1291 2866 1367 λάθρα
2895 1296 3012 1353 τοῖς
3068 1286 3402 1360 ἐπιτηδείοις
3460 1286 3706 1356 ἐπιτάξειε
3734 1309 3833 1342 συν-

2232 1381 2421 1453 τρῖψαι
2479 1381 2576 1448 τήν
2636 1379 2838 1457 φιάλην
2917 1381 3110 1453 αὐτὴν,
3191 1377 3288 1432 ’ίνα
3368 1377 3718 1441 λανθανόντως
3759 1377 3834 1431 καὶ

2234 1467 2558 1532 ἀνυπόπτως
2632 1468 2796 1524 αὐτὸν
2849 1468 3096 1544 ἀπαγάγῃ
3153 1473 3255 1537 τῆς
3342 1465 3627 1538 ἐπιθυμίας
3679 1466 3834 1534 αὐτῆς·

2237 1555 2380 1610 οὕτω
2409 1559 2498 1611 καὶ
2530 1558 2558 1612 6
2599 1557 2727 1620 Θεὸς
2779 1555 3026 1628 ἐποίησε·
3085 1556 3230 1610 θύειν
3283 1554 3591 1631 ἐπιτρέψας,
3621 1551 3670 1608 ἒν
3691 1551 3837 1608 οὐδενὶ

2235 1645 2388 1718 τόπῳ
2417 1653 2519 1716 τῆς
2550 1645 2870 1717 οἷκουπένης
2901 1644 3048 1701 εἷάσε
3075 1649 3238 1701 τοῦτο
3265 1645 3528 1720 γενέσθαι,
3561 1641 3678 1698 ἀλλ’
3719 1643 3749 1712 ἢ
3794 1642 3836 1697 ἐν

2235 1740 2354 1798 τοῖς
2385 1734 2788 1810 Ἰεροσολύμοις
2845 1737 2932 1792 καὶ
2997 1741 3186 1809 μόνον,
3242 1733 3365 1790 ὅθεν
3425 1733 3583 1812 φησὶν
3625 1729 3836 1788 ὁΔαὸίδ·

2240 1825 2338 1880 Σοὶ
2371 1823 2565 1899 πρέπει
2595 1823 2765 1898 ὕμνος
2794 1827 2820 1880 6
2853 1826 2982 1888 Θεὸς
3017 1825 3066 1882 ἐν
3104 1825 3270 1894 Σιὼν,
3327 1825 3419 1879 καὶ
3475 1821 3558 1878 σοὶ
3602 1819 3841 1890 ἀποδοθή-

2237 1934 2382 1969 σεται
2439 1913 2577 1990 εὐχὴ
2635 1913 2688 1968 ἐν
2749 1913 3134 1989 Ἰερουσαλήμ.
3193 1913 3330 1970 Εἶτα
3407 1909 3589 1980 ἐπειδὴ
3645 1911 3843 1989 χρόνους

2235 2003 2384 2065 τινὰς
2415 1997 2626 2074 ἔθυσαν,
2668 2003 2887 2068 καθεῖλε
2943 2005 3042 2073 τὴν
3103 1999 3294 2059 πόλιν.
3361 2003 3560 2077 “Ωσπερ
3613 2001 3640 2055 6
3689 2000 3843 2072 ίατρὸς

2239 2089 2326 2146 διὰ
2381 2099 2482 2162 τῆς
2531 2097 2629 2147 τοῦ
2684 2093 2907 2156 σκεύους
2962 2085 3278 2166 συντριϐῆς,
3336 2090 3508 2152 οὕτως
3559 2087 3643 2143 καὶ
3679 2088 3705 2142 6
3738 2087 3846 2152 Θεὸς

2239 2177 2327 2236 διὰ
2356 2189 2456 2252 τῆς
2484 2185 2865 2258 καταστροφῆς
2917 2185 3019 2247 τῆς
3074 2178 3297 2244 πόλεως
3352 2179 3443 2234 καὶ
3499 2177 3712 2240 ἃκοντας
3765 2177 3846 2232 αὖ·

2237 2270 2363 2332 τοὺς
2395 2270 2644 2347 ἀπήγαγε
2691 2275 2788 2326 τοῦ
2845 2269 3188 2346 πράγματος.
3257 2267 3415 2326 Ἐπεὶ
3469 2267 3566 2344 γὰρ
3619 2265 3662 2322 εί
3713 2285 3844 2342 φανε-

2243 2363 2352 2434 ρῶς
2381 2359 2544 2415 εἶπεν
2580 2359 2906 2430 Ἀπόστητε,
2957 2358 3056 2414 οὐκ
3107 2357 3168 2414 ἄν
3198 2353 3503 2431 ἠνέσχοντο
3536 2351 3738 2430 ῥᾳδίως,
3773 2350 3844 2408 διὰ

2241 2455 2340 2518 τῆς
2390 2449 2529 2504 κατὰ
2579 2448 2672 2504 τὸν
2729 2450 2900 2504 τόπον
2964 2447 3202 2520 ἀνάγκης
3262 2447 3634 2506 λανθανόντως
3683 2441 3845 2504 αὐτοὺς

2242 2537 2496 2613 ἀπήγαγε
2524 2544 2626 2606 τῆς
2654 2538 2776 2612 περὶ
2805 2536 2866 2591 τὸ
2913 2542 3138 2614 πρᾶγμα
3200 2534 3416 2609 μανίας.
3479 2539 3648 2590 Ἔστω
3693 2530 3842 2588 τοίνυν

2243 2627 2272 2681 6
2301 2627 2394 2700 μὲν
2427 2625 2612 2702 ἰατρὸς
2652 2626 2855 2697 ὁΘεὸς,
2885 2627 2922 2696 ἡ
2981 2623 3038 2680 δὲ
3093 2623 3267 2700 φιάλη
3331 2627 3366 2694 ἡ
3428 2624 3604 2692 πόλις,
3635 2623 3661 2677 6
3697 2619 3746 2676 δὲ
3769 2641 3842 2674 vo-

2243 2721 2348 2771 σῶν
2380 2717 2406 2772 6
2439 2713 2760 2792 δυσάρεστος
2790 2712 2969 2788 δῆμος
2995 2718 3101 2770 τῶν
3155 2710 3464 2784 Ἰουδαίων,
3522 2715 3556 2782 ἡ
3603 2715 3841 2786 ψυχροπο-

2243 2807 2329 2862 σία
2357 2811 2392 2877 ἡ
2423 2807 2530 2862 τῶν
2561 2807 2759 2862 θυσιῶν
2789 2803 3058 2881 ἐπιτροπὴ
3089 2804 3180 2860 καὶ
3213 2802 3452 2874 ἐξουσία.
3508 2803 3572 2860 Εἰ
3631 2802 3720 2876 γὰρ
3773 2799 3834 2870 μὴ

2243 2901 2405 2952 τοῦτο
2435 2889 2706 2965 ἠϐούλετο
2737 2895 3153 2965 κατασκευάσαι,
3185 2893 3337 2956 τίνος
3398 2887 3572 2948 ἕνεκεν
3607 2889 3671 2953 εἷς
3699 2885 3826 2943 τόπον

2244 2983 2338 3041 ἕνα
2422 2983 2724 3040 συνέκλεισε
2777 2985 2878 3054 τήν
2929 2982 3186 3054 τοιαύτην
3241 2981 3431 3038 θυσίαν
3515 2982 3543 3036 6
3600 2976 3824 3052 πανταχοῦ
3895 3022 3900 3031 .

2245 3073 2434 3151 παρὼν
2473 3073 2562 3132 καὶ
2593 3073 2660 3128 τὰ
2688 3073 2859 3128 πάντα
2889 3071 3119 3147 πληρῶν
3155 3091 3169 3142 ;
3201 3071 3366 3134 Τίνος
3426 3071 3586 3150 χάριν
3631 3067 3710 3134 τὴν
3756 3063 3829 3136 μὲν

2249 3149 2502 3240 λατρείαν
2533 3161 2608 3226 είς
2642 3161 2851 3234 θυσίας,
2880 3161 2974 3226 τὰς
3006 3160 3064 3217 δῖε
3094 3160 3276 3226 θυσίας
3337 3161 3414 3222 εἷς
3456 3149 3646 3223 τόπον,
3671 3154 3746 3210 τὸν
3794 3149 3840 3206 δε

484 3239 747 3262 -τ-------
781 3239 1112 3254 -τ--η--Ἵ
1159 3239 1229 3242 με
1262 3239 1274 3240 κ
1338 3239 1431 3256 ιη

476 3277 694 3332 Judzeis
725 3293 1032 3339 concesso,
1092 3273 1194 3328 ubi
1245 3273 1578 3328 sacriﬁcare
1609 3288 1730 3327 non
1787 3270 1947 3337 licet,
2005 3267 2131 3324 sola

2240 3239 2404 3311 τόπον
2476 3251 2553 3313 εἷς
2633 3253 2840 3327 καιρὸν,
2888 3251 2980 3308 τὸν
3068 3247 3124 3304 δὲ
3193 3250 3388 3325 καιρὸν
3470 3247 3544 3310 εἷς
3605 3243 3714 3318 μίαν
3762 3239 3844 3294 πό·

478 3365 886 3437 Hierosolyma
913 3369 1076 3418 vasta
1104 3362 1447 3432 incultaque
1471 3362 1692 3432 jacent,
1728 3361 1788 3414 in
1835 3376 1954 3430 qua
1983 3358 2128 3413 urbe

477 3455 605 3510 sola
665 3453 1000 3510 sacriﬁcare
1049 3452 1210 3522 leges
1267 3449 1562 3504 sinebant.
1597 3450 1678 3503 De
1723 3447 1938 3519 quibus
1986 3463 2130 3502 sane

480 3543 660 3599 etiam
691 3540 928 3598 divinus
961 3557 1155 3596 sermo
1188 3539 1248 3594 in
1287 3537 1628 3610 apostolicis
1683 3535 2132 3591 Constitutioni-

482 3633 594 3690 bus
629 3632 712 3688 ita
735 3631 1040 3702 loquitur:
1081 3631 1208 3684 Jam
1238 3629 1467 3683 Christo
1525 3627 1588 3681 in
1640 3642 1816 3681 carne
1873 3641 1998 3680 rem
2031 3640 2133 3696 ge-

478 3728 646 3780 rente
681 3721 986 3778 evidenter
1018 3721 1172 3776 Deus
1199 3717 1537 3774 Judaeorum
1560 3715 1788 3788 respuit
1816 3715 2129 3784 sacriﬁcia,

478 3829 617 3868 cum
649 3811 690 3867 ii
720 3819 838 3868 tam
871 3827 1025 3882 saepe
1057 3815 1264 3866 contra
1293 3823 1428 3863 eum
1451 3810 2130 3878 peccassent,putarent-

483 3919 596 3973 que
629 3919 692 3957 se
721 3900 1048 3965 sacriﬁciis,
1079 3915 1201 3954 non
1233 3895 1646 3968 resipiscentia
1667 3896 1852 3950 Deum
1897 3895 2130 3966 placare

479 4007 678 4064 posse.
711 3991 797 4045 Ita
819 3989 982 4044 enim
996 3989 1150 4043 Deus
1175 4003 1280 4059 per
1299 4001 1436 4041 suos
1456 3989 1616 4041 vates
1637 3983 1816 4040 dicit:
1841 3986 2130 4049 Quorsum

480 4079 628 4134 mihi
659 4077 796 4133 thus
856 4093 925 4132 ex
959 4074 1110 4132 Saba
1141 4073 1387 4140 oﬁertis,
1448 4079 1505 4128 et
1560 4072 2004 4128 cinnamomum
2063 4088 2133 4126 ex

483 4167 810 4240 longinqua
842 4170 1001 4222 terra
1042 4165 1082 4199 δ’
1119 4165 1146 4220 ‘I
1183 4163 1374 4220 solida
1428 4168 1622 4218 vestra
1667 4162 1962 4218 sacriﬁcia
2011 4179 2132 4217 non

484 4263 626 4314 sunt
651 4257 796 4313 mihi
829 4260 1094 4329 accepta,
1125 4260 1184 4311 et
1211 4255 1464 4310 victimas
1521 4270 1615 4308 me
1665 4271 1787 4309 non
1839 4251 2136 4308 delectant

479 4353 709 4402 vestrae.
743 4345 1062 4401 Conducite
1096 4344 1156 4399 in
1185 4360 1372 4398 unum
1423 4342 1713 4399 sacriﬁcia
1767 4347 1824 4396 et
1865 4341 2133 4396 victimas

483 4441 728 4504 vestras,
761 4439 936 4504 atque
970 4433 1125 4488 edite
1176 4448 1424 4488 carnes:
1484 4449 1604 4486 non
1661 4431 1821 4487 enim
1878 4431 2134 4502 praecepi

481 4521 648 4576 vobis
682 4521 1008 4591 quidquam
1039 4519 1110 4574 de
1143 4519 1448 4574 sacriﬁciis
1476 4519 1682 4574 solidis
1714 4523 1772 4574 et
1803 4517 1970 4572 fertis
2001 4535 2134 4572 cum

2241 3359 2328 3398 Λιν
2389 3343 2698 3418 συναγαγὼν
2776 3340 2942 3410 αὐτὴν
3029 3337 3196 3394 πάλιν
3275 3336 3490 3409 ἐκείνην
3569 3331 3847 3404 κατέστρεψε

2239 3433 2337 3502 τὴν
2422 3431 2585 3488 πόλιν
2653 3451 2667 3502 ;
2747 3429 2849 3486 Καὶ
2916 3429 2978 3484 τὸ
3038 3427 3104 3498 δὴ
3186 3427 3502 3500 θαυμαστὸν
3557 3424 3642 3478 καὶ
3711 3417 3849 3486 παρά·

2241 3519 2418 3594 δοξον,
2475 3519 2556 3575 ὅτι
2615 3525 2759 3574 πᾶσα
2820 3519 2914 3592 μὲν
2975 3519 3010 3586 ἡ
3070 3515 3372 3590 οῗκουμένη
3428 3520 3542 3576 τοῖς
3605 3506 3852 3570 Ἰουδαίοις

2239 3609 2464 3678 ἀνεῖται,
2496 3601 2617 3664 ἔνθα
2647 3607 2746 3663 οὐκ
2773 3601 2942 3678 ἔξεστι
2998 3606 3166 3661 θύειν·
3231 3603 3373 3677 μόνη
3434 3601 3492 3658 δὲ
3540 3604 3574 3671 ἡ
3620 3601 3850 3673 Ἰερουσα-

2241 3699 2386 3778 λήμ,
2419 3695 2470 3752 ἐν
2564 3697 2655 3752 καὶ
2691 3697 2856 3771 μόνον
2890 3695 3036 3770 ἐξῆν,
3067 3689 3266 3756 ἄϐατος
3294 3693 3388 3749 καί
3413 3691 3616 3769 ἕρημος
3668 3683 3851 3778 γέγονεἶ

2355 3787 2368 3804 ι
2437 3788 2466 3807 γ
2606 3785 2616 3806 .
2860 3785 2874 3804 ,
3041 3790 3062 3801 -
3505 3785 3527 3799 .
3739 3777 3749 3794 ρ

2243 3793 2370 3863 Περι
2429 3809 2502 3841 ων
2557 3807 2740 3860 μεντοι
2813 3807 2910 3840 καν
2971 3805 3090 3846 ταις
3158 3781 3571 3846 ἆποστολικαις.
3604 3771 3852 3846 Διαταξεσί

2242 3897 2402 3954 φησιν
2437 3877 2464 3930 ὁ
2496 3879 2638 3938 θεῖος
2672 3873 2857 3952 λόγος·
2885 3871 3028 3945 ’Ήὸη
3063 3871 3120 3930 δὲ
3171 3873 3264 3928 καὶ
3319 3872 3427 3950 πρὸ
3484 3873 3579 3940 τῆς
3633 3865 3852 3939 ὲνσάρκου

2241 3963 2559 4038 οἰκονομίας
2592 3963 2830 4040 ἐναργῶς
2859 3965 2888 4019 6
2921 3963 3050 4025 Θεὸς
3111 3960 3168 4016 εὖ
3231 3958 3383 4034 μάλα
3439 3960 3718 4034 παρῃτεῖτο
3775 3951 3855 4009 τὰς

2239 4059 2346 4110 τῶν
2407 4050 2692 4110 Ἰουδαίων
2736 4039 2739 4040 ν
2784 4053 2990 4121 θυσίας,
3050 4049 3528 4125 ἐξαμαρτανόντων
3585 4044 3660 4107 είς
3721 4039 3857 4096 αὐτὸν

2241 4141 2534 4216 πολλάκις,
2585 4143 2674 4198 καὶ
2737 4141 3004 4216 οἰομένων
3071 4138 3159 4195 διὰ
3227 4139 3435 4206 θυσίας,
3493 4133 3616 4192 ἀλλ’
3671 4131 3726 4188 οὗ
3784 4125 3856 4182 διᾶ

2246 4213 2554 4307 μετανοίας,
2640 4213 3318 4306 αὐτὸν-ἐξευμενίζεσθαι.
3375 4229 3462 4304 [Ρ.
3539 4225 3660 4296 238]
3735 4213 3854 4307 ξυζσῖ

2244 4325 2348 4400 γὰρ
2379 4320 2470 4377 διὰ
2505 4327 2614 4378 τῶν
2674 4326 2995 4402 προφητῶν·
3041 4321 3156 4378 Ἲνα
3190 4319 3245 4374 τί
3318 4338 3412 4391 μοι
3453 4317 3636 4394 φέρετε
3668 4303 3857 4366 λίϐανον

2245 4393 2486 4468 έκῑΣαϐἆ
2516 4413 2606 4468 καὶ
2636 4393 2994 4486 κιννάμωμον
3027 4409 3086 4464 ἐκ
3134 4415 3236 4485 γῆς
3295 4393 3559 4480 μακρόθεν
3595 4420 3608 4472 ;
3649 4393 3850 4486 T6616-

2245 4501 2577 4575 καυτώματα
2635 4501 2786 4574 ὑμῶν
2861 4499 2964 4554 οὐκ
3020 4491 3132 4552 ἔστι
3193 4493 3373 4564 δεκτὰ,
3455 4491 3545 4546 καὶ
3600 4488 3652 4544 αἱ
3705 4481 3854 4548 θυσίαι

481 4626 584 4664 vos
609 4625 683 4663 ex
713 4611 954 4681 {Egypto
1005 4607 1342 4664 educerem.
1387 4609 1675 4672 Quorsum
1734 4607 1880 4662 mihi
1939 4607 2131 4662 multi-

2250 4591 2402 4665 ὑμῶν
2431 4573 2542 4665 οὐχ
2565 4573 2768 4660 ἤδυνάν
2831 4605 2946 4662 μοι’
3012 4585 3125 4655 καὶ,
3166 4583 3503 4658 Συναγάγετε
3539 4577 3602 4634 τὰ
3655 4573 3856 4630 ὁλοκαυ-

2308 4680 2318 4687 .
2519 4679 2533 4687 .
2598 4683 2625 4687 -
2809 4679 2821 4687 .
2897 4681 2923 4687 ..
2993 4678 3016 4687 -
3121 4680 3148 4687 _
3245 4673 3269 4687 ο·
3327 4677 3356 4687 ...
3523 4667 3537 4687 \
3633 4665 3756 4687 1.---
3804 4655 3856 4687 -L

485 4699 628 4754 tudo
689 4699 1117 4753 sacriﬁciorum
1173 4697 1200 4752 Τ
1259 4699 1430 4752 Satur
1481 4715 1611 4752 sum
1698 4697 2140 4754 immolatarum

487 4787 1029 4860 arietum;adipem
1063 4803 1348 4858 agnorum
1372 4802 1438 4840 ac
1462 4787 1812 4858 sanguinem
1836 4791 2143 4842 taurorum

491 4879 913 4948 hircorumque
945 4875 1124 4931 nolo:
1158 4891 1277 4930 non
1331 4875 1582 4930 veniatis
1637 4874 1698 4929 in
1755 4880 2138 4946 conspectum

497 4985 722 5025 meum.
765 4967 908 5032 Quis
965 4965 1125 5020 enim
1177 4965 1301 5020 haec
1359 4963 1432 5019 de
1478 4963 1688 5018 vestris
1724 4963 1999 5018 manibus
2048 4980 2142 5018 ex-

481 5059 610 5132 egit
632 5057 851 5113 ?Porro
895 5055 1116 5111 atrium
1157 5071 1355 5109 meum
1386 5070 1508 5109 non
1537 5051 1863 5108 calcabitis.
1898 5053 2140 5110 Frustra

491 5147 639 5203 mihi
668 5147 925 5202 similam
939 5145 1187 5213 offertis,
1213 5143 1526 5200 abominor
1543 5141 2142 5212 sufﬁtum,novilunia

487 5242 687 5293 vestra
727 5243 783 5292 et
805 5235 1053 5292 sabbata
1082 5240 1140 5290 et
1168 5233 1385 5290 festum
1417 5233 1574 5290 diem
1610 5250 1731 5289 non
1779 5233 1904 5289 fero
1940 5235 2142 5307 :jeju-

485 5325 676 5393 nium,
708 5325 885 5382 ferias
925 5331 983 5380 et
1024 5325 1433 5380 solemnitates
1488 5327 1713 5379 vestras
1771 5322 1898 5378 odit
1943 5323 2143 5380 anima

487 5428 660 5470 mea:
699 5413 939 5469 satietas
987 5415 1164 5470 vestri
1226 5430 1318 5469 me
1378 5413 1552 5484 cepit.
1612 5413 1780 5480 Item,
1841 5417 2059 5470 Amove
2109 5431 2142 5470 a

485 5519 584 5558 me
611 5501 869 5558 sonitum
901 5505 1266 5559 canticorum
1290 5507 1639 5572 vestrorum,
1665 5503 1960 5574 psalmum
1979 5521 2142 5577 orga-

564 5689 615 5726 ⁸ο
641 5689 800 5748 Paul.
829 5705 982 5757 an,
1014 5691 1068 5743 2.
1101 5689 1146 5725 ⁵¹
1179 5691 1294 5745 Jer.
1327 5707 1402 5757 v1,
1437 5693 1526 5746 29.

2253 4680 2482 4754 τώματα
2513 4679 2668 4752 ὑμῶν
2699 4679 2833 4752 μετά
2857 4681 2964 4732 τῶν
2991 4678 3189 4732 θυσιῶν
3245 4673 3418 4746 ὕμῶν,
3451 4667 3540 4724 καὶ
3580 4665 3757 4744 φάγετε
3803 4655 3856 4712 τὰ

2251 4749 2404 4844 κρέα,
2437 4769 2521 4824 ὅτι
2551 4749 2660 4824 ὀὐκ
2689 4749 3044 4840 ἐνετειλάμην
3080 4765 3232 4838 ὑμῖν,
3273 4762 3438 4832 ἡνίκα
3469 4759 3714 4832 ἐξήγαγον
3735 4749 3856 4844 ’ὑμᾶς

2253 4839 2312 4912 έί
2338 4864 2444 4932 γῆς
2475 4855 2772 4934 Αἰγύπτου,
2800 4839 2947 4931 περὶί
2991 4853 3188 4910 θυσίῶν
3249 4849 3338 4906 καὶ
3397 4839 3854 4934 ὁλοκαυτωμάτωνε

2247 4923 2372 5014 Kal;
2400 4923 2467 5002 ’Τί
2513 4923 2605 5019 μδι
2635 4923 2848 5015 πλῆθος
2874 4923 2986 5000 ’τῶν
3026 4944 3224 4998 θυσιῶν
3255 4936 3407 5012 ῧμῶν
3443 4957 3458 5006 ς
3493 4932 3718 5019 Πλήρηςᾲ
3762 4923 3857 5019 sit.“

2249 5035 2731 5110 ὁλοκαυτωμάτων
2787 5041 2983 5110 κριῶν,
3048 5033 3140 5089 καὶ
3198 5028 3354 5104 στέαρ
3415 5025 3586 5102 ἀρνῶν
3641 5017 3737 5110 καὶ,
3781 5011 3854 5110 αἶ’

2253 5145 2328 5198 μα
2408 5127 2620 5201 ταύρων
2708 5129 2798 5180 καί
2882 5123 3098 5200 τράγων
3151 5119 3212 5176 οὐ
3283 5115 3584 5195 βούλομαι,
3653 5094 3854 5201 οὐδ’ξν

2249 5184 2485 5290 ἐρχησθε
2514 5184 2752 5288 θφθῆναί
2781 5184 3056 5288 μοι.¹Ἰ;ίς
3115 5210 3218 5288 γὰρ
3275 5184 3558 5278 ἑξεζήτῇτε
3601 5201 3755 5290 ταῦτα
3808 5184 3858 5240 ἐκ

2250 5281 2455 5382 γει-ρων
2487 5281 2683 5378 ὑμῗυνς
2720 5281 2912 5360 Πατεῖν
2940 5302 3042 5372 τὴν
3071 5281 3248 5369 αόλίήν
3285 5316 3403 5382 μουΔ
3422 5289 3506 5382 Ᾱοῦ
3557 5281 3858 5382 «po-306.05?

2249 5363 2478 5457 gn..qu
2509 5363 2804 5468 νεομηνίας
2845 5393 2996 5466 ὑμῶν
3051 5389 3142 5446 καὶ
3192 5363 3546 5443 τάράϐὅατα
3600 5363 3858 5468 καὶ-ἠιξὲ

2252 5509 2347 5563 ραν
2421 5481 2669 5560 μεγάλην
2729 5483 2827 5540 οὐκ
2881 5481 3178 5559 ἀνέχομαι.
3236 5470 3500 5547 Νηστείαν
3556 5465 3643 5524 καὶ
3697 5455 3858 5534 ἀργίαν
