  <div class='ocr_page' id='page_1' title='image "/cluster/home/n/w/nwhite01/storage/ocr_20150623/121/mdp.39015078384289/236.png"; bbox 0 0 4118 6276; ppageno 0'>
   <div class='ocr_carea' id='block_1_1' title="bbox 214 402 316 462">
    <p class='ocr_par' dir='ltr' id='par_1_1' title="bbox 214 402 316 462">
     <span class='ocr_line' id='line_1_1' title="bbox 214 402 316 462; baseline 0 0"><span class='ocrx_word' id='word_1_1' title='bbox 214 402 316 462; x_wconf 60' lang='grc'>45⁸1</span> 
     </span>
    </p>
   </div>
   <div class='ocr_carea' id='block_1_2' title="bbox 1403 413 2526 477">
    <p class='ocr_par' dir='ltr' id='par_1_2' title="bbox 1403 413 2526 477">
     <span class='ocr_line' id='line_1_2' title="bbox 1403 413 2526 477; baseline 0.002 -2"><span class='ocrx_word' id='word_1_2' title='bbox 1403 413 1943 477; x_wconf 80' lang='lat' dir='ltr'>HISTORIARUM</span> <span class='ocrx_word' id='word_1_3' title='bbox 1991 414 2526 477; x_wconf 83' lang='lat' dir='ltr'>COMPENDIUM</span> 
     </span>
    </p>
   </div>
   <div class='ocr_carea' id='block_1_3' title="bbox 3558 419 3679 476">
    <p class='ocr_par' dir='ltr' id='par_1_3' title="bbox 3558 419 3679 476">
     <span class='ocr_line' id='line_1_3' title="bbox 3558 419 3679 476; baseline 0.008 -1"><span class='ocrx_word' id='word_1_4' title='bbox 3558 419 3679 476; x_wconf 74' lang='grc'>458</span> 
     </span>
    </p>
   </div>
   <div class='ocr_carea' id='block_1_4' title="bbox 221 532 1926 625">
    <p class='ocr_par' dir='ltr' id='par_1_4' title="bbox 221 532 1912 625">
     <span class='ocr_line' id='line_1_4' title="bbox 221 532 1912 625; baseline 0.006 -34"><span class='ocrx_word' id='word_1_5' title='bbox 221 537 304 592; x_wconf 68' lang='grc' dir='ltr'>καὶ</span> <span class='ocrx_word' id='word_1_6' title='bbox 336 538 439 601; x_wconf 70' lang='grc' dir='ltr'>τας</span> <span class='ocrx_word' id='word_1_7' title='bbox 475 541 688 616; x_wconf 70' lang='grc' dir='ltr'>ἑορτὰς</span> <span class='ocrx_word' id='word_1_8' title='bbox 727 547 891 617; x_wconf 78' lang='grc' dir='ltr'>ὑμῶν</span> <span class='ocrx_word' id='word_1_9' title='bbox 918 551 1066 619; x_wconf 89' lang='grc' dir='ltr'>μισεῖ</span> <span class='ocrx_word' id='word_1_10' title='bbox 1113 549 1148 616; x_wconf 79' lang='grc' dir='ltr'><strong>ἡ</strong></span> <span class='ocrx_word' id='word_1_11' title='bbox 1208 549 1361 625; x_wconf 80' lang='grc' dir='ltr'>ψυχή</span> <span class='ocrx_word' id='word_1_12' title='bbox 1408 532 1553 620; x_wconf 80' lang='grc' dir='ltr'>μου.</span> <span class='ocrx_word' id='word_1_13' title='bbox 1587 545 1912 623; x_wconf 79' lang='grc' dir='ltr'>Ἐγενήθητὲ</span> 
     </span>
    </p>
   </div>
   <div class='ocr_carea' id='block_1_5' title="bbox 2039 532 3679 625">
    <p class='ocr_par' dir='ltr' id='par_1_5' title="bbox 2039 548 3679 623">
     <span class='ocr_line' id='line_1_5' title="bbox 2039 548 3679 623; baseline 0.001 -18"><span class='ocrx_word' id='word_1_14' title='bbox 2039 566 2240 605; x_wconf 79' lang='lat' dir='ltr'>uorum</span> <span class='ocrx_word' id='word_1_15' title='bbox 2272 555 2509 605; x_wconf 88' lang='lat' dir='ltr'>tuorum</span> <span class='ocrx_word' id='word_1_16' title='bbox 2530 548 2665 605; x_wconf 91' lang='lat' dir='ltr'>nolo</span> <span class='ocrx_word' id='word_1_17' title='bbox 2696 550 2900 605; x_wconf 86' lang='lat' dir='ltr'>audire</span> <span class='ocrx_word' id='word_1_18' title='bbox 2920 549 2991 604; x_wconf 73' lang='grc'>⁵³.</span> <span class='ocrx_word' id='word_1_19' title='bbox 3023 551 3171 605; x_wconf 92' lang='lat' dir='ltr'>Item</span> <span class='ocrx_word' id='word_1_20' title='bbox 3199 568 3210 605; x_wconf 89' lang='lat'>:</span> <span class='ocrx_word' id='word_1_21' title='bbox 3232 552 3362 606; x_wconf 89' lang='lat' dir='ltr'>Non</span> <span class='ocrx_word' id='word_1_22' title='bbox 3385 551 3679 623; x_wconf 91' lang='lat' dir='ltr'>accipiam</span> 
     </span>
    </p>
   </div>
   <div class='ocr_carea' id='block_1_6' title="bbox 235 629 1916 714">
    <p class='ocr_par' dir='ltr' id='par_1_6' title="bbox 235 629 1916 714">
     <span class='ocr_line' id='line_1_6' title="bbox 235 629 1916 714; baseline 0.005 -31"><span class='ocrx_word' id='word_1_23' title='bbox 235 649 323 699; x_wconf 76' lang='grc' dir='ltr'>μοι</span> <span class='ocrx_word' id='word_1_24' title='bbox 358 629 440 692; x_wconf 71' lang='grc' dir='ltr'>εἷς</span> <span class='ocrx_word' id='word_1_25' title='bbox 470 629 861 706; x_wconf 73' lang='grc' dir='ltr'>πλησμονήν.</span> <span class='ocrx_word' id='word_1_26' title='bbox 895 635 1000 690; x_wconf 76' lang='grc' dir='ltr'>Καὶ</span> <span class='ocrx_word' id='word_1_27' title='bbox 1058 636 1400 705; x_wconf 79' lang='grc' dir='ltr'>Ἀπόστησον</span> <span class='ocrx_word' id='word_1_28' title='bbox 1452 637 1542 691; x_wconf 86' lang='grc' dir='ltr'>ἀπ’</span> <span class='ocrx_word' id='word_1_29' title='bbox 1597 634 1733 709; x_wconf 80' lang='grc' dir='ltr'>ἐμοῦ</span> <span class='ocrx_word' id='word_1_30' title='bbox 1774 639 1916 714; x_wconf 75' lang='grc' dir='ltr'>ἦχον</span> 
     </span>
    </p>
   </div>
   <div class='ocr_carea' id='block_1_7' title="bbox 239 715 1906 801">
    <p class='ocr_par' dir='ltr' id='par_1_7' title="bbox 239 715 1906 801">
     <span class='ocr_line' id='line_1_7' title="bbox 239 715 1906 801; baseline 0.008 -30"><span class='ocrx_word' id='word_1_31' title='bbox 239 715 387 791; x_wconf 75' lang='grc' dir='ltr'>ᾠδῶν</span> <span class='ocrx_word' id='word_1_32' title='bbox 422 740 546 789; x_wconf 88' lang='grc' dir='ltr'>σου,</span> <span class='ocrx_word' id='word_1_33' title='bbox 580 726 681 776; x_wconf 71' lang='grc' dir='ltr'>καί</span> <span class='ocrx_word' id='word_1_34' title='bbox 745 723 981 797; x_wconf 79' lang='grc' dir='ltr'>ψαλμοῦ</span> <span class='ocrx_word' id='word_1_35' title='bbox 1035 724 1280 801; x_wconf 81' lang='grc' dir='ltr'>ὁργάνων</span> <span class='ocrx_word' id='word_1_36' title='bbox 1310 746 1407 780; x_wconf 84' lang='grc' dir='ltr'>σου</span> <span class='ocrx_word' id='word_1_37' title='bbox 1451 724 1551 779; x_wconf 78' lang='grc' dir='ltr'>οὐκ</span> <span class='ocrx_word' id='word_1_38' title='bbox 1574 725 1906 799; x_wconf 83' lang='grc' dir='ltr'>ἀκούσομαι.</span> 
     </span>
    </p>
   </div>
   <div class='ocr_carea' id='block_1_8' title="bbox 248 805 1919 890">
    <p class='ocr_par' dir='ltr' id='par_1_8' title="bbox 248 805 1919 890">
     <span class='ocr_line' id='line_1_8' title="bbox 248 805 1919 890; baseline 0.004 -27"><span class='ocrx_word' id='word_1_39' title='bbox 248 807 367 877; x_wconf 74' lang='grc' dir='ltr'>Καὶ,</span> <span class='ocrx_word' id='word_1_40' title='bbox 398 808 478 866; x_wconf 68' lang='lat'>0&#39;3</span> <span class='ocrx_word' id='word_1_41' title='bbox 510 805 748 883; x_wconf 66' lang='grc' dir='ltr'>δέξομαι</span> <span class='ocrx_word' id='word_1_42' title='bbox 781 810 844 866; x_wconf 80' lang='grc' dir='ltr'>ἐκ</span> <span class='ocrx_word' id='word_1_43' title='bbox 872 816 968 867; x_wconf 79' lang='grc' dir='ltr'>τοῦ</span> <span class='ocrx_word' id='word_1_44' title='bbox 998 811 1155 867; x_wconf 79' lang='grc' dir='ltr'>οἷ’κου</span> <span class='ocrx_word' id='word_1_45' title='bbox 1206 835 1300 869; x_wconf 87' lang='grc' dir='ltr'>σου</span> <span class='ocrx_word' id='word_1_46' title='bbox 1344 814 1614 890; x_wconf 84' lang='grc' dir='ltr'>μόσχους,</span> <span class='ocrx_word' id='word_1_47' title='bbox 1675 812 1804 869; x_wconf 74' lang='grc' dir='ltr'>οὐδὲ</span> <span class='ocrx_word' id='word_1_48' title='bbox 1856 813 1919 869; x_wconf 80' lang='grc' dir='ltr'>ἐκ</span> 
     </span>
    </p>
   </div>
   <div class='ocr_carea' id='block_1_9' title="bbox 244 898 1913 979">
    <p class='ocr_par' dir='ltr' id='par_1_9' title="bbox 244 898 1913 979">
     <span class='ocr_line' id='line_1_9' title="bbox 244 898 1913 979; baseline 0.003 -26"><span class='ocrx_word' id='word_1_49' title='bbox 244 902 352 953; x_wconf 84' lang='grc' dir='ltr'>τῶν</span> <span class='ocrx_word' id='word_1_50' title='bbox 374 898 654 970; x_wconf 73' lang='grc' dir='ltr'>ποιμνίων</span> <span class='ocrx_word' id='word_1_51' title='bbox 685 920 787 953; x_wconf 89' lang='grc' dir='ltr'>σου</span> <span class='ocrx_word' id='word_1_52' title='bbox 833 899 1132 977; x_wconf 75' lang='grc' dir='ltr'>χιμάρους.</span> <span class='ocrx_word' id='word_1_53' title='bbox 1171 904 1315 975; x_wconf 79' lang='grc' dir='ltr'>Ἐμὴ</span> <span class='ocrx_word' id='word_1_54' title='bbox 1374 904 1478 979; x_wconf 86' lang='grc' dir='ltr'>γάρ</span> <span class='ocrx_word' id='word_1_55' title='bbox 1534 901 1675 958; x_wconf 80' lang='grc' dir='ltr'>ἐστιν</span> <span class='ocrx_word' id='word_1_56' title='bbox 1734 906 1769 972; x_wconf 82' lang='grc' dir='ltr'><strong>ἡ</strong></span> <span class='ocrx_word' id='word_1_57' title='bbox 1830 903 1913 957; x_wconf 78' lang='grc' dir='ltr'>οἱ·</span> 
     </span>
    </p>
   </div>
   <div class='ocr_carea' id='block_1_10' title="bbox 250 986 1913 1069">
    <p class='ocr_par' dir='ltr' id='par_1_10' title="bbox 250 986 1913 1069">
     <span class='ocr_line' id='line_1_10' title="bbox 250 986 1913 1069; baseline 0.001 -25"><span class='ocrx_word' id='word_1_58' title='bbox 250 986 482 1060; x_wconf 74' lang='grc' dir='ltr'>κουμένη</span> <span class='ocrx_word' id='word_1_59' title='bbox 513 991 605 1043; x_wconf 76' lang='grc' dir='ltr'>καὶ</span> <span class='ocrx_word' id='word_1_60' title='bbox 640 990 705 1044; x_wconf 79' lang='grc' dir='ltr'>τὸ</span> <span class='ocrx_word' id='word_1_61' title='bbox 736 988 1021 1066; x_wconf 76' lang='grc' dir='ltr'>πλήρωμα</span> <span class='ocrx_word' id='word_1_62' title='bbox 1051 989 1241 1061; x_wconf 69' lang='grc' dir='ltr'>αὐτῆς.</span> <span class='ocrx_word' id='word_1_63' title='bbox 1293 993 1381 1062; x_wconf 79' lang='grc' dir='ltr'>Μὴ</span> <span class='ocrx_word' id='word_1_64' title='bbox 1444 992 1708 1069; x_wconf 77' lang='grc' dir='ltr'>φάγωμαι</span> <span class='ocrx_word' id='word_1_65' title='bbox 1751 992 1913 1066; x_wconf 71' lang='grc' dir='ltr'>κρεα-</span> 
     </span>
    </p>
   </div>
   <div class='ocr_carea' id='block_1_11' title="bbox 244 1076 1914 1154">
    <p class='ocr_par' dir='ltr' id='par_1_11' title="bbox 244 1076 1914 1154">
     <span class='ocr_line' id='line_1_11' title="bbox 244 1076 1914 1154; baseline 0.002 -22"><span class='ocrx_word' id='word_1_66' title='bbox 244 1098 313 1132; x_wconf 76' lang='grc' dir='ltr'>τα</span> <span class='ocrx_word' id='word_1_67' title='bbox 336 1076 577 1152; x_wconf 79' lang='grc' dir='ltr'>ταύρων,</span> <span class='ocrx_word' id='word_1_68' title='bbox 608 1077 646 1147; x_wconf 73' lang='grc' dir='ltr'><strong>ἢ</strong></span> <span class='ocrx_word' id='word_1_69' title='bbox 703 1080 843 1151; x_wconf 84' lang='grc' dir='ltr'>αἷμα</span> <span class='ocrx_word' id='word_1_70' title='bbox 900 1080 1122 1154; x_wconf 83' lang='grc' dir='ltr'>τράγων</span> <span class='ocrx_word' id='word_1_71' title='bbox 1170 1080 1386 1154; x_wconf 87' lang='grc' dir='ltr'>πίωμαι</span> <span class='ocrx_word' id='word_1_72' title='bbox 1414 1099 1428 1148; x_wconf 89' lang='lat'><strong>;</strong></span> <span class='ocrx_word' id='word_1_73' title='bbox 1463 1085 1628 1135; x_wconf 81' lang='grc' dir='ltr'>Θῦσον</span> <span class='ocrx_word' id='word_1_74' title='bbox 1660 1084 1740 1152; x_wconf 80' lang='grc' dir='ltr'>τῷ</span> <span class='ocrx_word' id='word_1_75' title='bbox 1798 1085 1914 1152; x_wconf 81' lang='grc' dir='ltr'>Θεῷ</span> 
     </span>
    </p>
   </div>
   <div class='ocr_carea' id='block_1_12' title="bbox 252 1164 1913 1242">
    <p class='ocr_par' dir='ltr' id='par_1_12' title="bbox 252 1164 1913 1242">
     <span class='ocr_line' id='line_1_12' title="bbox 252 1164 1913 1242; baseline 0.003 -23"><span class='ocrx_word' id='word_1_76' title='bbox 252 1166 435 1230; x_wconf 77' lang='grc' dir='ltr'>θυσίαν</span> <span class='ocrx_word' id='word_1_77' title='bbox 468 1164 744 1229; x_wconf 71' lang='grc' dir='ltr'>αἰνέσεως.</span> <span class='ocrx_word' id='word_1_78' title='bbox 781 1168 903 1235; x_wconf 74' lang='grc' dir='ltr'>Καὶ,</span> <span class='ocrx_word' id='word_1_79' title='bbox 935 1168 1103 1223; x_wconf 86' lang='grc' dir='ltr'>Θυσία</span> <span class='ocrx_word' id='word_1_80' title='bbox 1158 1174 1237 1242; x_wconf 82' lang='grc' dir='ltr'>τῷ</span> <span class='ocrx_word' id='word_1_81' title='bbox 1298 1173 1415 1241; x_wconf 83' lang='grc' dir='ltr'>Θεῷ</span> <span class='ocrx_word' id='word_1_82' title='bbox 1463 1173 1677 1242; x_wconf 81' lang='grc' dir='ltr'>πνεῦμα</span> <span class='ocrx_word' id='word_1_83' title='bbox 1735 1190 1913 1224; x_wconf 88' lang='grc' dir='ltr'>συντε-</span> 
     </span>
    </p>
   </div>
   <div class='ocr_carea' id='block_1_13' title="bbox 246 1254 1915 1335">
    <p class='ocr_par' dir='ltr' id='par_1_13' title="bbox 246 1254 1915 1335">
     <span class='ocr_line' id='line_1_13' title="bbox 246 1254 1915 1335; baseline 0.002 -25"><span class='ocrx_word' id='word_1_84' title='bbox 246 1254 576 1329; x_wconf 74' lang='grc' dir='ltr'>τριμμένον.</span> <span class='ocrx_word' id='word_1_85' title='bbox 614 1257 714 1312; x_wconf 77' lang='grc' dir='ltr'>Καὶ</span> <span class='ocrx_word' id='word_1_86' title='bbox 748 1255 941 1319; x_wconf 86' lang='grc' dir='ltr'>ἁπλῶς</span> <span class='ocrx_word' id='word_1_87' title='bbox 975 1257 1025 1312; x_wconf 75' lang='grc' dir='ltr'>ἐν</span> <span class='ocrx_word' id='word_1_88' title='bbox 1057 1257 1253 1320; x_wconf 79' lang='grc' dir='ltr'>πάσαις</span> <span class='ocrx_word' id='word_1_89' title='bbox 1287 1263 1406 1320; x_wconf 80' lang='grc' dir='ltr'>ταῖς</span> <span class='ocrx_word' id='word_1_90' title='bbox 1440 1264 1674 1335; x_wconf 80' lang='grc' dir='ltr'>Γραφαῖς</span> <span class='ocrx_word' id='word_1_91' title='bbox 1705 1259 1915 1330; x_wconf 85' lang='grc' dir='ltr'>ὁμοίως</span> 
     </span>
    </p>
   </div>
   <div class='ocr_carea' id='block_1_14' title="bbox 244 1343 1912 1421">
    <p class='ocr_par' dir='ltr' id='par_1_14' title="bbox 244 1343 1912 1421">
     <span class='ocr_line' id='line_1_14' title="bbox 244 1343 1912 1421; baseline 0.002 -22"><span class='ocrx_word' id='word_1_92' title='bbox 244 1345 343 1406; x_wconf 68' lang='grc' dir='ltr'>τὰς</span> <span class='ocrx_word' id='word_1_93' title='bbox 372 1346 564 1407; x_wconf 85' lang='grc' dir='ltr'>θυσίας</span> <span class='ocrx_word' id='word_1_94' title='bbox 605 1344 948 1401; x_wconf 69' lang='grc' dir='ltr'>ἀπαναίνεται</span> <span class='ocrx_word' id='word_1_95' title='bbox 1008 1343 1097 1401; x_wconf 84' lang='grc' dir='ltr'>διὰ</span> <span class='ocrx_word' id='word_1_96' title='bbox 1155 1348 1218 1402; x_wconf 85' lang='grc' dir='ltr'>τὸ</span> <span class='ocrx_word' id='word_1_97' title='bbox 1271 1346 1653 1421; x_wconf 81' lang='grc' dir='ltr'>ἐξαμαρτάνειν</span> <span class='ocrx_word' id='word_1_98' title='bbox 1715 1347 1912 1409; x_wconf 74' lang='grc' dir='ltr'>αὐτοὺς</span> 
     </span>
    </p>
   </div>
   <div class='ocr_carea' id='block_1_15' title="bbox 244 1433 1911 1508">
    <p class='ocr_par' dir='ltr' id='par_1_15' title="bbox 244 1433 1911 1508">
     <span class='ocr_line' id='line_1_15' title="bbox 244 1433 1911 1508; baseline 0.003 -20"><span class='ocrx_word' id='word_1_99' title='bbox 244 1434 326 1495; x_wconf 77' lang='grc' dir='ltr'>εἷς</span> <span class='ocrx_word' id='word_1_100' title='bbox 355 1433 521 1488; x_wconf 80' lang='grc' dir='ltr'>αύτὸν</span> <span class='ocrx_word' id='word_1_101' title='bbox 554 1433 606 1506; x_wconf 81' lang='grc' dir='ltr'>ἐξ</span> <span class='ocrx_word' id='word_1_102' title='bbox 638 1435 804 1508; x_wconf 83' lang='grc' dir='ltr'>ἄκρας</span> <span class='ocrx_word' id='word_1_103' title='bbox 832 1434 1020 1496; x_wconf 80' lang='grc' dir='ltr'>κακίας</span> <span class='ocrx_word' id='word_1_104' title='bbox 1049 1457 1110 1490; x_wconf 90' lang='grc' dir='ltr'>τε</span> <span class='ocrx_word' id='word_1_105' title='bbox 1163 1435 1254 1491; x_wconf 82' lang='grc' dir='ltr'>καὶ</span> <span class='ocrx_word' id='word_1_106' title='bbox 1312 1437 1587 1500; x_wconf 77' lang='grc' dir='ltr'>ἀπειθείας</span> <span class='ocrx_word' id='word_1_107' title='bbox 1618 1438 1709 1493; x_wconf 82' lang='grc' dir='ltr'>καὶ</span> <span class='ocrx_word' id='word_1_108' title='bbox 1739 1437 1911 1508; x_wconf 76' lang='grc' dir='ltr'>σκλη-</span> 
     </span>
    </p>
   </div>
   <div class='ocr_carea' id='block_1_16' title="bbox 245 1519 1908 1602">
    <p class='ocr_par' dir='ltr' id='par_1_16' title="bbox 245 1519 1908 1602">
     <span class='ocr_line' id='line_1_16' title="bbox 245 1519 1908 1602; baseline 0.002 -26"><span class='ocrx_word' id='word_1_109' title='bbox 245 1519 571 1597; x_wconf 72' lang='grc' dir='ltr'>ροκαρδίας.</span> <span class='ocrx_word' id='word_1_110' title='bbox 657 1522 845 1576; x_wconf 81' lang='grc' dir='ltr'>Θυσίαι</span> <span class='ocrx_word' id='word_1_111' title='bbox 911 1523 1015 1597; x_wconf 71' lang='grc' dir='ltr'>γὰρ</span> <span class='ocrx_word' id='word_1_112' title='bbox 1099 1521 1310 1580; x_wconf 77' lang='grc' dir='ltr'>ἀσεϐῶν</span> <span class='ocrx_word' id='word_1_113' title='bbox 1361 1525 1647 1602; x_wconf 81' lang='grc' dir='ltr'>βΛέλυγμα</span> <span class='ocrx_word' id='word_1_114' title='bbox 1703 1526 1908 1599; x_wconf 84' lang='grc' dir='ltr'>Κυρίῳ⁶</span> 
     </span>
    </p>
   </div>
   <div class='ocr_carea' id='block_1_17' title="bbox 241 1614 1910 1694">
    <p class='ocr_par' dir='ltr' id='par_1_17' title="bbox 241 1614 1910 1694">
     <span class='ocr_line' id='line_1_17' title="bbox 241 1614 1910 1694; baseline 0.001 -27"><span class='ocrx_word' id='word_1_115' title='bbox 241 1614 482 1688; x_wconf 72' lang='grc' dir='ltr'>καὶγὰρ</span> <span class='ocrx_word' id='word_1_116' title='bbox 514 1614 849 1686; x_wconf 78' lang='grc' dir='ltr'>παρανόμως</span> <span class='ocrx_word' id='word_1_117' title='bbox 899 1615 1298 1694; x_wconf 66' lang='grc' dir='ltr'>προσφέρουσιν</span> <span class='ocrx_word' id='word_1_118' title='bbox 1356 1616 1543 1687; x_wconf 78' lang='grc' dir='ltr'>αὐτάς,</span> <span class='ocrx_word' id='word_1_119' title='bbox 1601 1616 1691 1671; x_wconf 82' lang='grc' dir='ltr'>καὶ</span> <span class='ocrx_word' id='word_1_120' title='bbox 1732 1615 1910 1680; x_wconf 77' lang='grc' dir='ltr'>θυσίαι</span> 
     </span>
    </p>
   </div>
   <div class='ocr_carea' id='block_1_18' title="bbox 245 1701 1910 1777">
    <p class='ocr_par' dir='ltr' id='par_1_18' title="bbox 245 1701 1910 1777">
     <span class='ocr_line' id='line_1_18' title="bbox 245 1701 1910 1777; baseline 0.002 -20"><span class='ocrx_word' id='word_1_121' title='bbox 245 1702 433 1757; x_wconf 67' lang='grc' dir='ltr'>αὐτῶν</span> <span class='ocrx_word' id='word_1_122' title='bbox 505 1703 581 1756; x_wconf 77' lang='grc' dir='ltr'>ὡς</span> <span class='ocrx_word' id='word_1_123' title='bbox 639 1701 801 1777; x_wconf 77' lang='grc' dir='ltr'>ἄρτος</span> <span class='ocrx_word' id='word_1_124' title='bbox 856 1705 1082 1766; x_wconf 74' lang='grc' dir='ltr'>πένθους</span> <span class='ocrx_word' id='word_1_125' title='bbox 1167 1705 1376 1776; x_wconf 84' lang='grc' dir='ltr'>αὐτοῖς,</span> <span class='ocrx_word' id='word_1_126' title='bbox 1436 1707 1527 1761; x_wconf 87' lang='grc' dir='ltr'>καὶ</span> <span class='ocrx_word' id='word_1_127' title='bbox 1607 1708 1802 1768; x_wconf 89' lang='grc' dir='ltr'>πάντες</span> <span class='ocrx_word' id='word_1_128' title='bbox 1854 1707 1910 1760; x_wconf 80' lang='grc' dir='ltr'>οἱ</span> 
     </span>
    </p>
   </div>
   <div class='ocr_carea' id='block_1_19' title="bbox 244 1791 1911 1867">
    <p class='ocr_par' dir='ltr' id='par_1_19' title="bbox 244 1791 1911 1867">
     <span class='ocr_line' id='line_1_19' title="bbox 244 1791 1911 1867; baseline 0.003 -22"><span class='ocrx_word' id='word_1_129' title='bbox 244 1792 525 1852; x_wconf 75' lang='grc' dir='ltr'>ἐσθίοντες</span> <span class='ocrx_word' id='word_1_130' title='bbox 581 1791 752 1854; x_wconf 80' lang='grc' dir='ltr'>αὐτὰς</span> <span class='ocrx_word' id='word_1_131' title='bbox 814 1792 1273 1865; x_wconf 74' lang='grc' dir='ltr'>μολυνθήσονται.</span> <span class='ocrx_word' id='word_1_132' title='bbox 1362 1795 1456 1849; x_wconf 86' lang='grc' dir='ltr'>Διὸ</span> <span class='ocrx_word' id='word_1_133' title='bbox 1514 1792 1579 1865; x_wconf 77' lang='grc' dir='ltr'>δὴ</span> <span class='ocrx_word' id='word_1_134' title='bbox 1654 1796 1745 1850; x_wconf 84' lang='grc' dir='ltr'>καὶ</span> <span class='ocrx_word' id='word_1_135' title='bbox 1829 1798 1911 1867; x_wconf 80' lang='grc' dir='ltr'>τῷ</span> 
     </span>
    </p>
   </div>
   <div class='ocr_carea' id='block_1_20' title="bbox 2027 638 3677 709">
    <p class='ocr_par' dir='ltr' id='par_1_20' title="bbox 2027 638 3677 709">
     <span class='ocr_line' id='line_1_20' title="bbox 2027 638 3677 709; baseline 0.001 -15"><span class='ocrx_word' id='word_1_136' title='bbox 2027 640 2100 694; x_wconf 90' lang='lat' dir='ltr'>de</span> <span class='ocrx_word' id='word_1_137' title='bbox 2127 640 2302 695; x_wconf 89' lang='lat' dir='ltr'>domo</span> <span class='ocrx_word' id='word_1_138' title='bbox 2336 645 2437 694; x_wconf 87' lang='lat' dir='ltr'>tua</span> <span class='ocrx_word' id='word_1_139' title='bbox 2464 639 2700 706; x_wconf 83' lang='lat' dir='ltr'>vitulos,</span> <span class='ocrx_word' id='word_1_140' title='bbox 2730 638 2882 693; x_wconf 75' lang='grc'>418</span> <span class='ocrx_word' id='word_1_141' title='bbox 2915 656 3109 709; x_wconf 89' lang='lat' dir='ltr'>neque</span> <span class='ocrx_word' id='word_1_142' title='bbox 3136 639 3343 695; x_wconf 65' lang='lat' dir='ltr'>haedos</span> <span class='ocrx_word' id='word_1_143' title='bbox 3393 657 3462 695; x_wconf 86' lang='lat' dir='ltr'>ex</span> <span class='ocrx_word' id='word_1_144' title='bbox 3486 641 3677 695; x_wconf 79' lang='lat' dir='ltr'>caulis</span> 
     </span>
    </p>
   </div>
   <div class='ocr_carea' id='block_1_21' title="bbox 2031 728 3672 801">
    <p class='ocr_par' dir='ltr' id='par_1_21' title="bbox 2031 728 3672 801">
     <span class='ocr_line' id='line_1_21' title="bbox 2031 728 3672 801; baseline 0 -19"><span class='ocrx_word' id='word_1_145' title='bbox 2031 728 2170 783; x_wconf 82' lang='lat' dir='ltr'>tuis.</span> <span class='ocrx_word' id='word_1_146' title='bbox 2207 730 2332 783; x_wconf 83' lang='lat' dir='ltr'>Mea</span> <span class='ocrx_word' id='word_1_147' title='bbox 2363 728 2521 782; x_wconf 89' lang='lat' dir='ltr'>enim</span> <span class='ocrx_word' id='word_1_148' title='bbox 2553 732 2641 782; x_wconf 92' lang='lat' dir='ltr'>est</span> <span class='ocrx_word' id='word_1_149' title='bbox 2674 732 2849 796; x_wconf 90' lang='lat' dir='ltr'>terra,</span> <span class='ocrx_word' id='word_1_150' title='bbox 2884 733 2941 782; x_wconf 87' lang='lat' dir='ltr'>et</span> <span class='ocrx_word' id='word_1_151' title='bbox 2971 728 3259 799; x_wconf 87' lang='lat' dir='ltr'>quidquid</span> <span class='ocrx_word' id='word_1_152' title='bbox 3278 746 3406 784; x_wconf 91' lang='lat' dir='ltr'>eam</span> <span class='ocrx_word' id='word_1_153' title='bbox 3443 729 3672 801; x_wconf 85' lang='lat' dir='ltr'>implet.</span> 
     </span>
    </p>
   </div>
   <div class='ocr_carea' id='block_1_22' title="bbox 2028 818 3675 890">
    <p class='ocr_par' dir='ltr' id='par_1_22' title="bbox 2028 818 3675 890">
     <span class='ocr_line' id='line_1_22' title="bbox 2028 818 3675 890; baseline 0.001 -19"><span class='ocrx_word' id='word_1_154' title='bbox 2028 818 2177 871; x_wconf 90' lang='lat' dir='ltr'>Num</span> <span class='ocrx_word' id='word_1_155' title='bbox 2209 832 2312 888; x_wconf 84' lang='lat' dir='ltr'>ego</span> <span class='ocrx_word' id='word_1_156' title='bbox 2346 822 2654 872; x_wconf 90' lang='lat' dir='ltr'>taurorum</span> <span class='ocrx_word' id='word_1_157' title='bbox 2684 833 2861 871; x_wconf 87' lang='lat' dir='ltr'>carne</span> <span class='ocrx_word' id='word_1_158' title='bbox 2902 833 3105 873; x_wconf 90' lang='lat' dir='ltr'>vescar</span> <span class='ocrx_word' id='word_1_159' title='bbox 3161 823 3264 872; x_wconf 88' lang='lat' dir='ltr'>aut</span> <span class='ocrx_word' id='word_1_160' title='bbox 3320 818 3675 890; x_wconf 77' lang='lat' dir='ltr'>sanguinem</span> 
     </span>
    </p>
   </div>
   <div class='ocr_carea' id='block_1_23' title="bbox 2029 904 3679 963">
    <p class='ocr_par' dir='ltr' id='par_1_23' title="bbox 2029 904 3679 963">
     <span class='ocr_line' id='line_1_23' title="bbox 2029 904 3679 963; baseline 0.002 -3"><span class='ocrx_word' id='word_1_161' title='bbox 2029 905 2332 962; x_wconf 84' lang='lat' dir='ltr'>hircorum</span> <span class='ocrx_word' id='word_1_162' title='bbox 2364 904 2565 961; x_wconf 89' lang='lat' dir='ltr'>bibam</span> <span class='ocrx_word' id='word_1_163' title='bbox 2595 906 2623 959; x_wconf 56' lang='grc' dir='ltr'><em>ἢ</em></span> <span class='ocrx_word' id='word_1_164' title='bbox 2653 906 2812 961; x_wconf 80' lang='lat' dir='ltr'>Oﬁ&#39;er</span> <span class='ocrx_word' id='word_1_165' title='bbox 2852 906 3102 961; x_wconf 90' lang='lat' dir='ltr'>Domino</span> <span class='ocrx_word' id='word_1_166' title='bbox 3152 906 3513 962; x_wconf 90' lang='lat' dir='ltr'>sacriﬁcium</span> <span class='ocrx_word' id='word_1_167' title='bbox 3551 908 3679 963; x_wconf 87' lang='lat' dir='ltr'>lau-</span> 
     </span>
    </p>
   </div>
   <div class='ocr_carea' id='block_1_24' title="bbox 2028 993 3678 1065">
    <p class='ocr_par' dir='ltr' id='par_1_24' title="bbox 2028 993 3678 1065">
     <span class='ocr_line' id='line_1_24' title="bbox 2028 993 3678 1065; baseline 0.001 -18"><span class='ocrx_word' id='word_1_168' title='bbox 2028 993 2137 1049; x_wconf 86' lang='lat' dir='ltr'>dis.</span> <span class='ocrx_word' id='word_1_169' title='bbox 2174 996 2265 1063; x_wconf 90' lang='lat' dir='ltr'>Et,</span> <span class='ocrx_word' id='word_1_170' title='bbox 2325 994 2692 1049; x_wconf 86' lang='lat' dir='ltr'>Sacriﬁcium</span> <span class='ocrx_word' id='word_1_171' title='bbox 2752 993 2871 1048; x_wconf 92' lang='lat' dir='ltr'>Deo</span> <span class='ocrx_word' id='word_1_172' title='bbox 2928 998 3236 1065; x_wconf 89' lang='lat' dir='ltr'>acceptum</span> <span class='ocrx_word' id='word_1_173' title='bbox 3292 1000 3380 1049; x_wconf 90' lang='lat' dir='ltr'>est</span> <span class='ocrx_word' id='word_1_174' title='bbox 3433 996 3678 1065; x_wconf 82' lang='lat' dir='ltr'>spiritus</span> 
     </span>
    </p>
   </div>
   <div class='ocr_carea' id='block_1_25' title="bbox 2027 1083 3681 1154">
    <p class='ocr_par' dir='ltr' id='par_1_25' title="bbox 2027 1083 3681 1154">
     <span class='ocr_line' id='line_1_25' title="bbox 2027 1083 3681 1154; baseline 0.001 -17"><span class='ocrx_word' id='word_1_175' title='bbox 2027 1083 2316 1138; x_wconf 88' lang='lat' dir='ltr'>contritus</span> <span class='ocrx_word' id='word_1_176' title='bbox 2344 1083 2412 1136; x_wconf 72' lang='grc'><strong>⁵³.</strong></span> <span class='ocrx_word' id='word_1_177' title='bbox 2446 1084 2511 1137; x_wconf 93' lang='lat' dir='ltr'>In</span> <span class='ocrx_word' id='word_1_178' title='bbox 2544 1099 2798 1152; x_wconf 89' lang='lat' dir='ltr'>summa,</span> <span class='ocrx_word' id='word_1_179' title='bbox 2829 1083 3052 1154; x_wconf 83' lang='lat' dir='ltr'>passim</span> <span class='ocrx_word' id='word_1_180' title='bbox 3082 1083 3144 1136; x_wconf 91' lang='lat' dir='ltr'>in</span> <span class='ocrx_word' id='word_1_181' title='bbox 3194 1084 3496 1154; x_wconf 81' lang='lat' dir='ltr'>Scriptura</span> <span class='ocrx_word' id='word_1_182' title='bbox 3525 1084 3681 1138; x_wconf 88' lang='lat' dir='ltr'>Deus</span> 
     </span>
    </p>
   </div>
   <div class='ocr_carea' id='block_1_26' title="bbox 2025 1170 3698 1242">
    <p class='ocr_par' dir='ltr' id='par_1_26' title="bbox 2025 1170 3698 1242">
     <span class='ocr_line' id='line_1_26' title="bbox 2025 1170 3698 1242; baseline 0 -16"><span class='ocrx_word' id='word_1_183' title='bbox 2025 1172 2318 1227; x_wconf 91' lang='lat' dir='ltr'>sacriﬁcia</span> <span class='ocrx_word' id='word_1_184' title='bbox 2342 1172 2591 1242; x_wconf 86' lang='lat' dir='ltr'>respuit,</span> <span class='ocrx_word' id='word_1_185' title='bbox 2625 1170 2783 1241; x_wconf 90' lang='lat' dir='ltr'>quod</span> <span class='ocrx_word' id='word_1_186' title='bbox 2811 1170 2996 1227; x_wconf 81' lang='lat' dir='ltr'>Judaei</span> <span class='ocrx_word' id='word_1_187' title='bbox 3029 1171 3309 1226; x_wconf 89' lang='lat' dir='ltr'>adversus</span> <span class='ocrx_word' id='word_1_188' title='bbox 3328 1171 3524 1242; x_wconf 89' lang='lat' dir='ltr'>ipsum</span> <span class='ocrx_word' id='word_1_189' title='bbox 3542 1181 3698 1242; x_wconf 81' lang='lat' dir='ltr'>pec-‘</span> 
     </span>
    </p>
   </div>
   <div class='ocr_carea' id='block_1_27' title="bbox 2024 1259 3679 1331">
    <p class='ocr_par' dir='ltr' id='par_1_27' title="bbox 2024 1259 3679 1331">
     <span class='ocr_line' id='line_1_27' title="bbox 2024 1259 3679 1331; baseline -0.002 -15"><span class='ocrx_word' id='word_1_190' title='bbox 2024 1265 2229 1316; x_wconf 87' lang='lat' dir='ltr'>carent</span> <span class='ocrx_word' id='word_1_191' title='bbox 2245 1277 2481 1316; x_wconf 88' lang='lat' dir='ltr'>summa</span> <span class='ocrx_word' id='word_1_192' title='bbox 2496 1259 3124 1327; x_wconf 87' lang='lat' dir='ltr'>malitia,contumacia</span> <span class='ocrx_word' id='word_1_193' title='bbox 3146 1264 3322 1330; x_wconf 89' lang='lat' dir='ltr'>atque</span> <span class='ocrx_word' id='word_1_194' title='bbox 3334 1260 3679 1331; x_wconf 82' lang='lat' dir='ltr'>pertinacia.</span> 
     </span>
    </p>
   </div>
   <div class='ocr_carea' id='block_1_28' title="bbox 2022 1348 3683 1421">
    <p class='ocr_par' dir='ltr' id='par_1_28' title="bbox 2022 1348 3683 1421">
     <span class='ocr_line' id='line_1_28' title="bbox 2022 1348 3683 1421; baseline -0.001 -17"><span class='ocrx_word' id='word_1_195' title='bbox 2022 1350 2248 1421; x_wconf 88' lang='lat' dir='ltr'>Quippe</span> <span class='ocrx_word' id='word_1_196' title='bbox 2282 1350 2602 1420; x_wconf 90' lang='lat' dir='ltr'>impiorum</span> <span class='ocrx_word' id='word_1_197' title='bbox 2637 1348 2928 1404; x_wconf 89' lang='lat' dir='ltr'>sacriﬁcia</span> <span class='ocrx_word' id='word_1_198' title='bbox 2944 1350 3098 1404; x_wconf 86' lang='lat' dir='ltr'>Deus</span> <span class='ocrx_word' id='word_1_199' title='bbox 3112 1349 3491 1404; x_wconf 80' lang='lat' dir='ltr'>abominetur</span> <span class='ocrx_word' id='word_1_200' title='bbox 3515 1365 3683 1403; x_wconf 90' lang='lat' dir='ltr'>:nam</span> 
     </span>
    </p>
   </div>
   <div class='ocr_carea' id='block_1_29' title="bbox 2022 1436 3685 1509">
    <p class='ocr_par' dir='ltr' id='par_1_29' title="bbox 2022 1436 3685 1509">
     <span class='ocr_line' id='line_1_29' title="bbox 2022 1436 3685 1509; baseline -0.001 -16"><span class='ocrx_word' id='word_1_201' title='bbox 2022 1438 2204 1509; x_wconf 89' lang='lat' dir='ltr'>impie</span> <span class='ocrx_word' id='word_1_202' title='bbox 2228 1454 2298 1493; x_wconf 89' lang='lat' dir='ltr'>ea</span> <span class='ocrx_word' id='word_1_203' title='bbox 2327 1438 2604 1502; x_wconf 70' lang='lat' dir='ltr'>offerunt,</span> <span class='ocrx_word' id='word_1_204' title='bbox 2640 1442 2895 1507; x_wconf 89' lang='lat' dir='ltr'>suntque</span> <span class='ocrx_word' id='word_1_205' title='bbox 2933 1438 3046 1509; x_wconf 91' lang='lat' dir='ltr'>ipsi</span> <span class='ocrx_word' id='word_1_206' title='bbox 3079 1443 3364 1509; x_wconf 88' lang='lat' dir='ltr'>tanquam</span> <span class='ocrx_word' id='word_1_207' title='bbox 3396 1437 3567 1509; x_wconf 91' lang='lat' dir='ltr'>panis</span> <span class='ocrx_word' id='word_1_208' title='bbox 3600 1436 3685 1491; x_wconf 89' lang='lat' dir='ltr'>lu-</span> 
     </span>
    </p>
   </div>
   <div class='ocr_carea' id='block_1_30' title="bbox 2022 1526 3676 1598">
    <p class='ocr_par' dir='ltr' id='par_1_30' title="bbox 2022 1526 3676 1598">
     <span class='ocr_line' id='line_1_30' title="bbox 2022 1526 3676 1598; baseline 0 -17"><span class='ocrx_word' id='word_1_209' title='bbox 2022 1532 2189 1594; x_wconf 89' lang='lat' dir='ltr'>ctus;</span> <span class='ocrx_word' id='word_1_210' title='bbox 2252 1532 2309 1581; x_wconf 91' lang='lat' dir='ltr'>et</span> <span class='ocrx_word' id='word_1_211' title='bbox 2367 1527 2706 1598; x_wconf 90' lang='lat' dir='ltr'>quicunque</span> <span class='ocrx_word' id='word_1_212' title='bbox 2760 1526 2832 1581; x_wconf 91' lang='lat' dir='ltr'>de</span> <span class='ocrx_word' id='word_1_213' title='bbox 2886 1527 2960 1582; x_wconf 88' lang='lat' dir='ltr'>iis</span> <span class='ocrx_word' id='word_1_214' title='bbox 3026 1527 3232 1593; x_wconf 88' lang='lat' dir='ltr'>edunt,</span> <span class='ocrx_word' id='word_1_215' title='bbox 3312 1527 3676 1582; x_wconf 83' lang='lat' dir='ltr'>contamina-</span> 
     </span>
    </p>
   </div>
   <div class='ocr_carea' id='block_1_31' title="bbox 2025 1614 3672 1685">
    <p class='ocr_par' dir='ltr' id='par_1_31' title="bbox 2025 1614 3672 1685">
     <span class='ocr_line' id='line_1_31' title="bbox 2025 1614 3672 1685; baseline 0 -15"><span class='ocrx_word' id='word_1_216' title='bbox 2025 1616 2267 1671; x_wconf 90' lang='lat' dir='ltr'>buntur.</span> <span class='ocrx_word' id='word_1_217' title='bbox 2306 1616 2507 1685; x_wconf 82' lang='lat' dir='ltr'>Itaque</span> <span class='ocrx_word' id='word_1_218' title='bbox 2564 1615 2740 1670; x_wconf 82' lang='lat' dir='ltr'>etiam</span> <span class='ocrx_word' id='word_1_219' title='bbox 2798 1614 2972 1670; x_wconf 88' lang='lat' dir='ltr'>Saulo</span> <span class='ocrx_word' id='word_1_220' title='bbox 3003 1615 3309 1670; x_wconf 87' lang='lat' dir='ltr'>Samuelus</span> <span class='ocrx_word' id='word_1_221' title='bbox 3357 1615 3504 1670; x_wconf 82' lang='lat' dir='ltr'>dixit</span> <span class='ocrx_word' id='word_1_222' title='bbox 3537 1615 3672 1670; x_wconf 38' lang='lat' dir='ltr'>obes</span> 
     </span>
    </p>
   </div>
   <div class='ocr_carea' id='block_1_32' title="bbox 2026 1703 3685 1776">
    <p class='ocr_par' dir='ltr' id='par_1_32' title="bbox 2026 1703 3685 1776">
     <span class='ocr_line' id='line_1_32' title="bbox 2026 1703 3685 1776; baseline -0.001 -16"><span class='ocrx_word' id='word_1_223' title='bbox 2026 1705 2317 1760; x_wconf 87' lang='lat' dir='ltr'>dientiam</span> <span class='ocrx_word' id='word_1_224' title='bbox 2341 1704 2635 1759; x_wconf 87' lang='lat' dir='ltr'>sacriﬁcio</span> <span class='ocrx_word' id='word_1_225' title='bbox 2658 1709 2835 1775; x_wconf 89' lang='lat' dir='ltr'>atque</span> <span class='ocrx_word' id='word_1_226' title='bbox 2884 1703 3046 1775; x_wconf 86' lang='lat' dir='ltr'>adipi</span> <span class='ocrx_word' id='word_1_227' title='bbox 3095 1704 3347 1760; x_wconf 91' lang='lat' dir='ltr'>arietino</span> <span class='ocrx_word' id='word_1_228' title='bbox 3376 1710 3685 1776; x_wconf 69' lang='lat' dir='ltr'>prmstare,</span> 
     </span>
    </p>
   </div>
   <div class='ocr_carea' id='block_1_33' title="bbox 2020 1792 3673 1864">
    <p class='ocr_par' dir='ltr' id='par_1_33' title="bbox 2020 1792 3673 1864">
     <span class='ocr_line' id='line_1_33' title="bbox 2020 1792 3673 1864; baseline -0.001 -15"><span class='ocrx_word' id='word_1_229' title='bbox 2020 1798 2207 1864; x_wconf 89' lang='lat' dir='ltr'>atque</span> <span class='ocrx_word' id='word_1_230' title='bbox 2239 1795 2412 1848; x_wconf 89' lang='lat' dir='ltr'>aDeo</span> <span class='ocrx_word' id='word_1_231' title='bbox 2434 1793 2508 1847; x_wconf 90' lang='lat' dir='ltr'>iis</span> <span class='ocrx_word' id='word_1_232' title='bbox 2530 1792 2795 1863; x_wconf 65' lang='lat' dir='ltr'>praeferri</span> <span class='ocrx_word' id='word_1_233' title='bbox 2835 1792 2899 1846; x_wconf 71' lang='grc' dir='ltr'>ν’.</span> <span class='ocrx_word' id='word_1_234' title='bbox 2947 1793 3055 1857; x_wconf 86' lang='lat' dir='ltr'>Qui</span> <span class='ocrx_word' id='word_1_235' title='bbox 3106 1810 3240 1864; x_wconf 83' lang='lat' dir='ltr'>ergo</span> <span class='ocrx_word' id='word_1_236' title='bbox 3293 1798 3429 1849; x_wconf 87' lang='lat' dir='ltr'>ante</span> <span class='ocrx_word' id='word_1_237' title='bbox 3459 1794 3673 1849; x_wconf 87' lang='lat' dir='ltr'>adven-</span> 
     </span>
    </p>
   </div>
   <div class='ocr_carea' id='block_1_34' title="bbox 250 1876 1926 1966">
    <p class='ocr_par' dir='ltr' id='par_1_34' title="bbox 250 1876 1910 1960">
     <span class='ocr_line' id='line_1_34' title="bbox 250 1876 1910 1960; baseline 0.001 -24"><span class='ocrx_word' id='word_1_238' title='bbox 250 1878 443 1936; x_wconf 77' lang='grc' dir='ltr'>Σαοὺλ</span> <span class='ocrx_word' id='word_1_239' title='bbox 477 1881 507 1935; x_wconf 99' lang='lat'>6</span> <span class='ocrx_word' id='word_1_240' title='bbox 538 1883 683 1943; x_wconf 85' lang='grc' dir='ltr'>θεῖος</span> <span class='ocrx_word' id='word_1_241' title='bbox 726 1881 997 1955; x_wconf 77' lang='grc' dir='ltr'>Σαμουὴλ</span> <span class='ocrx_word' id='word_1_242' title='bbox 1055 1876 1257 1959; x_wconf 76' lang='grc' dir='ltr'>ἔλεγεν·</span> <span class='ocrx_word' id='word_1_243' title='bbox 1321 1885 1489 1952; x_wconf 82' lang='grc' dir='ltr'>Ἀκοή</span> <span class='ocrx_word' id='word_1_244' title='bbox 1545 1884 1722 1960; x_wconf 87' lang='grc' dir='ltr'>ἀγαθή</span> <span class='ocrx_word' id='word_1_245' title='bbox 1778 1884 1910 1958; x_wconf 75' lang='grc' dir='ltr'>ὑπὲρ</span> 
     </span>
    </p>
   </div>
   <div class='ocr_carea' id='block_1_35' title="bbox 2039 1876 3687 1966">
    <p class='ocr_par' dir='ltr' id='par_1_35' title="bbox 2039 1881 3687 1951">
     <span class='ocr_line' id='line_1_35' title="bbox 2039 1881 3687 1951; baseline 0 -14"><span class='ocrx_word' id='word_1_246' title='bbox 2039 1899 2145 1938; x_wconf 83' lang='lat' dir='ltr'>um</span> <span class='ocrx_word' id='word_1_247' title='bbox 2205 1898 2399 1937; x_wconf 88' lang='lat' dir='ltr'>summ</span> <span class='ocrx_word' id='word_1_248' title='bbox 2483 1897 2586 1936; x_wconf 89' lang='lat' dir='ltr'>cor</span> <span class='ocrx_word' id='word_1_249' title='bbox 2656 1896 2871 1951; x_wconf 89' lang='lat' dir='ltr'>purum</span> <span class='ocrx_word' id='word_1_250' title='bbox 2927 1886 2987 1935; x_wconf 90' lang='lat' dir='ltr'>et</span> <span class='ocrx_word' id='word_1_251' title='bbox 3051 1881 3313 1937; x_wconf 87' lang='lat' dir='ltr'>animam</span> <span class='ocrx_word' id='word_1_252' title='bbox 3371 1883 3687 1937; x_wconf 86' lang='lat' dir='ltr'>contritam</span> 
     </span>
    </p>
   </div>
   <div class='ocr_carea' id='block_1_36' title="bbox 254 1971 1913 2049">
    <p class='ocr_par' dir='ltr' id='par_1_36' title="bbox 254 1971 1913 2049">
     <span class='ocr_line' id='line_1_36' title="bbox 254 1971 1913 2049; baseline 0.002 -24"><span class='ocrx_word' id='word_1_253' title='bbox 254 1972 449 2036; x_wconf 80' lang='grc' dir='ltr'>θυσίαν</span> <span class='ocrx_word' id='word_1_254' title='bbox 504 1972 593 2025; x_wconf 75' lang='grc' dir='ltr'>καὶ</span> <span class='ocrx_word' id='word_1_255' title='bbox 652 1971 907 2048; x_wconf 82' lang='grc' dir='ltr'>ἀκρόαμα</span> <span class='ocrx_word' id='word_1_256' title='bbox 961 1971 1092 2047; x_wconf 75' lang='grc' dir='ltr'>ὑπὲρ</span> <span class='ocrx_word' id='word_1_257' title='bbox 1152 1972 1311 2049; x_wconf 74' lang='grc' dir='ltr'>στέαρ</span> <span class='ocrx_word' id='word_1_258' title='bbox 1368 1978 1559 2049; x_wconf 82' lang='grc' dir='ltr'>κριῶν.</span> <span class='ocrx_word' id='word_1_259' title='bbox 1617 1971 1756 2030; x_wconf 78' lang='grc' dir='ltr'>Ἰδοὺ</span> <span class='ocrx_word' id='word_1_260' title='bbox 1808 1975 1913 2049; x_wconf 85' lang='grc' dir='ltr'>γὰρ</span> 
     </span>
    </p>
   </div>
   <div class='ocr_carea' id='block_1_37' title="bbox 250 2060 1914 2132">
    <p class='ocr_par' dir='ltr' id='par_1_37' title="bbox 250 2060 1914 2132">
     <span class='ocr_line' id='line_1_37' title="bbox 250 2060 1914 2132; baseline 0 -17"><span class='ocrx_word' id='word_1_261' title='bbox 250 2060 407 2115; x_wconf 66' lang='grc' dir='ltr'>θέλει</span> <span class='ocrx_word' id='word_1_262' title='bbox 466 2060 668 2132; x_wconf 81' lang='grc' dir='ltr'>Κύριος</span> <span class='ocrx_word' id='word_1_263' title='bbox 753 2060 935 2116; x_wconf 82' lang='grc' dir='ltr'>θυσίαν</span> <span class='ocrx_word' id='word_1_264' title='bbox 992 2061 1066 2124; x_wconf 85' lang='grc' dir='ltr'>ὡς</span> <span class='ocrx_word' id='word_1_265' title='bbox 1120 2061 1183 2117; x_wconf 86' lang='grc' dir='ltr'>τὸ</span> <span class='ocrx_word' id='word_1_266' title='bbox 1237 2062 1533 2118; x_wconf 74' lang='grc' dir='ltr'>εἰσακούειν</span> <span class='ocrx_word' id='word_1_267' title='bbox 1604 2064 1790 2119; x_wconf 75' lang='grc' dir='ltr'>αὐτοῦ.</span> <span class='ocrx_word' id='word_1_268' title='bbox 1852 2062 1914 2118; x_wconf 85' lang='grc' dir='ltr'>Εἰ</span> 
     </span>
    </p>
   </div>
   <div class='ocr_carea' id='block_1_38' title="bbox 249 2149 1912 2226">
    <p class='ocr_par' dir='ltr' id='par_1_38' title="bbox 249 2149 1912 2226">
     <span class='ocr_line' id='line_1_38' title="bbox 249 2149 1912 2226; baseline 0.003 -24"><span class='ocrx_word' id='word_1_269' title='bbox 249 2149 441 2203; x_wconf 82' lang='grc' dir='ltr'>τοίνυν</span> <span class='ocrx_word' id='word_1_270' title='bbox 487 2150 579 2204; x_wconf 72' lang='grc' dir='ltr'>καὶ</span> <span class='ocrx_word' id='word_1_271' title='bbox 635 2150 742 2223; x_wconf 86' lang='grc' dir='ltr'>πρὸ</span> <span class='ocrx_word' id='word_1_272' title='bbox 792 2155 894 2220; x_wconf 84' lang='grc' dir='ltr'>τῆς</span> <span class='ocrx_word' id='word_1_273' title='bbox 946 2152 1245 2226; x_wconf 83' lang='grc' dir='ltr'>παρουσίας</span> <span class='ocrx_word' id='word_1_274' title='bbox 1317 2150 1481 2207; x_wconf 78' lang='grc' dir='ltr'>αὗτοῦ</span> <span class='ocrx_word' id='word_1_275' title='bbox 1547 2150 1680 2226; x_wconf 69' lang='grc' dir='ltr'>ὓπερ</span> <span class='ocrx_word' id='word_1_276' title='bbox 1732 2151 1912 2216; x_wconf 77' lang='grc' dir='ltr'>θυσίαν</span> 
     </span>
    </p>
   </div>
   <div class='ocr_carea' id='block_1_39' title="bbox 256 2235 1915 2316">
    <p class='ocr_par' dir='ltr' id='par_1_39' title="bbox 256 2235 1915 2316">
     <span class='ocr_line' id='line_1_39' title="bbox 256 2235 1915 2316; baseline 0.002 -25"><span class='ocrx_word' id='word_1_277' title='bbox 256 2235 488 2312; x_wconf 75' lang='grc' dir='ltr'>καρδίαν</span> <span class='ocrx_word' id='word_1_278' title='bbox 536 2237 772 2312; x_wconf 79' lang='grc' dir='ltr'>καθαρὰν</span> <span class='ocrx_word' id='word_1_279' title='bbox 856 2237 1103 2309; x_wconf 74' lang='grc' dir='ltr'>ἐπεζήτει</span> <span class='ocrx_word' id='word_1_280' title='bbox 1156 2239 1247 2294; x_wconf 82' lang='grc' dir='ltr'>καὶ</span> <span class='ocrx_word' id='word_1_281' title='bbox 1299 2244 1514 2315; x_wconf 79' lang='grc' dir='ltr'>πνεῦμα</span> <span class='ocrx_word' id='word_1_282' title='bbox 1596 2260 1915 2316; x_wconf 83' lang='grc' dir='ltr'>συντετριμ-</span> 
     </span>
    </p>
   </div>
   <div class='ocr_carea' id='block_1_40' title="bbox 263 2323 1915 2404">
    <p class='ocr_par' dir='ltr' id='par_1_40' title="bbox 263 2323 1915 2404">
     <span class='ocr_line' id='line_1_40' title="bbox 263 2323 1915 2404; baseline 0.001 -22"><span class='ocrx_word' id='word_1_283' title='bbox 263 2326 454 2401; x_wconf 65' lang='grc' dir='ltr'>μένον,</span> <span class='ocrx_word' id='word_1_284' title='bbox 486 2323 689 2398; x_wconf 87' lang='grc' dir='ltr'>πολλῷ</span> <span class='ocrx_word' id='word_1_285' title='bbox 725 2323 938 2398; x_wconf 77' lang='grc' dir='ltr'>μᾶλλον</span> <span class='ocrx_word' id='word_1_286' title='bbox 990 2324 1164 2392; x_wconf 69' lang='grc' dir='ltr'>ἐλθὼν</span> <span class='ocrx_word' id='word_1_287' title='bbox 1220 2324 1414 2384; x_wconf 81' lang='grc' dir='ltr'>ἔπαυσε</span> <span class='ocrx_word' id='word_1_288' title='bbox 1468 2330 1565 2391; x_wconf 74' lang='grc' dir='ltr'>τὰς</span> <span class='ocrx_word' id='word_1_289' title='bbox 1623 2327 1691 2384; x_wconf 82' lang='grc' dir='ltr'>δι’</span> <span class='ocrx_word' id='word_1_290' title='bbox 1752 2330 1915 2404; x_wconf 86' lang='grc' dir='ltr'>αἰμά-</span> 
     </span>
    </p>
   </div>
   <div class='ocr_carea' id='block_1_41' title="bbox 249 2411 1917 2493">
    <p class='ocr_par' dir='ltr' id='par_1_41' title="bbox 249 2411 1917 2493">
     <span class='ocr_line' id='line_1_41' title="bbox 249 2411 1917 2493; baseline 0.001 -22"><span class='ocrx_word' id='word_1_291' title='bbox 249 2438 364 2471; x_wconf 86' lang='grc' dir='ltr'>των</span> <span class='ocrx_word' id='word_1_292' title='bbox 396 2414 609 2482; x_wconf 87' lang='grc' dir='ltr'>θυσίας,</span> <span class='ocrx_word' id='word_1_293' title='bbox 643 2411 773 2469; x_wconf 65' lang='grc' dir='ltr'>ουδὲ</span> <span class='ocrx_word' id='word_1_294' title='bbox 801 2413 973 2470; x_wconf 85' lang='grc' dir='ltr'>πάλαι</span> <span class='ocrx_word' id='word_1_295' title='bbox 1006 2413 1267 2489; x_wconf 73' lang='grc' dir='ltr'>δεόμενος</span> <span class='ocrx_word' id='word_1_296' title='bbox 1324 2417 1523 2488; x_wconf 79' lang='grc' dir='ltr'>αὐτῶν,</span> <span class='ocrx_word' id='word_1_297' title='bbox 1565 2418 1641 2480; x_wconf 87' lang='grc' dir='ltr'>ὡς</span> <span class='ocrx_word' id='word_1_298' title='bbox 1681 2416 1917 2493; x_wconf 68' lang='grc' dir='ltr'>εἴρηται,</span> 
     </span>
    </p>
   </div>
   <div class='ocr_carea' id='block_1_42' title="bbox 255 2502 1916 2583">
    <p class='ocr_par' dir='ltr' id='par_1_42' title="bbox 255 2502 1916 2583">
     <span class='ocr_line' id='line_1_42' title="bbox 255 2502 1916 2583; baseline 0.002 -23"><span class='ocrx_word' id='word_1_299' title='bbox 255 2503 413 2561; x_wconf 77' lang='grc' dir='ltr'>ἀλλά</span> <span class='ocrx_word' id='word_1_300' title='bbox 441 2504 488 2558; x_wconf 84' lang='grc' dir='ltr'>εἰ</span> <span class='ocrx_word' id='word_1_301' title='bbox 515 2502 837 2579; x_wconf 81' lang='grc' dir='ltr'>βουληθῶσι</span> <span class='ocrx_word' id='word_1_302' title='bbox 893 2510 1225 2582; x_wconf 80' lang='grc' dir='ltr'>συγχωρῶν,</span> <span class='ocrx_word' id='word_1_303' title='bbox 1273 2508 1364 2562; x_wconf 81' lang='grc' dir='ltr'>καὶ</span> <span class='ocrx_word' id='word_1_304' title='bbox 1424 2507 1470 2562; x_wconf 83' lang='grc' dir='ltr'>εἰ</span> <span class='ocrx_word' id='word_1_305' title='bbox 1529 2508 1633 2563; x_wconf 88' lang='grc' dir='ltr'>ἀπὸ</span> <span class='ocrx_word' id='word_1_306' title='bbox 1689 2507 1916 2583; x_wconf 87' lang='grc' dir='ltr'>γνώμης</span> 
     </span>
    </p>
   </div>
   <div class='ocr_carea' id='block_1_43' title="bbox 254 2594 1919 2671">
    <p class='ocr_par' dir='ltr' id='par_1_43' title="bbox 254 2594 1919 2671">
     <span class='ocr_line' id='line_1_43' title="bbox 254 2594 1919 2671; baseline 0.002 -23"><span class='ocrx_word' id='word_1_307' title='bbox 254 2594 430 2670; x_wconf 78' lang='grc' dir='ltr'>ὀρθῆς</span> <span class='ocrx_word' id='word_1_308' title='bbox 488 2594 901 2666; x_wconf 82' lang='grc' dir='ltr'>προσοίσουσιν.</span> <span class='ocrx_word' id='word_1_309' title='bbox 979 2595 1042 2652; x_wconf 78' lang='grc' dir='ltr'>Εἰ</span> <span class='ocrx_word' id='word_1_310' title='bbox 1097 2596 1240 2659; x_wconf 91' lang='grc' dir='ltr'>θύειν</span> <span class='ocrx_word' id='word_1_311' title='bbox 1315 2595 1620 2671; x_wconf 79' lang='grc' dir='ltr'>ἐπιθυμεῖς,</span> <span class='ocrx_word' id='word_1_312' title='bbox 1680 2597 1741 2651; x_wconf 84' lang='grc' dir='ltr'>οὐ</span> <span class='ocrx_word' id='word_1_313' title='bbox 1800 2594 1919 2651; x_wconf 80' lang='grc' dir='ltr'>δεο⁴</span> 
     </span>
    </p>
   </div>
   <div class='ocr_carea' id='block_1_44' title="bbox 263 2680 1917 2763">
    <p class='ocr_par' dir='ltr' id='par_1_44' title="bbox 263 2680 1917 2763">
     <span class='ocr_line' id='line_1_44' title="bbox 263 2680 1917 2763; baseline 0.003 -27"><span class='ocrx_word' id='word_1_314' title='bbox 263 2682 414 2756; x_wconf 68' lang='grc' dir='ltr'>μένῳ</span> <span class='ocrx_word' id='word_1_315' title='bbox 446 2703 547 2756; x_wconf 87' lang='grc' dir='ltr'>μοι</span> <span class='ocrx_word' id='word_1_316' title='bbox 578 2683 690 2740; x_wconf 78' lang='grc' dir='ltr'>θύε.</span> <span class='ocrx_word' id='word_1_317' title='bbox 718 2681 917 2741; x_wconf 86' lang='grc' dir='ltr'>Ὀπότε</span> <span class='ocrx_word' id='word_1_318' title='bbox 947 2680 1005 2738; x_wconf 73' lang='grc' dir='ltr'>δὲ</span> <span class='ocrx_word' id='word_1_319' title='bbox 1021 2683 1220 2740; x_wconf 85' lang='grc' dir='ltr'>τούτου</span> <span class='ocrx_word' id='word_1_320' title='bbox 1271 2686 1588 2759; x_wconf 77' lang='grc' dir='ltr'>ἄμνήμονες</span> <span class='ocrx_word' id='word_1_321' title='bbox 1646 2685 1917 2763; x_wconf 73' lang='grc' dir='ltr'>ἐγένοντο,</span> 
     </span>
    </p>
   </div>
   <div class='ocr_carea' id='block_1_45' title="bbox 258 2771 1919 2848">
    <p class='ocr_par' dir='ltr' id='par_1_45' title="bbox 258 2771 1919 2848">
     <span class='ocr_line' id='line_1_45' title="bbox 258 2771 1919 2848; baseline 0.001 -21"><span class='ocrx_word' id='word_1_322' title='bbox 258 2774 349 2827; x_wconf 75' lang='grc' dir='ltr'>καὶ</span> <span class='ocrx_word' id='word_1_323' title='bbox 390 2772 609 2847; x_wconf 87' lang='grc' dir='ltr'>μόσχον</span> <span class='ocrx_word' id='word_1_324' title='bbox 644 2771 762 2826; x_wconf 79' lang='grc' dir='ltr'>ἀντὶ</span> <span class='ocrx_word' id='word_1_325' title='bbox 807 2777 940 2828; x_wconf 78' lang='grc' dir='ltr'>Θεοῦ</span> <span class='ocrx_word' id='word_1_326' title='bbox 995 2774 1114 2837; x_wconf 85' lang='grc' dir='ltr'>θεὸν</span> <span class='ocrx_word' id='word_1_327' title='bbox 1169 2772 1586 2846; x_wconf 74' lang='grc' dir='ltr'>ἐπεκαλέσαντο,</span> <span class='ocrx_word' id='word_1_328' title='bbox 1619 2775 1709 2831; x_wconf 81' lang='grc' dir='ltr'>καὶ</span> <span class='ocrx_word' id='word_1_329' title='bbox 1741 2775 1919 2848; x_wconf 86' lang='grc' dir='ltr'>τούτῳ</span> 
     </span>
    </p>
   </div>
   <div class='ocr_carea' id='block_1_46' title="bbox 256 2860 1918 2941">
    <p class='ocr_par' dir='ltr' id='par_1_46' title="bbox 256 2860 1918 2941">
     <span class='ocr_line' id='line_1_46' title="bbox 256 2860 1918 2941; baseline 0.002 -24"><span class='ocrx_word' id='word_1_330' title='bbox 256 2863 361 2929; x_wconf 73' lang='grc' dir='ltr'>τήν</span> <span class='ocrx_word' id='word_1_331' title='bbox 420 2861 598 2915; x_wconf 76' lang='grc' dir='ltr'>αἰτίαν</span> <span class='ocrx_word' id='word_1_332' title='bbox 647 2867 747 2930; x_wconf 86' lang='grc' dir='ltr'>τῆς</span> <span class='ocrx_word' id='word_1_333' title='bbox 804 2860 856 2931; x_wconf 77' lang='grc' dir='ltr'>ἐξ</span> <span class='ocrx_word' id='word_1_334' title='bbox 907 2861 1189 2938; x_wconf 75' lang='grc' dir='ltr'>Αἰγύπτου</span> <span class='ocrx_word' id='word_1_335' title='bbox 1245 2863 1468 2938; x_wconf 88' lang='grc' dir='ltr'>πορείας</span> <span class='ocrx_word' id='word_1_336' title='bbox 1526 2863 1918 2941; x_wconf 83' lang='grc' dir='ltr'>ἐπεγράψαντο,</span> 
     </span>
    </p>
   </div>
   <div class='ocr_carea' id='block_1_47' title="bbox 265 2948 1921 3028">
    <p class='ocr_par' dir='ltr' id='par_1_47' title="bbox 265 2948 1921 3028">
     <span class='ocr_line' id='line_1_47' title="bbox 265 2948 1921 3028; baseline 0.002 -23"><span class='ocrx_word' id='word_1_337' title='bbox 265 2950 547 3026; x_wconf 72' lang='grc' dir='ltr'>λέγοντες·</span> <span class='ocrx_word' id='word_1_338' title='bbox 580 2948 745 3007; x_wconf 76' lang='grc' dir='ltr'>Οὗτοι</span> <span class='ocrx_word' id='word_1_339' title='bbox 779 2950 833 3004; x_wconf 83' lang='grc' dir='ltr'>οἰ</span> <span class='ocrx_word' id='word_1_340' title='bbox 862 2951 973 3005; x_wconf 87' lang='grc' dir='ltr'>θεοί</span> <span class='ocrx_word' id='word_1_341' title='bbox 1006 2971 1123 3023; x_wconf 80' lang='grc' dir='ltr'>σου,</span> <span class='ocrx_word' id='word_1_342' title='bbox 1169 2951 1415 3027; x_wconf 79' lang='grc' dir='ltr'>Ἰσραὴλ,</span> <span class='ocrx_word' id='word_1_343' title='bbox 1471 2954 1524 3007; x_wconf 79' lang='grc' dir='ltr'>οἱ</span> <span class='ocrx_word' id='word_1_344' title='bbox 1577 2952 1921 3028; x_wconf 82' lang='grc' dir='ltr'>ἐξαγαγόντες</span> 
     </span>
    </p>
   </div>
   <div class='ocr_carea' id='block_1_48' title="bbox 265 3038 1918 3117">
    <p class='ocr_par' dir='ltr' id='par_1_48' title="bbox 265 3038 1918 3117">
     <span class='ocr_line' id='line_1_48' title="bbox 265 3038 1918 3117; baseline 0.003 -24"><span class='ocrx_word' id='word_1_345' title='bbox 265 3061 323 3094; x_wconf 86' lang='grc' dir='ltr'>σε</span> <span class='ocrx_word' id='word_1_346' title='bbox 355 3040 421 3095; x_wconf 66' lang='grc' dir='ltr'>ἐκ</span> <span class='ocrx_word' id='word_1_347' title='bbox 472 3046 579 3115; x_wconf 83' lang='grc' dir='ltr'>γῆς</span> <span class='ocrx_word' id='word_1_348' title='bbox 635 3038 937 3114; x_wconf 76' lang='grc' dir='ltr'>Αἰγύπτου’</span> <span class='ocrx_word' id='word_1_349' title='bbox 996 3040 1087 3095; x_wconf 84' lang='grc' dir='ltr'>καὶ</span> <span class='ocrx_word' id='word_1_350' title='bbox 1143 3041 1769 3117; x_wconf 57' lang='grc' dir='ltr'>ἀπαρνησάμενοιτθεὸν</span> <span class='ocrx_word' id='word_1_351' title='bbox 1826 3042 1918 3098; x_wconf 87' lang='grc' dir='ltr'>τὸν</span> 
     </span>
    </p>
   </div>
   <div class='ocr_carea' id='block_1_49' title="bbox 276 3120 1921 3205">
    <p class='ocr_par' dir='ltr' id='par_1_49' title="bbox 276 3120 1921 3205">
     <span class='ocr_line' id='line_1_49' title="bbox 276 3120 1921 3205; baseline 0.004 -26"><span class='ocrx_word' id='word_1_352' title='bbox 276 3124 369 3181; x_wconf 63' lang='grc' dir='ltr'>διὰ</span> <span class='ocrx_word' id='word_1_353' title='bbox 415 3129 696 3189; x_wconf 68' lang='grc' dir='ltr'>Μωυσέως</span> <span class='ocrx_word' id='word_1_354' title='bbox 766 3126 1190 3202; x_wconf 82' lang='grc' dir='ltr'>ἐπισκεψάμενον</span> <span class='ocrx_word' id='word_1_355' title='bbox 1249 3129 1444 3193; x_wconf 82' lang='grc' dir='ltr'>αὐτοὺς</span> <span class='ocrx_word' id='word_1_356' title='bbox 1504 3128 1555 3186; x_wconf 83' lang='grc' dir='ltr'>ὲν</span> <span class='ocrx_word' id='word_1_357' title='bbox 1608 3135 1677 3205; x_wconf 81' lang='grc' dir='ltr'>τῇ</span> <span class='ocrx_word' id='word_1_358' title='bbox 1730 3120 1921 3205; x_wconf 56' lang='grc' dir='ltr'>’θλίψει</span> 
     </span>
    </p>
   </div>
   <div class='ocr_carea' id='block_1_50' title="bbox 274 3214 1920 3297">
    <p class='ocr_par' dir='ltr' id='par_1_50' title="bbox 274 3214 1920 3297">
     <span class='ocr_line' id='line_1_50' title="bbox 274 3214 1920 3297; baseline 0.004 -29"><span class='ocrx_word' id='word_1_359' title='bbox 274 3214 479 3285; x_wconf 72' lang='grc' dir='ltr'>αὐτῶν,</span> <span class='ocrx_word' id='word_1_360' title='bbox 505 3217 591 3272; x_wconf 81' lang='grc' dir='ltr'>τὸν</span> <span class='ocrx_word' id='word_1_361' title='bbox 619 3216 687 3270; x_wconf 84' lang='grc' dir='ltr'>τά</span> <span class='ocrx_word' id='word_1_362' title='bbox 720 3221 925 3290; x_wconf 79' lang='grc' dir='ltr'>σημεῖα</span> <span class='ocrx_word' id='word_1_363' title='bbox 952 3218 1076 3292; x_wconf 89' lang='grc' dir='ltr'>περί</span> <span class='ocrx_word' id='word_1_364' title='bbox 1107 3219 1296 3297; x_wconf 88' lang='grc' dir='ltr'>χειρὸς</span> <span class='ocrx_word' id='word_1_365' title='bbox 1350 3220 1440 3274; x_wconf 82' lang='grc' dir='ltr'>καὶ</span> <span class='ocrx_word' id='word_1_366' title='bbox 1500 3215 1702 3293; x_wconf 76' lang='grc' dir='ltr'>ῥάϐδου</span> <span class='ocrx_word' id='word_1_367' title='bbox 1756 3240 1920 3290; x_wconf 87' lang='grc' dir='ltr'>ποιη-</span> 
     </span>
    </p>
   </div>
   <div class='ocr_carea' id='block_1_51' title="bbox 263 3305 1922 3387">
    <p class='ocr_par' dir='ltr' id='par_1_51' title="bbox 263 3305 1922 3387">
     <span class='ocr_line' id='line_1_51' title="bbox 263 3305 1922 3387; baseline 0.002 -28"><span class='ocrx_word' id='word_1_368' title='bbox 263 3307 532 3378; x_wconf 80' lang='grc' dir='ltr'>σάμενον,</span> <span class='ocrx_word' id='word_1_369' title='bbox 608 3307 703 3362; x_wconf 87' lang='grc' dir='ltr'>τὸν</span> <span class='ocrx_word' id='word_1_370' title='bbox 802 3306 1135 3381; x_wconf 80' lang='grc' dir='ltr'>Αἰγυπτίους</span> <span class='ocrx_word' id='word_1_371' title='bbox 1217 3305 1546 3382; x_wconf 82' lang='grc' dir='ltr'>δεκαπλήγῳ</span> <span class='ocrx_word' id='word_1_372' title='bbox 1599 3309 1922 3387; x_wconf 72' lang='grc' dir='ltr'>πατάξαντα,</span> 
     </span>
    </p>
   </div>
   <div class='ocr_carea' id='block_1_52' title="bbox 258 3394 1929 3472">
    <p class='ocr_par' dir='ltr' id='par_1_52' title="bbox 258 3394 1929 3472">
     <span class='ocr_line' id='line_1_52' title="bbox 258 3394 1929 3472; baseline 0.001 -22"><span class='ocrx_word' id='word_1_373' title='bbox 258 3395 358 3450; x_wconf 79' lang='grc' dir='ltr'>τὸν</span> <span class='ocrx_word' id='word_1_374' title='bbox 397 3396 500 3464; x_wconf 79' lang='grc' dir='ltr'>τήν</span> <span class='ocrx_word' id='word_1_375' title='bbox 557 3395 826 3471; x_wconf 78' lang='grc' dir='ltr'>Ἐρυθρὰν</span> <span class='ocrx_word' id='word_1_376' title='bbox 857 3394 1127 3460; x_wconf 77' lang='grc' dir='ltr'>θάλασσαν</span> <span class='ocrx_word' id='word_1_377' title='bbox 1184 3397 1260 3459; x_wconf 84' lang='grc' dir='ltr'>εἷς</span> <span class='ocrx_word' id='word_1_378' title='bbox 1319 3396 1605 3472; x_wconf 74' lang='grc' dir='ltr'>διαιρέσεις</span> <span class='ocrx_word' id='word_1_379' title='bbox 1679 3395 1929 3454; x_wconf 86' lang='grc' dir='ltr'>διελόντα</span> 
     </span>
    </p>
   </div>
   <div class='ocr_carea' id='block_1_53' title="bbox 254 3481 1928 3560">
    <p class='ocr_par' dir='ltr' id='par_1_53' title="bbox 254 3481 1928 3560">
     <span class='ocr_line' id='line_1_53' title="bbox 254 3481 1928 3560; baseline 0.002 -21"><span class='ocrx_word' id='word_1_380' title='bbox 254 3486 350 3539; x_wconf 79' lang='grc' dir='ltr'>καὶ</span> <span class='ocrx_word' id='word_1_381' title='bbox 384 3481 718 3560; x_wconf 78' lang='grc' dir='ltr'>διαγαγόντα</span> <span class='ocrx_word' id='word_1_382' title='bbox 750 3483 955 3547; x_wconf 79' lang='grc' dir='ltr'>αὐτοὺς</span> <span class='ocrx_word' id='word_1_383' title='bbox 1005 3484 1057 3541; x_wconf 78' lang='grc' dir='ltr'>ἐν</span> <span class='ocrx_word' id='word_1_384' title='bbox 1112 3485 1260 3560; x_wconf 77' lang='grc' dir='ltr'>μέσῳ</span> <span class='ocrx_word' id='word_1_385' title='bbox 1304 3490 1403 3542; x_wconf 79' lang='grc' dir='ltr'>τοῦ</span> <span class='ocrx_word' id='word_1_386' title='bbox 1455 3485 1649 3548; x_wconf 76' lang='grc' dir='ltr'>ὕδατος</span> <span class='ocrx_word' id='word_1_387' title='bbox 1707 3487 1782 3550; x_wconf 84' lang='grc' dir='ltr'>ὡς</span> <span class='ocrx_word' id='word_1_388' title='bbox 1841 3484 1928 3542; x_wconf 82' lang='grc' dir='ltr'>διὰ</span> 
     </span>
    </p>
   </div>
   <div class='ocr_carea' id='block_1_54' title="bbox 263 3571 1932 3652">
    <p class='ocr_par' dir='ltr' id='par_1_54' title="bbox 263 3571 1932 3652">
     <span class='ocr_line' id='line_1_54' title="bbox 263 3571 1932 3652; baseline 0.002 -25"><span class='ocrx_word' id='word_1_389' title='bbox 263 3577 461 3648; x_wconf 72' lang='grc' dir='ltr'>ξηρᾶς,</span> <span class='ocrx_word' id='word_1_390' title='bbox 519 3574 616 3628; x_wconf 88' lang='grc' dir='ltr'>τὸν</span> <span class='ocrx_word' id='word_1_391' title='bbox 690 3572 818 3635; x_wconf 78' lang='grc' dir='ltr'>τοὺς</span> <span class='ocrx_word' id='word_1_392' title='bbox 905 3571 1137 3652; x_wconf 79' lang='grc' dir='ltr'>ἐχθροὺς</span> <span class='ocrx_word' id='word_1_393' title='bbox 1194 3576 1377 3632; x_wconf 76' lang='grc' dir='ltr'>αὐτῶν</span> <span class='ocrx_word' id='word_1_394' title='bbox 1467 3576 1777 3652; x_wconf 88' lang='grc' dir='ltr'>βυθίσαντα,</span> <span class='ocrx_word' id='word_1_395' title='bbox 1841 3577 1932 3631; x_wconf 89' lang='grc' dir='ltr'>τὸν</span> 
     </span>
    </p>
   </div>
   <div class='ocr_carea' id='block_1_55' title="bbox 267 3664 1929 3742">
    <p class='ocr_par' dir='ltr' id='par_1_55' title="bbox 267 3664 1929 3742">
     <span class='ocr_line' id='line_1_55' title="bbox 267 3664 1929 3742; baseline 0.001 -22"><span class='ocrx_word' id='word_1_396' title='bbox 267 3664 489 3739; x_wconf 74' lang='grc' dir='ltr'>Μερῥάν</span> <span class='ocrx_word' id='word_1_397' title='bbox 546 3664 646 3732; x_wconf 79' lang='grc' dir='ltr'>τὴν</span> <span class='ocrx_word' id='word_1_398' title='bbox 720 3666 907 3738; x_wconf 74' lang='grc' dir='ltr'>πηγὴν</span> <span class='ocrx_word' id='word_1_399' title='bbox 962 3665 1062 3733; x_wconf 77' lang='grc' dir='ltr'>τήν</span> <span class='ocrx_word' id='word_1_400' title='bbox 1146 3666 1343 3741; x_wconf 81' lang='grc' dir='ltr'>πικρὰν</span> <span class='ocrx_word' id='word_1_401' title='bbox 1402 3664 1762 3742; x_wconf 87' lang='grc' dir='ltr'>γλυκάναντα,</span> <span class='ocrx_word' id='word_1_402' title='bbox 1838 3668 1929 3723; x_wconf 89' lang='grc' dir='ltr'>τὸν</span> 
     </span>
    </p>
   </div>
   <div class='ocr_carea' id='block_1_56' title="bbox 270 3750 1935 3829">
    <p class='ocr_par' dir='ltr' id='par_1_56' title="bbox 270 3750 1935 3829">
     <span class='ocr_line' id='line_1_56' title="bbox 270 3750 1935 3829; baseline 0.002 -21"><span class='ocrx_word' id='word_1_403' title='bbox 270 3753 330 3808; x_wconf 70' lang='grc' dir='ltr'><strong>ἐκ</strong></span> <span class='ocrx_word' id='word_1_404' title='bbox 390 3753 599 3827; x_wconf 72' lang='grc' dir='ltr'>πέτρας</span> <span class='ocrx_word' id='word_1_405' title='bbox 650 3751 961 3827; x_wconf 86' lang='grc' dir='ltr'>ἀκροτόμου</span> <span class='ocrx_word' id='word_1_406' title='bbox 1028 3750 1176 3829; x_wconf 80' lang='grc' dir='ltr'>ὕδωρ</span> <span class='ocrx_word' id='word_1_407' title='bbox 1262 3754 1338 3817; x_wconf 85' lang='grc' dir='ltr'>εἰς</span> <span class='ocrx_word' id='word_1_408' title='bbox 1423 3753 1751 3829; x_wconf 78' lang='grc' dir='ltr'>πλησμονὴν</span> <span class='ocrx_word' id='word_1_409' title='bbox 1811 3757 1935 3811; x_wconf 85' lang='grc' dir='ltr'>ἀνα-</span> 
     </span>
    </p>
   </div>
   <div class='ocr_carea' id='block_1_57' title="bbox 277 3838 1937 3919">
    <p class='ocr_par' dir='ltr' id='par_1_57' title="bbox 277 3838 1937 3919">
     <span class='ocr_line' id='line_1_57' title="bbox 277 3838 1937 3919; baseline 0.002 -24"><span class='ocrx_word' id='word_1_410' title='bbox 277 3838 586 3911; x_wconf 72' lang='grc' dir='ltr'>ϐλύσαντα,</span> <span class='ocrx_word' id='word_1_411' title='bbox 616 3841 709 3897; x_wconf 87' lang='grc' dir='ltr'>τὸν</span> <span class='ocrx_word' id='word_1_412' title='bbox 754 3839 937 3914; x_wconf 83' lang='grc' dir='ltr'>στύλῳ</span> <span class='ocrx_word' id='word_1_413' title='bbox 994 3844 1084 3917; x_wconf 81' lang='grc' dir='ltr'>[Ρ,</span> <span class='ocrx_word' id='word_1_414' title='bbox 1141 3845 1268 3917; x_wconf 83' lang='grc'>239]</span> <span class='ocrx_word' id='word_1_415' title='bbox 1320 3841 1555 3919; x_wconf 64' lang='grc' dir='ltr'>νεφέλης</span> <span class='ocrx_word' id='word_1_416' title='bbox 1602 3844 1692 3899; x_wconf 82' lang='grc' dir='ltr'>καὶ</span> <span class='ocrx_word' id='word_1_417' title='bbox 1750 3842 1937 3917; x_wconf 84' lang='grc' dir='ltr'>στύλῳ</span> 
     </span>
    </p>
   </div>
   <div class='ocr_carea' id='block_1_58' title="bbox 267 3926 1937 4007">
    <p class='ocr_par' dir='ltr' id='par_1_58' title="bbox 267 3926 1937 4007">
     <span class='ocr_line' id='line_1_58' title="bbox 267 3926 1937 4007; baseline 0.004 -23"><span class='ocrx_word' id='word_1_418' title='bbox 267 3932 446 4004; x_wconf 79' lang='grc' dir='ltr'>πυρὸς</span> <span class='ocrx_word' id='word_1_419' title='bbox 506 3930 803 3999; x_wconf 80' lang='grc' dir='ltr'>σκιάζοντα</span> <span class='ocrx_word' id='word_1_420' title='bbox 858 3931 1057 3993; x_wconf 77' lang='grc' dir='ltr'>αὐτοὺς</span> <span class='ocrx_word' id='word_1_421' title='bbox 1113 3929 1202 3987; x_wconf 85' lang='grc' dir='ltr'>διά</span> <span class='ocrx_word' id='word_1_422' title='bbox 1274 3932 1482 3994; x_wconf 88' lang='grc' dir='ltr'>θάλπος</span> <span class='ocrx_word' id='word_1_423' title='bbox 1538 3932 1790 4007; x_wconf 72' lang='grc' dir='ltr'>ἄμετρον,</span> <span class='ocrx_word' id='word_1_424' title='bbox 1846 3926 1937 3989; x_wconf 74' lang='grc' dir='ltr'>καὶ</span> 
     </span>
    </p>
   </div>
   <div class='ocr_carea' id='block_1_59' title="bbox 252 4015 1939 4094">
    <p class='ocr_par' dir='ltr' id='par_1_59' title="bbox 252 4015 1939 4094">
     <span class='ocr_line' id='line_1_59' title="bbox 252 4015 1939 4094; baseline 0.002 -21"><span class='ocrx_word' id='word_1_425' title='bbox 252 4017 583 4091; x_wconf 60' lang='grc' dir='ltr'>φωτίζοντα</span> <span class='ocrx_word' id='word_1_426' title='bbox 639 4016 729 4072; x_wconf 78' lang='grc' dir='ltr'>καὶ</span> <span class='ocrx_word' id='word_1_427' title='bbox 777 4015 1081 4094; x_wconf 76' lang='grc' dir='ltr'>ὁδηγοῦντα</span> <span class='ocrx_word' id='word_1_428' title='bbox 1133 4018 1265 4083; x_wconf 83' lang='grc' dir='ltr'>τοὺς</span> <span class='ocrx_word' id='word_1_429' title='bbox 1348 4021 1452 4076; x_wconf 76' lang='grc' dir='ltr'>οὐκ</span> <span class='ocrx_word' id='word_1_430' title='bbox 1528 4020 1742 4085; x_wconf 81' lang='grc' dir='ltr'>εἰδότας</span> <span class='ocrx_word' id='word_1_431' title='bbox 1800 4022 1939 4077; x_wconf 81' lang='grc' dir='ltr'>ὅπου</span> 
     </span>
    </p>
   </div>
   <div class='ocr_carea' id='block_1_60' title="bbox 1949 3266 1996 3330">
    <p class='ocr_par' dir='ltr' id='par_1_60' title="bbox 1949 3266 1996 3330">
     <span class='ocr_line' id='line_1_60' title="bbox 1949 3266 1996 3330; baseline 0 0"><span class='ocrx_word' id='word_1_432' title='bbox 1949 3266 1996 3330; x_wconf 88' lang='lat' dir='ltr'>C</span> 
     </span>
    </p>
   </div>
   <div class='ocr_carea' id='block_1_61' title="bbox 2024 1969 3682 2041">
    <p class='ocr_par' dir='ltr' id='par_1_61' title="bbox 2024 1969 3682 2041">
     <span class='ocr_line' id='line_1_61' title="bbox 2024 1969 3682 2041; baseline -0.001 -14"><span class='ocrx_word' id='word_1_433' title='bbox 2024 1971 2317 2027; x_wconf 76' lang='lat' dir='ltr'>sacriﬁcio</span> <span class='ocrx_word' id='word_1_434' title='bbox 2352 1970 2585 2041; x_wconf 88' lang='lat' dir='ltr'>potiora</span> <span class='ocrx_word' id='word_1_435' title='bbox 2632 1969 2859 2037; x_wconf 89' lang='lat' dir='ltr'>habuit,</span> <span class='ocrx_word' id='word_1_436' title='bbox 2891 1969 2939 2023; x_wconf 91' lang='lat' dir='ltr'>is</span> <span class='ocrx_word' id='word_1_437' title='bbox 2989 1969 3194 2039; x_wconf 85' lang='lat' dir='ltr'>utique</span> <span class='ocrx_word' id='word_1_438' title='bbox 3251 1977 3563 2040; x_wconf 85' lang='lat' dir='ltr'>postquam</span> <span class='ocrx_word' id='word_1_439' title='bbox 3620 1971 3682 2025; x_wconf 89' lang='lat' dir='ltr'>in</span> 
     </span>
    </p>
   </div>
   <div class='ocr_carea' id='block_1_62' title="bbox 2027 2059 3682 2131">
    <p class='ocr_par' dir='ltr' id='par_1_62' title="bbox 2027 2059 3682 2131">
     <span class='ocr_line' id='line_1_62' title="bbox 2027 2059 3682 2131; baseline -0.001 -14"><span class='ocrx_word' id='word_1_440' title='bbox 2027 2077 2270 2117; x_wconf 90' lang='lat' dir='ltr'>carnem</span> <span class='ocrx_word' id='word_1_441' title='bbox 2302 2060 2480 2129; x_wconf 84' lang='lat' dir='ltr'>venit,</span> <span class='ocrx_word' id='word_1_442' title='bbox 2508 2059 2698 2115; x_wconf 92' lang='lat' dir='ltr'>multo</span> <span class='ocrx_word' id='word_1_443' title='bbox 2738 2059 2925 2131; x_wconf 81' lang='lat' dir='ltr'>magis</span> <span class='ocrx_word' id='word_1_444' title='bbox 2978 2060 3358 2131; x_wconf 72' lang='lat' dir='ltr'>sanguinaria</span> <span class='ocrx_word' id='word_1_445' title='bbox 3396 2061 3511 2116; x_wconf 86' lang='lat' dir='ltr'>ista</span> <span class='ocrx_word' id='word_1_446' title='bbox 3540 2061 3682 2116; x_wconf 88' lang='lat' dir='ltr'>abo-</span> 
     </span>
    </p>
   </div>
   <div class='ocr_carea' id='block_1_63' title="bbox 2026 2148 3680 2221">
    <p class='ocr_par' dir='ltr' id='par_1_63' title="bbox 2026 2148 3680 2221">
     <span class='ocr_line' id='line_1_63' title="bbox 2026 2148 3680 2221; baseline -0.001 -15"><span class='ocrx_word' id='word_1_447' title='bbox 2026 2151 2169 2206; x_wconf 88' lang='lat' dir='ltr'>levit</span> <span class='ocrx_word' id='word_1_448' title='bbox 2197 2148 2509 2217; x_wconf 80' lang='lat' dir='ltr'>sacriﬁcia,</span> <span class='ocrx_word' id='word_1_449' title='bbox 2543 2166 2674 2218; x_wconf 67' lang='lat' dir='ltr'>qum</span> <span class='ocrx_word' id='word_1_450' title='bbox 2730 2166 2806 2204; x_wconf 90' lang='lat' dir='ltr'>ne</span> <span class='ocrx_word' id='word_1_451' title='bbox 2836 2148 3068 2220; x_wconf 86' lang='lat' dir='ltr'>pridem</span> <span class='ocrx_word' id='word_1_452' title='bbox 3101 2148 3342 2219; x_wconf 91' lang='lat' dir='ltr'>quidem</span> <span class='ocrx_word' id='word_1_453' title='bbox 3393 2150 3680 2221; x_wconf 85' lang='lat' dir='ltr'>requisie-</span> 
     </span>
    </p>
   </div>
   <div class='ocr_carea' id='block_1_64' title="bbox 2025 2237 3683 2310">
    <p class='ocr_par' dir='ltr' id='par_1_64' title="bbox 2025 2237 3683 2310">
     <span class='ocr_line' id='line_1_64' title="bbox 2025 2237 3683 2310; baseline -0.002 -14"><span class='ocrx_word' id='word_1_454' title='bbox 2025 2246 2148 2308; x_wconf 90' lang='lat' dir='ltr'>rat,</span> <span class='ocrx_word' id='word_1_455' title='bbox 2180 2240 2286 2294; x_wconf 92' lang='lat' dir='ltr'>sed</span> <span class='ocrx_word' id='word_1_456' title='bbox 2343 2238 2678 2294; x_wconf 87' lang='lat' dir='ltr'>sacriﬁcare</span> <span class='ocrx_word' id='word_1_457' title='bbox 2710 2237 3088 2308; x_wconf 89' lang='lat' dir='ltr'>cupientibus</span> <span class='ocrx_word' id='word_1_458' title='bbox 3109 2237 3361 2293; x_wconf 85' lang='lat' dir='ltr'>liberam</span> <span class='ocrx_word' id='word_1_459' title='bbox 3394 2256 3521 2293; x_wconf 90' lang='lat' dir='ltr'>rem</span> <span class='ocrx_word' id='word_1_460' title='bbox 3551 2256 3683 2310; x_wconf 89' lang='lat' dir='ltr'>per-</span> 
     </span>
    </p>
   </div>
   <div class='ocr_carea' id='block_1_65' title="bbox 2027 2326 3672 2395">
    <p class='ocr_par' dir='ltr' id='par_1_65' title="bbox 2027 2326 3672 2395">
     <span class='ocr_line' id='line_1_65' title="bbox 2027 2326 3672 2395; baseline -0.002 -11"><span class='ocrx_word' id='word_1_461' title='bbox 2027 2329 2289 2395; x_wconf 89' lang='lat' dir='ltr'>miserat,</span> <span class='ocrx_word' id='word_1_462' title='bbox 2316 2326 2492 2382; x_wconf 91' lang='lat' dir='ltr'>modo</span> <span class='ocrx_word' id='word_1_463' title='bbox 2525 2343 2594 2382; x_wconf 90' lang='lat' dir='ltr'>ea</span> <span class='ocrx_word' id='word_1_464' title='bbox 2623 2327 2798 2382; x_wconf 85' lang='lat' dir='ltr'>corde</span> <span class='ocrx_word' id='word_1_465' title='bbox 2820 2331 2979 2381; x_wconf 87' lang='lat' dir='ltr'>recto</span> <span class='ocrx_word' id='word_1_466' title='bbox 3010 2328 3308 2381; x_wconf 82' lang='lat' dir='ltr'>oﬂ&#39;errent.</span> <span class='ocrx_word' id='word_1_467' title='bbox 3337 2326 3477 2382; x_wconf 89' lang='lat' dir='ltr'>Ideo</span> <span class='ocrx_word' id='word_1_468' title='bbox 3500 2326 3672 2386; x_wconf 81' lang='lat' dir='ltr'>dicit;</span> 
     </span>
    </p>
   </div>
   <div class='ocr_carea' id='block_1_66' title="bbox 2028 2415 3674 2487">
    <p class='ocr_par' dir='ltr' id='par_1_66' title="bbox 2028 2415 3674 2487">
     <span class='ocr_line' id='line_1_66' title="bbox 2028 2415 3674 2487; baseline -0.001 -14"><span class='ocrx_word' id='word_1_469' title='bbox 2028 2418 2086 2473; x_wconf 92' lang='lat' dir='ltr'>Si</span> <span class='ocrx_word' id='word_1_470' title='bbox 2117 2417 2453 2473; x_wconf 82' lang='lat' dir='ltr'>sacriﬁcare</span> <span class='ocrx_word' id='word_1_471' title='bbox 2476 2416 2663 2487; x_wconf 90' lang='lat' dir='ltr'>cupis,</span> <span class='ocrx_word' id='word_1_472' title='bbox 2692 2416 2840 2470; x_wconf 90' lang='lat' dir='ltr'>mihi</span> <span class='ocrx_word' id='word_1_473' title='bbox 2870 2432 2991 2470; x_wconf 90' lang='lat' dir='ltr'>non</span> <span class='ocrx_word' id='word_1_474' title='bbox 3028 2415 3357 2486; x_wconf 88' lang='lat' dir='ltr'>requirenti</span> <span class='ocrx_word' id='word_1_475' title='bbox 3388 2415 3674 2471; x_wconf 80' lang='lat' dir='ltr'>sacriﬁca.</span> 
     </span>
    </p>
   </div>
   <div class='ocr_carea' id='block_1_67' title="bbox 2030 2504 3684 2577">
    <p class='ocr_par' dir='ltr' id='par_1_67' title="bbox 2030 2504 3684 2577">
     <span class='ocr_line' id='line_1_67' title="bbox 2030 2504 3684 2577; baseline -0.001 -15"><span class='ocrx_word' id='word_1_476' title='bbox 2030 2508 2176 2562; x_wconf 89' lang='lat' dir='ltr'>Cum</span> <span class='ocrx_word' id='word_1_477' title='bbox 2200 2523 2341 2562; x_wconf 86' lang='lat' dir='ltr'>vero</span> <span class='ocrx_word' id='word_1_478' title='bbox 2374 2505 2476 2560; x_wconf 92' lang='lat' dir='ltr'>Dei</span> <span class='ocrx_word' id='word_1_479' title='bbox 2508 2504 2676 2559; x_wconf 90' lang='lat' dir='ltr'>obliti</span> <span class='ocrx_word' id='word_1_480' title='bbox 2708 2504 2839 2577; x_wconf 90' lang='lat' dir='ltr'>ejus</span> <span class='ocrx_word' id='word_1_481' title='bbox 2895 2504 3026 2560; x_wconf 93' lang='lat' dir='ltr'>loco</span> <span class='ocrx_word' id='word_1_482' title='bbox 3073 2505 3324 2560; x_wconf 86' lang='lat' dir='ltr'>vitulum</span> <span class='ocrx_word' id='word_1_483' title='bbox 3380 2505 3684 2561; x_wconf 87' lang='lat' dir='ltr'>invocave-</span> 
     </span>
    </p>
   </div>
   <div class='ocr_carea' id='block_1_68' title="bbox 2029 2593 3685 2666">
    <p class='ocr_par' dir='ltr' id='par_1_68' title="bbox 2029 2593 3685 2666">
     <span class='ocr_line' id='line_1_68' title="bbox 2029 2593 3685 2666; baseline -0.002 -15"><span class='ocrx_word' id='word_1_484' title='bbox 2029 2602 2196 2665; x_wconf 88' lang='lat' dir='ltr'>runt,</span> <span class='ocrx_word' id='word_1_485' title='bbox 2226 2596 2413 2665; x_wconf 89' lang='lat' dir='ltr'>eique</span> <span class='ocrx_word' id='word_1_486' title='bbox 2457 2593 2797 2649; x_wconf 86' lang='lat' dir='ltr'>reditumex</span> <span class='ocrx_word' id='word_1_487' title='bbox 2815 2595 3056 2665; x_wconf 69' lang='lat' dir='ltr'>Egypto</span> <span class='ocrx_word' id='word_1_488' title='bbox 3073 2600 3386 2666; x_wconf 90' lang='lat' dir='ltr'>acceptum</span> <span class='ocrx_word' id='word_1_489' title='bbox 3418 2594 3685 2649; x_wconf 88' lang='lat' dir='ltr'>tulerunt</span> 
     </span>
    </p>
   </div>
   <div class='ocr_carea' id='block_1_69' title="bbox 2034 2683 3684 2756">
    <p class='ocr_par' dir='ltr' id='par_1_69' title="bbox 2034 2683 3684 2756">
     <span class='ocr_line' id='line_1_69' title="bbox 2034 2683 3684 2756; baseline -0.002 -15"><span class='ocrx_word' id='word_1_490' title='bbox 2034 2686 2337 2741; x_wconf 89' lang='lat' dir='ltr'>dicentes:</span> <span class='ocrx_word' id='word_1_491' title='bbox 2368 2689 2518 2739; x_wconf 88' lang='lat' dir='ltr'>Ecce</span> <span class='ocrx_word' id='word_1_492' title='bbox 2550 2683 2632 2738; x_wconf 91' lang='lat' dir='ltr'>dii</span> <span class='ocrx_word' id='word_1_493' title='bbox 2685 2683 2790 2751; x_wconf 89' lang='lat' dir='ltr'>tui,</span> <span class='ocrx_word' id='word_1_494' title='bbox 2828 2683 3064 2751; x_wconf 88' lang='lat' dir='ltr'>Israele,</span> <span class='ocrx_word' id='word_1_495' title='bbox 3098 2684 3199 2754; x_wconf 90' lang='lat' dir='ltr'>qui</span> <span class='ocrx_word' id='word_1_496' title='bbox 3234 2688 3290 2738; x_wconf 92' lang='lat' dir='ltr'>te</span> <span class='ocrx_word' id='word_1_497' title='bbox 3344 2701 3415 2739; x_wconf 83' lang='lat' dir='ltr'>ex</span> <span class='ocrx_word' id='word_1_498' title='bbox 3442 2686 3684 2756; x_wconf 68' lang='lat' dir='ltr'>Egypto</span> 
     </span>
    </p>
   </div>
   <div class='ocr_carea' id='block_1_70' title="bbox 2033 2772 3690 2842">
    <p class='ocr_par' dir='ltr' id='par_1_70' title="bbox 2033 2772 3690 2842">
     <span class='ocr_line' id='line_1_70' title="bbox 2033 2772 3690 2842; baseline -0.004 -10"><span class='ocrx_word' id='word_1_499' title='bbox 2033 2776 2389 2842; x_wconf 85' lang='lat' dir='ltr'>eduxerunt,</span> <span class='ocrx_word' id='word_1_500' title='bbox 2413 2773 2738 2828; x_wconf 83' lang='lat' dir='ltr'>difﬁtentes</span> <span class='ocrx_word' id='word_1_501' title='bbox 2770 2773 2977 2839; x_wconf 89' lang='lat' dir='ltr'>Deum,</span> <span class='ocrx_word' id='word_1_502' title='bbox 3014 2773 3114 2842; x_wconf 90' lang='lat' dir='ltr'>qui</span> <span class='ocrx_word' id='word_1_503' title='bbox 3145 2789 3245 2827; x_wconf 90' lang='lat' dir='ltr'>eos</span> <span class='ocrx_word' id='word_1_504' title='bbox 3294 2772 3546 2828; x_wconf 86' lang='lat' dir='ltr'>afﬂictos</span> <span class='ocrx_word' id='word_1_505' title='bbox 3576 2774 3690 2827; x_wconf 85' lang='lat' dir='ltr'>Mo-</span> 
     </span>
    </p>
   </div>
   <div class='ocr_carea' id='block_1_71' title="bbox 2032 2860 3692 2935">
    <p class='ocr_par' dir='ltr' id='par_1_71' title="bbox 2032 2860 3692 2935">
     <span class='ocr_line' id='line_1_71' title="bbox 2032 2860 3692 2935; baseline -0.004 -15"><span class='ocrx_word' id='word_1_506' title='bbox 2032 2866 2116 2921; x_wconf 87' lang='lat' dir='ltr'>sis</span> <span class='ocrx_word' id='word_1_507' title='bbox 2140 2880 2321 2935; x_wconf 88' lang='lat' dir='ltr'>opera</span> <span class='ocrx_word' id='word_1_508' title='bbox 2351 2861 2704 2928; x_wconf 89' lang='lat' dir='ltr'>sublevarat,</span> <span class='ocrx_word' id='word_1_509' title='bbox 2739 2861 2839 2931; x_wconf 89' lang='lat' dir='ltr'>qui</span> <span class='ocrx_word' id='word_1_510' title='bbox 2872 2877 3054 2915; x_wconf 92' lang='lat' dir='ltr'>manu</span> <span class='ocrx_word' id='word_1_511' title='bbox 3090 2866 3148 2915; x_wconf 92' lang='lat' dir='ltr'>et</span> <span class='ocrx_word' id='word_1_512' title='bbox 3176 2861 3337 2932; x_wconf 82' lang='lat' dir='ltr'>virga</span> <span class='ocrx_word' id='word_1_513' title='bbox 3366 2861 3542 2915; x_wconf 83' lang='lat' dir='ltr'>Mosis</span> <span class='ocrx_word' id='word_1_514' title='bbox 3574 2860 3692 2915; x_wconf 84' lang='lat' dir='ltr'>mi-</span> 
     </span>
    </p>
   </div>
   <div class='ocr_carea' id='block_1_72' title="bbox 2036 2949 3688 3021">
    <p class='ocr_par' dir='ltr' id='par_1_72' title="bbox 2036 2949 3688 3021">
     <span class='ocr_line' id='line_1_72' title="bbox 2036 2949 3688 3021; baseline -0.003 -12"><span class='ocrx_word' id='word_1_515' title='bbox 2036 2954 2239 3009; x_wconf 81' lang='lat' dir='ltr'>recula</span> <span class='ocrx_word' id='word_1_516' title='bbox 2279 2951 2565 3016; x_wconf 90' lang='lat' dir='ltr'>ediderat,</span> <span class='ocrx_word' id='word_1_517' title='bbox 2627 2949 2728 3020; x_wconf 88' lang='lat' dir='ltr'>qui</span> <span class='ocrx_word' id='word_1_518' title='bbox 2778 2949 3059 3021; x_wconf 70' lang='lat' dir='ltr'>Egyptiis</span> <span class='ocrx_word' id='word_1_519' title='bbox 3118 2949 3547 3021; x_wconf 89' lang='lat' dir='ltr'>decemplicem</span> <span class='ocrx_word' id='word_1_520' title='bbox 3569 2966 3688 3021; x_wconf 66' lang='lat' dir='ltr'>pae-</span> 
     </span>
    </p>
   </div>
   <div class='ocr_carea' id='block_1_73' title="bbox 2031 3037 3686 3109">
    <p class='ocr_par' dir='ltr' id='par_1_73' title="bbox 2031 3037 3686 3109">
     <span class='ocr_line' id='line_1_73' title="bbox 2031 3037 3686 3109; baseline -0.005 -11"><span class='ocrx_word' id='word_1_521' title='bbox 2031 3059 2171 3098; x_wconf 90' lang='lat' dir='ltr'>nam</span> <span class='ocrx_word' id='word_1_522' title='bbox 2193 3041 2514 3109; x_wconf 84' lang='lat' dir='ltr'>inflixerat,</span> <span class='ocrx_word' id='word_1_523' title='bbox 2537 3038 2638 3109; x_wconf 89' lang='lat' dir='ltr'>qui</span> <span class='ocrx_word' id='word_1_524' title='bbox 2661 3037 2924 3092; x_wconf 81' lang='lat' dir='ltr'>Rubrum</span> <span class='ocrx_word' id='word_1_525' title='bbox 2952 3054 3112 3092; x_wconf 91' lang='lat' dir='ltr'>mare</span> <span class='ocrx_word' id='word_1_526' title='bbox 3143 3038 3205 3092; x_wconf 91' lang='lat' dir='ltr'>in</span> <span class='ocrx_word' id='word_1_527' title='bbox 3234 3038 3539 3109; x_wconf 89' lang='lat' dir='ltr'>portiones</span> <span class='ocrx_word' id='word_1_528' title='bbox 3571 3037 3686 3093; x_wconf 85' lang='lat' dir='ltr'>dis-</span> 
     </span>
    </p>
   </div>
   <div class='ocr_carea' id='block_1_74' title="bbox 2032 3125 3687 3200">
    <p class='ocr_par' dir='ltr' id='par_1_74' title="bbox 2032 3125 3687 3200">
     <span class='ocr_line' id='line_1_74' title="bbox 2032 3125 3687 3200; baseline -0.003 -14"><span class='ocrx_word' id='word_1_529' title='bbox 2032 3130 2260 3186; x_wconf 89' lang='lat' dir='ltr'>ciderat</span> <span class='ocrx_word' id='word_1_530' title='bbox 2284 3129 2562 3200; x_wconf 91' lang='lat' dir='ltr'>ipsosque</span> <span class='ocrx_word' id='word_1_531' title='bbox 2595 3143 2702 3198; x_wconf 86' lang='lat' dir='ltr'>per</span> <span class='ocrx_word' id='word_1_532' title='bbox 2727 3125 2954 3181; x_wconf 85' lang='lat' dir='ltr'>medias</span> <span class='ocrx_word' id='word_1_533' title='bbox 2983 3125 3030 3161; x_wconf 78' lang='grc'>⁸⁵</span> <span class='ocrx_word' id='word_1_534' title='bbox 3059 3142 3242 3197; x_wconf 89' lang='lat' dir='ltr'>aquas</span> <span class='ocrx_word' id='word_1_535' title='bbox 3274 3132 3339 3181; x_wconf 92' lang='lat' dir='ltr'>ut</span> <span class='ocrx_word' id='word_1_536' title='bbox 3392 3128 3545 3183; x_wconf 70' lang='grc'>419</span> <span class='ocrx_word' id='word_1_537' title='bbox 3579 3143 3687 3198; x_wconf 89' lang='lat' dir='ltr'>per</span> 
     </span>
    </p>
   </div>
   <div class='ocr_carea' id='block_1_75' title="bbox 2034 3216 3685 3286">
    <p class='ocr_par' dir='ltr' id='par_1_75' title="bbox 2034 3216 3685 3286">
     <span class='ocr_line' id='line_1_75' title="bbox 2034 3216 3685 3286; baseline -0.003 -10"><span class='ocrx_word' id='word_1_538' title='bbox 2034 3221 2439 3277; x_wconf 88' lang='lat' dir='ltr'>continentem</span> <span class='ocrx_word' id='word_1_539' title='bbox 2470 3216 2942 3286; x_wconf 87' lang='lat' dir='ltr'>traduxerat,qui</span> <span class='ocrx_word' id='word_1_540' title='bbox 2963 3217 3165 3271; x_wconf 90' lang='lat' dir='ltr'>hostes</span> <span class='ocrx_word' id='word_1_541' title='bbox 3186 3234 3393 3273; x_wconf 87' lang='lat' dir='ltr'>eorum</span> <span class='ocrx_word' id='word_1_542' title='bbox 3412 3218 3685 3273; x_wconf 88' lang='lat' dir='ltr'>submer-</span> 
     </span>
    </p>
   </div>
   <div class='ocr_carea' id='block_1_76' title="bbox 2038 3305 3686 3380">
    <p class='ocr_par' dir='ltr' id='par_1_76' title="bbox 2038 3305 3686 3380">
     <span class='ocr_line' id='line_1_76' title="bbox 2038 3305 3686 3380; baseline -0.004 -13"><span class='ocrx_word' id='word_1_543' title='bbox 2038 3314 2216 3376; x_wconf 86' lang='lat' dir='ltr'>serat,</span> <span class='ocrx_word' id='word_1_544' title='bbox 2241 3308 2342 3380; x_wconf 92' lang='lat' dir='ltr'>qui</span> <span class='ocrx_word' id='word_1_545' title='bbox 2374 3308 2599 3362; x_wconf 86' lang='lat' dir='ltr'>fontem</span> <span class='ocrx_word' id='word_1_546' title='bbox 2632 3307 2835 3360; x_wconf 65' lang='lat' dir='ltr'>Merrae</span> <span class='ocrx_word' id='word_1_547' title='bbox 2868 3305 2940 3359; x_wconf 91' lang='lat' dir='ltr'>de</span> <span class='ocrx_word' id='word_1_548' title='bbox 2970 3321 3171 3361; x_wconf 88' lang='lat' dir='ltr'>amaro</span> <span class='ocrx_word' id='word_1_549' title='bbox 3195 3306 3430 3361; x_wconf 90' lang='lat' dir='ltr'>dulcem</span> <span class='ocrx_word' id='word_1_550' title='bbox 3449 3306 3686 3378; x_wconf 82' lang='lat' dir='ltr'>redege-</span> 
     </span>
    </p>
   </div>
   <div class='ocr_carea' id='block_1_77' title="bbox 2035 3393 3691 3468">
    <p class='ocr_par' dir='ltr' id='par_1_77' title="bbox 2035 3393 3691 3468">
     <span class='ocr_line' id='line_1_77' title="bbox 2035 3393 3691 3468; baseline -0.002 -14"><span class='ocrx_word' id='word_1_551' title='bbox 2035 3405 2145 3465; x_wconf 85' lang='lat' dir='ltr'>rat,</span> <span class='ocrx_word' id='word_1_552' title='bbox 2171 3397 2270 3468; x_wconf 90' lang='lat' dir='ltr'>qui</span> <span class='ocrx_word' id='word_1_553' title='bbox 2302 3397 2373 3452; x_wconf 93' lang='lat' dir='ltr'>de</span> <span class='ocrx_word' id='word_1_554' title='bbox 2394 3395 2704 3451; x_wconf 90' lang='lat' dir='ltr'>cacumine</span> <span class='ocrx_word' id='word_1_555' title='bbox 2737 3393 2861 3449; x_wconf 82' lang='lat' dir='ltr'>saxi</span> <span class='ocrx_word' id='word_1_556' title='bbox 2895 3394 3011 3449; x_wconf 88' lang='lat' dir='ltr'>icto</span> <span class='ocrx_word' id='word_1_557' title='bbox 3058 3411 3274 3465; x_wconf 88' lang='lat' dir='ltr'>aquam</span> <span class='ocrx_word' id='word_1_558' title='bbox 3314 3395 3548 3451; x_wconf 90' lang='lat' dir='ltr'>abunde</span> <span class='ocrx_word' id='word_1_559' title='bbox 3582 3395 3691 3450; x_wconf 88' lang='lat' dir='ltr'>eli-</span> 
     </span>
    </p>
   </div>
   <div class='ocr_carea' id='block_1_78' title="bbox 2038 3483 3691 3556">
    <p class='ocr_par' dir='ltr' id='par_1_78' title="bbox 2038 3483 3691 3556">
     <span class='ocr_line' id='line_1_78' title="bbox 2038 3483 3691 3556; baseline -0.004 -12"><span class='ocrx_word' id='word_1_560' title='bbox 2038 3491 2262 3554; x_wconf 86' lang='lat' dir='ltr'>cuerat,</span> <span class='ocrx_word' id='word_1_561' title='bbox 2305 3485 2405 3556; x_wconf 90' lang='lat' dir='ltr'>qui</span> <span class='ocrx_word' id='word_1_562' title='bbox 2463 3484 2742 3539; x_wconf 89' lang='lat' dir='ltr'>columna</span> <span class='ocrx_word' id='word_1_563' title='bbox 2794 3483 2971 3539; x_wconf 91' lang='lat' dir='ltr'>nubis</span> <span class='ocrx_word' id='word_1_564' title='bbox 3030 3500 3132 3539; x_wconf 88' lang='lat' dir='ltr'>eos</span> <span class='ocrx_word' id='word_1_565' title='bbox 3180 3484 3544 3540; x_wconf 87' lang='lat' dir='ltr'>obumbrans</span> <span class='ocrx_word' id='word_1_566' title='bbox 3597 3484 3691 3538; x_wconf 91' lang='lat' dir='ltr'>ni-</span> 
     </span>
    </p>
   </div>
   <div class='ocr_carea' id='block_1_79' title="bbox 2039 3572 3695 3645">
    <p class='ocr_par' dir='ltr' id='par_1_79' title="bbox 2039 3572 3695 3645">
     <span class='ocr_line' id='line_1_79' title="bbox 2039 3572 3695 3645; baseline -0.003 -13"><span class='ocrx_word' id='word_1_567' title='bbox 2039 3577 2227 3633; x_wconf 90' lang='lat' dir='ltr'>mium</span> <span class='ocrx_word' id='word_1_568' title='bbox 2253 3574 2409 3631; x_wconf 86' lang='lat' dir='ltr'>aeris</span> <span class='ocrx_word' id='word_1_569' title='bbox 2430 3579 2639 3628; x_wconf 69' lang='lat' dir='ltr'>aastum</span> <span class='ocrx_word' id='word_1_570' title='bbox 2670 3572 2990 3640; x_wconf 83' lang='lat' dir='ltr'>avertebat,</span> <span class='ocrx_word' id='word_1_571' title='bbox 3023 3572 3125 3643; x_wconf 91' lang='lat' dir='ltr'>qui</span> <span class='ocrx_word' id='word_1_572' title='bbox 3165 3573 3464 3628; x_wconf 88' lang='lat' dir='ltr'>columma</span> <span class='ocrx_word' id='word_1_573' title='bbox 3521 3573 3695 3645; x_wconf 80' lang='lat' dir='ltr'>ignea</span> 
     </span>
    </p>
   </div>
   <div class='ocr_carea' id='block_1_80' title="bbox 2042 3660 3693 3737">
    <p class='ocr_par' dir='ltr' id='par_1_80' title="bbox 2042 3660 3693 3737">
     <span class='ocr_line' id='line_1_80' title="bbox 2042 3660 3693 3737; baseline -0.004 -16"><span class='ocrx_word' id='word_1_574' title='bbox 2042 3663 2406 3737; x_wconf 66' lang='lat' dir='ltr'>prwlucebat</span> <span class='ocrx_word' id='word_1_575' title='bbox 2428 3679 2534 3733; x_wconf 91' lang='lat' dir='ltr'>per</span> <span class='ocrx_word' id='word_1_576' title='bbox 2572 3662 2845 3731; x_wconf 83' lang='lat' dir='ltr'>viamque</span> <span class='ocrx_word' id='word_1_577' title='bbox 2868 3677 2969 3716; x_wconf 91' lang='lat' dir='ltr'>eos</span> <span class='ocrx_word' id='word_1_578' title='bbox 2998 3660 3260 3731; x_wconf 86' lang='lat' dir='ltr'>ignotam</span> <span class='ocrx_word' id='word_1_579' title='bbox 3284 3660 3558 3730; x_wconf 90' lang='lat' dir='ltr'>ducebat,</span> <span class='ocrx_word' id='word_1_580' title='bbox 3591 3660 3693 3730; x_wconf 89' lang='lat' dir='ltr'>qui</span> 
     </span>
    </p>
   </div>
   <div class='ocr_carea' id='block_1_81' title="bbox 2045 3748 3694 3821">
    <p class='ocr_par' dir='ltr' id='par_1_81' title="bbox 2045 3748 3694 3821">
     <span class='ocr_line' id='line_1_81' title="bbox 2045 3748 3694 3821; baseline -0.004 -12"><span class='ocrx_word' id='word_1_581' title='bbox 2045 3755 2132 3810; x_wconf 88' lang='lat' dir='ltr'>eis</span> <span class='ocrx_word' id='word_1_582' title='bbox 2154 3752 2386 3809; x_wconf 65' lang='lat' dir='ltr'>coalitus</span> <span class='ocrx_word' id='word_1_583' title='bbox 2420 3767 2640 3806; x_wconf 88' lang='lat' dir='ltr'>manna</span> <span class='ocrx_word' id='word_1_584' title='bbox 2666 3749 2994 3821; x_wconf 74' lang='lat' dir='ltr'>praabebat,</span> <span class='ocrx_word' id='word_1_585' title='bbox 3026 3748 3127 3819; x_wconf 91' lang='lat' dir='ltr'>qui</span> <span class='ocrx_word' id='word_1_586' title='bbox 3168 3765 3203 3803; x_wconf 93' lang='lat' dir='ltr'>a</span> <span class='ocrx_word' id='word_1_587' title='bbox 3249 3749 3398 3804; x_wconf 86' lang='lat' dir='ltr'>mari</span> <span class='ocrx_word' id='word_1_588' title='bbox 3431 3748 3694 3805; x_wconf 90' lang='lat' dir='ltr'>coturni-</span> 
     </span>
    </p>
   </div>
   <div class='ocr_carea' id='block_1_82' title="bbox 2045 3838 3696 3909">
    <p class='ocr_par' dir='ltr' id='par_1_82' title="bbox 2045 3838 3696 3909">
     <span class='ocr_line' id='line_1_82' title="bbox 2045 3838 3696 3909; baseline -0.004 -9"><span class='ocrx_word' id='word_1_589' title='bbox 2045 3844 2214 3900; x_wconf 91' lang='lat' dir='ltr'>cibus</span> <span class='ocrx_word' id='word_1_590' title='bbox 2250 3841 2451 3898; x_wconf 91' lang='lat' dir='ltr'>missis</span> <span class='ocrx_word' id='word_1_591' title='bbox 2478 3856 2657 3895; x_wconf 89' lang='lat' dir='ltr'>carne</span> <span class='ocrx_word' id='word_1_592' title='bbox 2718 3855 2819 3894; x_wconf 88' lang='lat' dir='ltr'>eos</span> <span class='ocrx_word' id='word_1_593' title='bbox 2868 3838 3192 3907; x_wconf 86' lang='lat' dir='ltr'>saturabat,</span> <span class='ocrx_word' id='word_1_594' title='bbox 3230 3839 3333 3909; x_wconf 89' lang='lat' dir='ltr'>qui</span> <span class='ocrx_word' id='word_1_595' title='bbox 3384 3839 3446 3895; x_wconf 91' lang='lat' dir='ltr'>in</span> <span class='ocrx_word' id='word_1_596' title='bbox 3494 3844 3696 3894; x_wconf 89' lang='lat' dir='ltr'>mente</span> 
     </span>
    </p>
   </div>
   <div class='ocr_carea' id='block_1_83' title="bbox 2048 3928 3694 4006">
    <p class='ocr_par' dir='ltr' id='par_1_83' title="bbox 2048 3928 3694 4006">
     <span class='ocr_line' id='line_1_83' title="bbox 2048 3928 3694 4006; baseline -0.004 -17"><span class='ocrx_word' id='word_1_597' title='bbox 2048 3934 2239 4006; x_wconf 83' lang='lat' dir='ltr'>legem</span> <span class='ocrx_word' id='word_1_598' title='bbox 2270 3931 2415 4003; x_wconf 90' lang='lat' dir='ltr'>ipsis</span> <span class='ocrx_word' id='word_1_599' title='bbox 2437 3929 2706 3996; x_wconf 87' lang='lat' dir='ltr'>dederat,</span> <span class='ocrx_word' id='word_1_600' title='bbox 2738 3928 2837 3999; x_wconf 90' lang='lat' dir='ltr'>qui</span> <span class='ocrx_word' id='word_1_601' title='bbox 2873 3945 2973 3983; x_wconf 87' lang='lat' dir='ltr'>eos</span> <span class='ocrx_word' id='word_1_602' title='bbox 3004 3928 3307 3984; x_wconf 89' lang='lat' dir='ltr'>auditione</span> <span class='ocrx_word' id='word_1_603' title='bbox 3334 3947 3455 3984; x_wconf 80' lang='lat' dir='ltr'>suas</span> <span class='ocrx_word' id='word_1_604' title='bbox 3482 3929 3694 3984; x_wconf 83' lang='lat' dir='ltr'>divinae</span> 
     </span>
    </p>
   </div>
   <div class='ocr_carea' id='block_1_84' title="bbox 2051 4015 3202 4088">
    <p class='ocr_par' dir='ltr' id='par_1_84' title="bbox 2051 4015 3202 4088">
     <span class='ocr_line' id='line_1_84' title="bbox 2051 4015 3202 4088; baseline -0.006 -10"><span class='ocrx_word' id='word_1_605' title='bbox 2051 4039 2124 4078; x_wconf 88' lang='lat' dir='ltr'>ex</span> <span class='ocrx_word' id='word_1_606' title='bbox 2156 4018 2477 4075; x_wconf 86' lang='lat' dir='ltr'>tonitribus</span> <span class='ocrx_word' id='word_1_607' title='bbox 2501 4016 2658 4072; x_wconf 88' lang='lat' dir='ltr'>vocis</span> <span class='ocrx_word' id='word_1_608' title='bbox 2690 4015 2963 4088; x_wconf 82' lang='lat' dir='ltr'>dignatus</span> <span class='ocrx_word' id='word_1_609' title='bbox 2992 4017 3202 4073; x_wconf 80' lang='lat' dir='ltr'>fuerat.</span> 
     </span>
    </p>
   </div>
   <div class='ocr_carea' id='block_1_85' title="bbox 266 4100 3697 4181">
    <p class='ocr_par' dir='ltr' id='par_1_85' title="bbox 266 4100 3697 4181">
     <span class='ocr_line' id='line_1_85' title="bbox 266 4100 3697 4181; baseline -0.001 -18"><span class='ocrx_word' id='word_1_610' title='bbox 266 4109 614 4180; x_wconf 78' lang='grc' dir='ltr'>πορευθῶσι,</span> <span class='ocrx_word' id='word_1_611' title='bbox 639 4105 731 4161; x_wconf 83' lang='grc' dir='ltr'>τὸν</span> <span class='ocrx_word' id='word_1_612' title='bbox 765 4105 814 4176; x_wconf 75' lang='grc' dir='ltr'>ἐξ</span> <span class='ocrx_word' id='word_1_613' title='bbox 849 4108 1085 4181; x_wconf 79' lang='grc' dir='ltr'>οὐρανοῦ</span> <span class='ocrx_word' id='word_1_614' title='bbox 1119 4106 1598 4181; x_wconf 76' lang='grc' dir='ltr'>μαννοδοτήσαντα</span> <span class='ocrx_word' id='word_1_615' title='bbox 1627 4109 1814 4174; x_wconf 77' lang='grc' dir='ltr'>αὐτοῖς</span> <span class='ocrx_word' id='word_1_616' title='bbox 1844 4113 1936 4167; x_wconf 85' lang='grc' dir='ltr'>καὶ</span> <span class='ocrx_word' id='word_1_617' title='bbox 1967 4111 2025 4166; x_wconf 82' lang='grc' dir='ltr'>ἐκ</span> <span class='ocrx_word' id='word_1_618' title='bbox 2054 4105 2330 4176; x_wconf 85' lang='grc' dir='ltr'>θαλάσσης</span> <span class='ocrx_word' id='word_1_619' title='bbox 2354 4100 2803 4180; x_wconf 80' lang='grc' dir='ltr'>κρεωδοτήσαντα</span> <span class='ocrx_word' id='word_1_620' title='bbox 2851 4103 3287 4177; x_wconf 82' lang='grc' dir='ltr'>ὀρτυγομήτραν,</span> <span class='ocrx_word' id='word_1_621' title='bbox 3344 4106 3434 4160; x_wconf 88' lang='grc' dir='ltr'>τὸν</span> <span class='ocrx_word' id='word_1_622' title='bbox 3482 4104 3533 4159; x_wconf 76' lang='grc' dir='ltr'>ἐν</span> <span class='ocrx_word' id='word_1_623' title='bbox 3592 4109 3697 4177; x_wconf 76' lang='grc' dir='ltr'>τῷ,</span> 
     </span>
    </p>
   </div>
   <div class='ocr_carea' id='block_1_86' title="bbox 278 4191 2901 4276">
    <p class='ocr_par' dir='ltr' id='par_1_86' title="bbox 278 4191 2901 4276">
     <span class='ocr_line' id='line_1_86' title="bbox 278 4191 2901 4276; baseline -0 -27"><span class='ocrx_word' id='word_1_624' title='bbox 278 4196 405 4270; x_wconf 77' lang='grc' dir='ltr'>ὄρει</span> <span class='ocrx_word' id='word_1_625' title='bbox 447 4196 894 4266; x_wconf 78' lang='grc' dir='ltr'>νομοθετήσαντα</span> <span class='ocrx_word' id='word_1_626' title='bbox 913 4196 1123 4266; x_wconf 83' lang='grc' dir='ltr'>αὐτοῖς,</span> <span class='ocrx_word' id='word_1_627' title='bbox 1155 4198 1217 4252; x_wconf 80' lang='grc' dir='ltr'>οὗ</span> <span class='ocrx_word' id='word_1_628' title='bbox 1245 4204 1347 4267; x_wconf 85' lang='grc' dir='ltr'>τῆς</span> <span class='ocrx_word' id='word_1_629' title='bbox 1376 4198 1521 4261; x_wconf 88' lang='grc' dir='ltr'>θείας</span> <span class='ocrx_word' id='word_1_630' title='bbox 1552 4200 1642 4254; x_wconf 84' lang='grc' dir='ltr'>καὶ</span> <span class='ocrx_word' id='word_1_631' title='bbox 1676 4199 2061 4276; x_wconf 80' lang='grc' dir='ltr'>βροντοφώνου</span> <span class='ocrx_word' id='word_1_632' title='bbox 2093 4201 2275 4274; x_wconf 78' lang='grc' dir='ltr'>φωνῆς</span> <span class='ocrx_word' id='word_1_633' title='bbox 2309 4194 2621 4264; x_wconf 67' lang='grc' dir='ltr'>ἠξιώθησαν</span> <span class='ocrx_word' id='word_1_634' title='bbox 2653 4191 2901 4249; x_wconf 80' lang='grc' dir='ltr'>ἀκοῦσαι.</span> 
     </span>
    </p>
   </div>
   <div class='ocr_carea' id='block_1_87' title="bbox 351 4284 1941 4365">
    <p class='ocr_par' dir='ltr' id='par_1_87' title="bbox 351 4284 1941 4365">
     <span class='ocr_line' id='line_1_87' title="bbox 351 4284 1941 4365; baseline 0.004 -26"><span class='ocrx_word' id='word_1_635' title='bbox 351 4290 561 4343; x_wconf 77' lang='grc' dir='ltr'>Τοῦτον</span> <span class='ocrx_word' id='word_1_636' title='bbox 594 4284 998 4360; x_wconf 75' lang='grc' dir='ltr'>ἀπηρνήσαντο,</span> <span class='ocrx_word' id='word_1_637' title='bbox 1030 4287 1274 4351; x_wconf 83' lang='grc' dir='ltr'>εἰπόντες</span> <span class='ocrx_word' id='word_1_638' title='bbox 1302 4293 1383 4362; x_wconf 81' lang='grc' dir='ltr'>τῷ</span> <span class='ocrx_word' id='word_1_639' title='bbox 1430 4290 1667 4365; x_wconf 72' lang='grc' dir='ltr'>Ἀαρώνο</span> <span class='ocrx_word' id='word_1_640' title='bbox 1703 4291 1941 4361; x_wconf 87' lang='grc' dir='ltr'>Ποίησον</span> 
     </span>
    </p>
   </div>
   <div class='ocr_carea' id='block_1_88' title="bbox 276 4373 1944 4452">
    <p class='ocr_par' dir='ltr' id='par_1_88' title="bbox 276 4373 1944 4452">
     <span class='ocr_line' id='line_1_88' title="bbox 276 4373 1944 4452; baseline 0.002 -24"><span class='ocrx_word' id='word_1_641' title='bbox 276 4379 427 4449; x_wconf 69' lang='grc' dir='ltr'>ἡμῖν</span> <span class='ocrx_word' id='word_1_642' title='bbox 454 4374 609 4435; x_wconf 78' lang='grc' dir='ltr'>θεοὺς</span> <span class='ocrx_word' id='word_1_643' title='bbox 637 4373 691 4428; x_wconf 80' lang='grc' dir='ltr'>οἳ</span> <span class='ocrx_word' id='word_1_644' title='bbox 717 4375 1184 4451; x_wconf 79' lang='grc' dir='ltr'>προπορεύσονται</span> <span class='ocrx_word' id='word_1_645' title='bbox 1213 4379 1393 4450; x_wconf 74' lang='grc' dir='ltr'>ἡμῶν.</span> <span class='ocrx_word' id='word_1_646' title='bbox 1429 4377 1530 4434; x_wconf 84' lang='grc' dir='ltr'>Καὶ</span> <span class='ocrx_word' id='word_1_647' title='bbox 1559 4378 1944 4452; x_wconf 79' lang='grc' dir='ltr'>ἐμοσχοποίη-</span> 
     </span>
    </p>
   </div>
   <div class='ocr_carea' id='block_1_89' title="bbox 286 4462 1943 4539">
    <p class='ocr_par' dir='ltr' id='par_1_89' title="bbox 286 4462 1943 4539">
     <span class='ocr_line' id='line_1_89' title="bbox 286 4462 1943 4539; baseline 0.003 -22"><span class='ocrx_word' id='word_1_648' title='bbox 286 4484 385 4518; x_wconf 84' lang='grc' dir='ltr'>σαν</span> <span class='ocrx_word' id='word_1_649' title='bbox 424 4462 726 4537; x_wconf 79' lang='grc' dir='ltr'>χωνευτὸν,</span> <span class='ocrx_word' id='word_1_650' title='bbox 782 4463 874 4517; x_wconf 83' lang='grc' dir='ltr'>καὶ</span> <span class='ocrx_word' id='word_1_651' title='bbox 926 4462 1113 4519; x_wconf 83' lang='grc' dir='ltr'>ἔθυσαν</span> <span class='ocrx_word' id='word_1_652' title='bbox 1185 4469 1265 4537; x_wconf 78' lang='grc' dir='ltr'>τῷ</span> <span class='ocrx_word' id='word_1_653' title='bbox 1321 4463 1557 4539; x_wconf 87' lang='grc' dir='ltr'>εἰδώλῳ.</span> <span class='ocrx_word' id='word_1_654' title='bbox 1648 4467 1943 4523; x_wconf 60' lang='grc' dir='ltr'>Κὼτεῦθεν</span> 
     </span>
    </p>
   </div>
   <div class='ocr_carea' id='block_1_90' title="bbox 287 4550 1947 4631">
    <p class='ocr_par' dir='ltr' id='par_1_90' title="bbox 287 4550 1947 4631">
     <span class='ocr_line' id='line_1_90' title="bbox 287 4550 1947 4631; baseline 0.001 -23"><span class='ocrx_word' id='word_1_655' title='bbox 287 4552 392 4609; x_wconf 74' lang='grc' dir='ltr'>οὖν</span> <span class='ocrx_word' id='word_1_656' title='bbox 427 4552 698 4628; x_wconf 79' lang='grc' dir='ltr'>ὀργισθεὶς</span> <span class='ocrx_word' id='word_1_657' title='bbox 753 4554 780 4607; x_wconf 89' lang='lat'>6</span> <span class='ocrx_word' id='word_1_658' title='bbox 843 4553 1196 4628; x_wconf 83' lang='grc' dir='ltr'>μακρόθυμος</span> <span class='ocrx_word' id='word_1_659' title='bbox 1253 4554 1404 4627; x_wconf 76' lang='grc' dir='ltr'>Θεὸς,</span> <span class='ocrx_word' id='word_1_660' title='bbox 1464 4550 1557 4610; x_wconf 77' lang='grc' dir='ltr'>ἅτε</span> <span class='ocrx_word' id='word_1_661' title='bbox 1604 4553 1670 4626; x_wconf 82' lang='grc' dir='ltr'><strong>δὴ</strong></span> <span class='ocrx_word' id='word_1_662' title='bbox 1755 4556 1947 4631; x_wconf 85' lang='grc' dir='ltr'>ἀχαρι-</span> 
     </span>
    </p>
   </div>
   <div class='ocr_carea' id='block_1_91' title="bbox 283 4637 1942 4719">
    <p class='ocr_par' dir='ltr' id='par_1_91' title="bbox 283 4637 1942 4719">
     <span class='ocr_line' id='line_1_91' title="bbox 283 4637 1942 4719; baseline 0.002 -23"><span class='ocrx_word' id='word_1_663' title='bbox 283 4642 514 4712; x_wconf 72' lang='grc' dir='ltr'>πηθείς</span> <span class='ocrx_word' id='word_1_664' title='bbox 548 4642 637 4697; x_wconf 80' lang='grc' dir='ltr'>ὑπ’</span> <span class='ocrx_word' id='word_1_665' title='bbox 668 4642 874 4713; x_wconf 74' lang='grc' dir='ltr'>αὒτῶν,</span> <span class='ocrx_word' id='word_1_666' title='bbox 913 4637 1100 4715; x_wconf 77' lang='grc' dir='ltr'>ἔδησεν</span> <span class='ocrx_word' id='word_1_667' title='bbox 1160 4643 1359 4707; x_wconf 79' lang='grc' dir='ltr'>αὐτοὺς</span> <span class='ocrx_word' id='word_1_668' title='bbox 1418 4641 1641 4719; x_wconf 86' lang='grc' dir='ltr'>δεσμοῖς</span> <span class='ocrx_word' id='word_1_669' title='bbox 1699 4642 1942 4713; x_wconf 76' lang='grc' dir='ltr'>ἀλύτοις,</span> 
     </span>
    </p>
   </div>
   <div class='ocr_carea' id='block_1_92' title="bbox 286 4725 1943 4808">
    <p class='ocr_par' dir='ltr' id='par_1_92' title="bbox 286 4725 1943 4808">
     <span class='ocr_line' id='line_1_92' title="bbox 286 4725 1943 4808; baseline 0.002 -22"><span class='ocrx_word' id='word_1_670' title='bbox 286 4725 511 4786; x_wconf 72' lang='grc' dir='ltr'>στιϐάσι</span> <span class='ocrx_word' id='word_1_671' title='bbox 544 4735 848 4806; x_wconf 75' lang='grc' dir='ltr'>φορεισμοῦ</span> <span class='ocrx_word' id='word_1_672' title='bbox 879 4734 965 4788; x_wconf 82' lang='grc' dir='ltr'>καὶ</span> <span class='ocrx_word' id='word_1_673' title='bbox 999 4731 1335 4808; x_wconf 82' lang='grc' dir='ltr'>σκληρότητι</span> <span class='ocrx_word' id='word_1_674' title='bbox 1367 4732 1583 4789; x_wconf 69' lang='grc' dir='ltr'>κλοιοῦ*</span> <span class='ocrx_word' id='word_1_675' title='bbox 1615 4735 1705 4790; x_wconf 83' lang='grc' dir='ltr'>καὶ</span> <span class='ocrx_word' id='word_1_676' title='bbox 1762 4734 1943 4790; x_wconf 79' lang='grc' dir='ltr'>οὐκέτι</span> 
     </span>
    </p>
   </div>
   <div class='ocr_carea' id='block_1_93' title="bbox 285 4819 1942 4900">
    <p class='ocr_par' dir='ltr' id='par_1_93' title="bbox 285 4819 1942 4900">
     <span class='ocr_line' id='line_1_93' title="bbox 285 4819 1942 4900; baseline 0.002 -26"><span class='ocrx_word' id='word_1_677' title='bbox 285 4821 466 4886; x_wconf 75' lang='grc' dir='ltr'>εἶπεν,</span> <span class='ocrx_word' id='word_1_678' title='bbox 500 4819 626 4875; x_wconf 75' lang='grc' dir='ltr'>Ἐὰν</span> <span class='ocrx_word' id='word_1_679' title='bbox 655 4821 926 4894; x_wconf 73' lang='grc' dir='ltr'>ποιήσῃς,</span> <span class='ocrx_word' id='word_1_680' title='bbox 953 4821 1030 4884; x_wconf 84' lang='grc' dir='ltr'>ὡς</span> <span class='ocrx_word' id='word_1_681' title='bbox 1056 4821 1164 4896; x_wconf 85' lang='grc' dir='ltr'>πρὸ</span> <span class='ocrx_word' id='word_1_682' title='bbox 1189 4828 1291 4891; x_wconf 81' lang='grc' dir='ltr'>τῆς</span> <span class='ocrx_word' id='word_1_683' title='bbox 1327 4821 1695 4900; x_wconf 88' lang='grc' dir='ltr'>μοσχοποιίας</span> <span class='ocrx_word' id='word_1_684' title='bbox 1708 4820 1942 4897; x_wconf 59' lang='grc' dir='ltr'>εἴρηκεν</span> 
     </span>
    </p>
   </div>
   <div class='ocr_carea' id='block_1_94' title="bbox 287 4904 1945 4985">
    <p class='ocr_par' dir='ltr' id='par_1_94' title="bbox 287 4904 1945 4985">
     <span class='ocr_line' id='line_1_94' title="bbox 287 4904 1945 4985; baseline 0.002 -23"><span class='ocrx_word' id='word_1_685' title='bbox 287 4904 466 4975; x_wconf 74' lang='grc' dir='ltr'>ἀλλὰ,</span> <span class='ocrx_word' id='word_1_686' title='bbox 500 4907 737 4979; x_wconf 77' lang='grc' dir='ltr'>Ποίησον</span> <span class='ocrx_word' id='word_1_687' title='bbox 770 4911 1170 4985; x_wconf 81' lang='grc' dir='ltr'>θυσιαστήριον,</span> <span class='ocrx_word' id='word_1_688' title='bbox 1222 4911 1313 4967; x_wconf 81' lang='grc' dir='ltr'>καὶ</span> <span class='ocrx_word' id='word_1_689' title='bbox 1360 4911 1452 4965; x_wconf 82' lang='grc' dir='ltr'>θύε</span> <span class='ocrx_word' id='word_1_690' title='bbox 1482 4909 1769 4981; x_wconf 83' lang='grc' dir='ltr'>διηνεκῶς·</span> <span class='ocrx_word' id='word_1_691' title='bbox 1827 4910 1945 4967; x_wconf 79' lang='grc' dir='ltr'>ἐπι-</span> 
     </span>
    </p>
   </div>
   <div class='ocr_carea' id='block_1_95' title="bbox 288 4995 1945 5075">
    <p class='ocr_par' dir='ltr' id='par_1_95' title="bbox 288 4995 1945 5075">
     <span class='ocr_line' id='line_1_95' title="bbox 288 4995 1945 5075; baseline 0.002 -23"><span class='ocrx_word' id='word_1_692' title='bbox 288 4996 532 5067; x_wconf 81' lang='grc' dir='ltr'>λήσμων</span> <span class='ocrx_word' id='word_1_693' title='bbox 584 4995 690 5073; x_wconf 87' lang='grc' dir='ltr'>γάρ</span> <span class='ocrx_word' id='word_1_694' title='bbox 751 4996 1016 5072; x_wconf 81' lang='grc' dir='ltr'>ὑπάρχεις</span> <span class='ocrx_word' id='word_1_695' title='bbox 1073 4998 1163 5054; x_wconf 86' lang='grc' dir='ltr'>καί</span> <span class='ocrx_word' id='word_1_696' title='bbox 1213 4999 1535 5074; x_wconf 85' lang='grc' dir='ltr'>ἀχάριστος,</span> <span class='ocrx_word' id='word_1_697' title='bbox 1573 4997 1669 5056; x_wconf 73' lang='grc' dir='ltr'>’ίνα</span> <span class='ocrx_word' id='word_1_698' title='bbox 1700 5004 1945 5075; x_wconf 88' lang='grc' dir='ltr'>συνεχῶς</span> 
     </span>
    </p>
   </div>
   <div class='ocr_carea' id='block_1_96' title="bbox 285 5083 1948 5163">
    <p class='ocr_par' dir='ltr' id='par_1_96' title="bbox 285 5083 1948 5163">
     <span class='ocr_line' id='line_1_96' title="bbox 285 5083 1948 5163; baseline 0.002 -24"><span class='ocrx_word' id='word_1_699' title='bbox 285 5083 682 5159; x_wconf 73' lang='grc' dir='ltr'>ἐπιμιμνήσκῃ</span> <span class='ocrx_word' id='word_1_700' title='bbox 720 5104 843 5158; x_wconf 77' lang='grc' dir='ltr'>μου.</span> <span class='ocrx_word' id='word_1_701' title='bbox 882 5086 1031 5142; x_wconf 84' lang='grc' dir='ltr'>Ἐπεὶ</span> <span class='ocrx_word' id='word_1_702' title='bbox 1061 5085 1153 5141; x_wconf 77' lang='grc' dir='ltr'>οὗν</span> <span class='ocrx_word' id='word_1_703' title='bbox 1209 5088 1282 5159; x_wconf 81' lang='grc' dir='ltr'>τῇ</span> <span class='ocrx_word' id='word_1_704' title='bbox 1310 5086 1522 5158; x_wconf 81' lang='grc' dir='ltr'>ἐξουσίᾳ</span> <span class='ocrx_word' id='word_1_705' title='bbox 1551 5093 1732 5152; x_wconf 80' lang='grc' dir='ltr'>κακῶς</span> <span class='ocrx_word' id='word_1_706' title='bbox 1782 5086 1948 5163; x_wconf 78' lang='grc' dir='ltr'>ἐχρή-</span> 
     </span>
    </p>
   </div>
   <div class='ocr_carea' id='block_1_97' title="bbox 290 5173 1949 5253">
    <p class='ocr_par' dir='ltr' id='par_1_97' title="bbox 290 5173 1949 5253">
     <span class='ocr_line' id='line_1_97' title="bbox 290 5173 1949 5253; baseline 0.002 -24"><span class='ocrx_word' id='word_1_707' title='bbox 290 5193 461 5229; x_wconf 83' lang='grc' dir='ltr'>σαντο</span> <span class='ocrx_word' id='word_1_708' title='bbox 492 5174 545 5228; x_wconf 82' lang='grc' dir='ltr'>οἰ</span> <span class='ocrx_word' id='word_1_709' title='bbox 596 5173 828 5237; x_wconf 87' lang='grc' dir='ltr'>τάλανες</span> <span class='ocrx_word' id='word_1_710' title='bbox 863 5176 952 5231; x_wconf 82' lang='grc' dir='ltr'>καὶ</span> <span class='ocrx_word' id='word_1_711' title='bbox 1008 5177 1350 5251; x_wconf 85' lang='grc' dir='ltr'>ἀγνώμονες,</span> <span class='ocrx_word' id='word_1_712' title='bbox 1419 5178 1659 5253; x_wconf 80' lang='grc' dir='ltr'>ἀνάγκην</span> <span class='ocrx_word' id='word_1_713' title='bbox 1719 5176 1949 5248; x_wconf 70' lang='grc' dir='ltr'>ἐπέθηκε</span> 
     </span>
    </p>
   </div>
   <div class='ocr_carea' id='block_1_98' title="bbox 284 5260 1945 5341">
    <p class='ocr_par' dir='ltr' id='par_1_98' title="bbox 284 5260 1945 5341">
     <span class='ocr_line' id='line_1_98' title="bbox 284 5260 1945 5341; baseline 0.004 -26"><span class='ocrx_word' id='word_1_714' title='bbox 284 5260 493 5316; x_wconf 80' lang='grc' dir='ltr'>λοιπὸν</span> <span class='ocrx_word' id='word_1_715' title='bbox 527 5261 672 5326; x_wconf 84' lang='grc' dir='ltr'>θύειν</span> <span class='ocrx_word' id='word_1_716' title='bbox 722 5264 814 5318; x_wconf 83' lang='grc' dir='ltr'>καὶ</span> <span class='ocrx_word' id='word_1_717' title='bbox 876 5266 1185 5340; x_wconf 85' lang='grc' dir='ltr'>βρωμάτων</span> <span class='ocrx_word' id='word_1_718' title='bbox 1254 5264 1552 5341; x_wconf 71' lang='grc' dir='ltr'>ἀπέχεσθαί</span> <span class='ocrx_word' id='word_1_719' title='bbox 1610 5288 1800 5337; x_wconf 89' lang='grc' dir='ltr'>τινων,</span> <span class='ocrx_word' id='word_1_720' title='bbox 1856 5266 1945 5322; x_wconf 79' lang='grc' dir='ltr'>καὶ</span> 
     </span>
    </p>
   </div>
   <div class='ocr_carea' id='block_1_99' title="bbox 288 5347 1947 5428">
    <p class='ocr_par' dir='ltr' id='par_1_99' title="bbox 288 5347 1947 5428">
     <span class='ocr_line' id='line_1_99' title="bbox 288 5347 1947 5428; baseline 0.004 -25"><span class='ocrx_word' id='word_1_721' title='bbox 288 5351 458 5419; x_wconf 81' lang='grc' dir='ltr'>ζώων</span> <span class='ocrx_word' id='word_1_722' title='bbox 518 5347 783 5428; x_wconf 64' lang='grc' dir='ltr'>διαφορὰς</span> <span class='ocrx_word' id='word_1_723' title='bbox 839 5357 1091 5428; x_wconf 79' lang='grc' dir='ltr'>καθαρῶν</span> <span class='ocrx_word' id='word_1_724' title='bbox 1145 5354 1235 5409; x_wconf 80' lang='grc' dir='ltr'>καὶ</span> <span class='ocrx_word' id='word_1_725' title='bbox 1286 5354 1602 5427; x_wconf 79' lang='grc' dir='ltr'>ἀκαθάρτων</span> <span class='ocrx_word' id='word_1_726' title='bbox 1658 5352 1947 5425; x_wconf 66' lang='grc' dir='ltr'>διέστειλε,</span> 
     </span>
    </p>
   </div>
   <div class='ocr_carea' id='block_1_100' title="bbox 282 5435 1951 5516">
    <p class='ocr_par' dir='ltr' id='par_1_100' title="bbox 282 5435 1951 5516">
     <span class='ocr_line' id='line_1_100' title="bbox 282 5435 1951 5516; baseline 0.001 -23"><span class='ocrx_word' id='word_1_727' title='bbox 282 5435 469 5493; x_wconf 78' lang='grc' dir='ltr'>καίτοι</span> <span class='ocrx_word' id='word_1_728' title='bbox 526 5439 729 5501; x_wconf 73' lang='grc' dir='ltr'>παντὸς</span> <span class='ocrx_word' id='word_1_729' title='bbox 815 5439 958 5508; x_wconf 85' lang='grc' dir='ltr'>ζώου</span> <span class='ocrx_word' id='word_1_730' title='bbox 1032 5442 1268 5515; x_wconf 86' lang='grc' dir='ltr'>καθαροῦ</span> <span class='ocrx_word' id='word_1_731' title='bbox 1331 5441 1716 5516; x_wconf 82' lang='grc' dir='ltr'>τυγχάνοντος·</span> <span class='ocrx_word' id='word_1_732' title='bbox 1776 5440 1951 5496; x_wconf 80' lang='grc' dir='ltr'>πάντα</span> 
     </span>
    </p>
   </div>
   <div class='ocr_carea' id='block_1_101' title="bbox 281 5524 1951 5606">
    <p class='ocr_par' dir='ltr' id='par_1_101' title="bbox 281 5524 1951 5606">
     <span class='ocr_line' id='line_1_101' title="bbox 281 5524 1951 5606; baseline 0.003 -28"><span class='ocrx_word' id='word_1_733' title='bbox 281 5526 396 5601; x_wconf 68' lang='grc' dir='ltr'>γαρ</span> <span class='ocrx_word' id='word_1_734' title='bbox 426 5524 527 5579; x_wconf 76' lang='grc' dir='ltr'>ὃσα</span> <span class='ocrx_word' id='word_1_735' title='bbox 552 5524 807 5599; x_wconf 74' lang='grc' dir='ltr'>ἐποίησεν</span> <span class='ocrx_word' id='word_1_736' title='bbox 838 5530 865 5583; x_wconf 89' lang='grc' dir='ltr'>ὁ</span> <span class='ocrx_word' id='word_1_737' title='bbox 894 5528 1019 5592; x_wconf 80' lang='grc' dir='ltr'>Θεός</span> <span class='ocrx_word' id='word_1_738' title='bbox 1045 5530 1186 5586; x_wconf 78' lang='grc' dir='ltr'>καλά</span> <span class='ocrx_word' id='word_1_739' title='bbox 1216 5529 1359 5587; x_wconf 77' lang='grc' dir='ltr'>λίαν.</span> <span class='ocrx_word' id='word_1_740' title='bbox 1410 5532 1513 5586; x_wconf 79' lang='grc' dir='ltr'>Καὶ</span> <span class='ocrx_word' id='word_1_741' title='bbox 1550 5529 1614 5601; x_wconf 74' lang='grc' dir='ltr'>δὴ</span> <span class='ocrx_word' id='word_1_742' title='bbox 1672 5532 1760 5585; x_wconf 76' lang='grc' dir='ltr'>καὶ</span> <span class='ocrx_word' id='word_1_743' title='bbox 1822 5531 1951 5606; x_wconf 71' lang='grc' dir='ltr'>ἀφο-</span> 
     </span>
    </p>
   </div>
   <div class='ocr_carea' id='block_1_102' title="bbox 1976 4514 2023 4578">
    <p class='ocr_par' dir='ltr' id='par_1_102' title="bbox 1976 4514 2023 4578">
     <span class='ocr_line' id='line_1_102' title="bbox 1976 4514 2023 4578; baseline 0 0"><span class='ocrx_word' id='word_1_744' title='bbox 1976 4514 2023 4578; x_wconf 94' lang='lat' dir='ltr'>D</span> 
     </span>
    </p>
   </div>
   <div class='ocr_carea' id='block_1_103' title="bbox 2123 4284 3696 4356">
    <p class='ocr_par' dir='ltr' id='par_1_103' title="bbox 2123 4284 3696 4356">
     <span class='ocr_line' id='line_1_103' title="bbox 2123 4284 3696 4356; baseline -0.001 -13"><span class='ocrx_word' id='word_1_745' title='bbox 2123 4289 2286 4343; x_wconf 86' lang='lat' dir='ltr'>Hunc</span> <span class='ocrx_word' id='word_1_746' title='bbox 2317 4286 2405 4340; x_wconf 89' lang='lat' dir='ltr'>illi</span> <span class='ocrx_word' id='word_1_747' title='bbox 2427 4284 3080 4352; x_wconf 80' lang='lat' dir='ltr'>difﬁdentes,Aaronem</span> <span class='ocrx_word' id='word_1_748' title='bbox 3088 4285 3399 4356; x_wconf 80' lang='lat' dir='ltr'>jusserunt</span> <span class='ocrx_word' id='word_1_749' title='bbox 3428 4285 3696 4341; x_wconf 87' lang='lat' dir='ltr'>sibideos</span> 
     </span>
    </p>
   </div>
   <div class='ocr_carea' id='block_1_104' title="bbox 2053 4372 3697 4444">
    <p class='ocr_par' dir='ltr' id='par_1_104' title="bbox 2053 4372 3697 4444">
     <span class='ocr_line' id='line_1_104' title="bbox 2053 4372 3697 4444; baseline -0.002 -11"><span class='ocrx_word' id='word_1_750' title='bbox 2053 4376 2327 4434; x_wconf 86' lang='lat' dir='ltr'>fabricari</span> <span class='ocrx_word' id='word_1_751' title='bbox 2347 4372 2792 4444; x_wconf 42' lang='lat' dir='ltr'>itinerislduces,</span> <span class='ocrx_word' id='word_1_752' title='bbox 2818 4373 3067 4444; x_wconf 87' lang='lat' dir='ltr'>fusoque</span> <span class='ocrx_word' id='word_1_753' title='bbox 3096 4373 3281 4428; x_wconf 86' lang='lat' dir='ltr'>vitulo</span> <span class='ocrx_word' id='word_1_754' title='bbox 3328 4374 3697 4431; x_wconf 88' lang='lat' dir='ltr'>sacriﬁcave-</span> 
     </span>
    </p>
   </div>
   <div class='ocr_carea' id='block_1_105' title="bbox 2053 4462 3703 4535">
    <p class='ocr_par' dir='ltr' id='par_1_105' title="bbox 2053 4462 3703 4535">
     <span class='ocr_line' id='line_1_105' title="bbox 2053 4462 3703 4535; baseline -0.002 -13"><span class='ocrx_word' id='word_1_755' title='bbox 2053 4471 2212 4522; x_wconf 89' lang='lat' dir='ltr'>runt.</span> <span class='ocrx_word' id='word_1_756' title='bbox 2264 4466 2345 4519; x_wconf 92' lang='lat' dir='ltr'>Ea</span> <span class='ocrx_word' id='word_1_757' title='bbox 2374 4463 2638 4535; x_wconf 90' lang='lat' dir='ltr'>ipsorum</span> <span class='ocrx_word' id='word_1_758' title='bbox 2687 4462 3115 4533; x_wconf 80' lang='lat' dir='ltr'>ingratitudine</span> <span class='ocrx_word' id='word_1_759' title='bbox 3144 4464 3298 4519; x_wconf 91' lang='lat' dir='ltr'>Deus</span> <span class='ocrx_word' id='word_1_760' title='bbox 3341 4464 3450 4533; x_wconf 89' lang='lat' dir='ltr'>ira,</span> <span class='ocrx_word' id='word_1_761' title='bbox 3511 4480 3703 4535; x_wconf 92' lang='lat' dir='ltr'>quan-</span> 
     </span>
    </p>
   </div>
   <div class='ocr_carea' id='block_1_106' title="bbox 2056 4551 3703 4625">
    <p class='ocr_par' dir='ltr' id='par_1_106' title="bbox 2056 4551 3703 4625">
     <span class='ocr_line' id='line_1_106' title="bbox 2056 4551 3703 4625; baseline -0.001 -15"><span class='ocrx_word' id='word_1_762' title='bbox 2056 4554 2269 4612; x_wconf 89' lang='lat' dir='ltr'>tumvis</span> <span class='ocrx_word' id='word_1_763' title='bbox 2327 4554 2401 4609; x_wconf 92' lang='lat' dir='ltr'>ad</span> <span class='ocrx_word' id='word_1_764' title='bbox 2446 4570 2577 4609; x_wconf 91' lang='lat' dir='ltr'>eam</span> <span class='ocrx_word' id='word_1_765' title='bbox 2624 4551 2842 4621; x_wconf 88' lang='lat' dir='ltr'>lentus,</span> <span class='ocrx_word' id='word_1_766' title='bbox 2894 4552 3133 4620; x_wconf 81' lang='lat' dir='ltr'>exarsit,</span> <span class='ocrx_word' id='word_1_767' title='bbox 3193 4569 3411 4625; x_wconf 90' lang='lat' dir='ltr'>eosque</span> <span class='ocrx_word' id='word_1_768' title='bbox 3450 4554 3703 4610; x_wconf 87' lang='lat' dir='ltr'>vinculis</span> 
     </span>
    </p>
   </div>
   <div class='ocr_carea' id='block_1_107' title="bbox 2054 4641 3704 4715">
    <p class='ocr_par' dir='ltr' id='par_1_107' title="bbox 2054 4641 3704 4715">
     <span class='ocr_line' id='line_1_107' title="bbox 2054 4641 3704 4715; baseline -0.001 -14"><span class='ocrx_word' id='word_1_769' title='bbox 2054 4642 2478 4701; x_wconf 88' lang='lat' dir='ltr'>insolubilibus</span> <span class='ocrx_word' id='word_1_770' title='bbox 2508 4642 2725 4715; x_wconf 79' lang='lat' dir='ltr'>ligavit,</span> <span class='ocrx_word' id='word_1_771' title='bbox 2758 4641 3039 4697; x_wconf 88' lang='lat' dir='ltr'>oneribus</span> <span class='ocrx_word' id='word_1_772' title='bbox 3094 4643 3367 4715; x_wconf 81' lang='lat' dir='ltr'>gravibus</span> <span class='ocrx_word' id='word_1_773' title='bbox 3425 4648 3484 4699; x_wconf 89' lang='lat' dir='ltr'>et</span> <span class='ocrx_word' id='word_1_774' title='bbox 3538 4642 3704 4699; x_wconf 88' lang='lat' dir='ltr'>duris</span> 
     </span>
    </p>
   </div>
   <div class='ocr_carea' id='block_1_108' title="bbox 2053 4732 3704 4808">
    <p class='ocr_par' dir='ltr' id='par_1_108' title="bbox 2053 4732 3704 4808">
     <span class='ocr_line' id='line_1_108' title="bbox 2053 4732 3704 4808; baseline -0.001 -17"><span class='ocrx_word' id='word_1_775' title='bbox 2053 4752 2289 4808; x_wconf 88' lang='lat' dir='ltr'>pressos</span> <span class='ocrx_word' id='word_1_776' title='bbox 2311 4732 2746 4805; x_wconf 89' lang='lat' dir='ltr'>compedibus:</span> <span class='ocrx_word' id='word_1_777' title='bbox 2800 4748 3016 4803; x_wconf 90' lang='lat' dir='ltr'>neque,</span> <span class='ocrx_word' id='word_1_778' title='bbox 3069 4738 3136 4788; x_wconf 94' lang='lat' dir='ltr'>ut</span> <span class='ocrx_word' id='word_1_779' title='bbox 3183 4739 3318 4790; x_wconf 89' lang='lat' dir='ltr'>ante</span> <span class='ocrx_word' id='word_1_780' title='bbox 3369 4734 3704 4791; x_wconf 86' lang='lat' dir='ltr'>confectum</span> 
     </span>
    </p>
   </div>
   <div class='ocr_carea' id='block_1_109' title="bbox 2052 4819 3707 4892">
    <p class='ocr_par' dir='ltr' id='par_1_109' title="bbox 2052 4819 3707 4892">
     <span class='ocr_line' id='line_1_109' title="bbox 2052 4819 3707 4892; baseline -0.002 -15"><span class='ocrx_word' id='word_1_781' title='bbox 2052 4819 2600 4892; x_wconf 87' lang='lat' dir='ltr'>vitulum,permisit</span> <span class='ocrx_word' id='word_1_782' title='bbox 2629 4819 2703 4873; x_wconf 90' lang='lat' dir='ltr'>iis</span> <span class='ocrx_word' id='word_1_783' title='bbox 2716 4819 3181 4888; x_wconf 87' lang='lat' dir='ltr'>sacriﬁcare,sed</span> <span class='ocrx_word' id='word_1_784' title='bbox 3198 4820 3510 4891; x_wconf 89' lang='lat' dir='ltr'>imperavit</span> <span class='ocrx_word' id='word_1_785' title='bbox 3528 4822 3613 4874; x_wconf 91' lang='lat' dir='ltr'>uti</span> <span class='ocrx_word' id='word_1_786' title='bbox 3626 4819 3707 4874; x_wconf 87' lang='lat' dir='ltr'>al-</span> 
     </span>
    </p>
   </div>
   <div class='ocr_carea' id='block_1_110' title="bbox 2055 4907 3701 4978">
    <p class='ocr_par' dir='ltr' id='par_1_110' title="bbox 2055 4907 3701 4978">
     <span class='ocr_line' id='line_1_110' title="bbox 2055 4907 3701 4978; baseline -0.004 -12"><span class='ocrx_word' id='word_1_787' title='bbox 2055 4911 2167 4967; x_wconf 89' lang='lat' dir='ltr'>tari</span> <span class='ocrx_word' id='word_1_788' title='bbox 2199 4908 2436 4965; x_wconf 91' lang='lat' dir='ltr'>condito</span> <span class='ocrx_word' id='word_1_789' title='bbox 2467 4908 2842 4964; x_wconf 89' lang='lat' dir='ltr'>continenter</span> <span class='ocrx_word' id='word_1_790' title='bbox 2857 4908 3277 4978; x_wconf 88' lang='lat' dir='ltr'>sacriﬁcarent,</span> <span class='ocrx_word' id='word_1_791' title='bbox 3310 4907 3701 4977; x_wconf 84' lang='lat' dir='ltr'>hominesque</span> 
     </span>
    </p>
   </div>
   <div class='ocr_carea' id='block_1_111' title="bbox 2057 4995 3703 5068">
    <p class='ocr_par' dir='ltr' id='par_1_111' title="bbox 2057 4995 3703 5068">
     <span class='ocr_line' id='line_1_111' title="bbox 2057 4995 3703 5068; baseline -0.003 -14"><span class='ocrx_word' id='word_1_792' title='bbox 2057 4999 2328 5054; x_wconf 91' lang='lat' dir='ltr'>obliviosi</span> <span class='ocrx_word' id='word_1_793' title='bbox 2360 4996 2625 5068; x_wconf 90' lang='lat' dir='ltr'>alioquin</span> <span class='ocrx_word' id='word_1_794' title='bbox 2649 5001 2707 5049; x_wconf 88' lang='lat' dir='ltr'>et</span> <span class='ocrx_word' id='word_1_795' title='bbox 2728 4996 2966 5067; x_wconf 80' lang='lat' dir='ltr'>ingrati,</span> <span class='ocrx_word' id='word_1_796' title='bbox 3000 4996 3082 5051; x_wconf 89' lang='lat' dir='ltr'>ita</span> <span class='ocrx_word' id='word_1_797' title='bbox 3101 4997 3205 5052; x_wconf 92' lang='lat' dir='ltr'>Dei</span> <span class='ocrx_word' id='word_1_798' title='bbox 3234 4999 3521 5068; x_wconf 90' lang='lat' dir='ltr'>perpetuo</span> <span class='ocrx_word' id='word_1_799' title='bbox 3544 4995 3703 5050; x_wconf 89' lang='lat' dir='ltr'>cole-</span> 
     </span>
    </p>
   </div>
   <div class='ocr_carea' id='block_1_112' title="bbox 2054 5082 3700 5156">
    <p class='ocr_par' dir='ltr' id='par_1_112' title="bbox 2054 5082 3700 5156">
     <span class='ocr_line' id='line_1_112' title="bbox 2054 5082 3700 5156; baseline -0.004 -13"><span class='ocrx_word' id='word_1_800' title='bbox 2054 5092 2191 5143; x_wconf 91' lang='lat' dir='ltr'>rent</span> <span class='ocrx_word' id='word_1_801' title='bbox 2202 5086 2572 5142; x_wconf 90' lang='lat' dir='ltr'>memoriam.</span> <span class='ocrx_word' id='word_1_802' title='bbox 2606 5083 2896 5147; x_wconf 89' lang='lat' dir='ltr'>Quoniam</span> <span class='ocrx_word' id='word_1_803' title='bbox 2911 5084 3091 5156; x_wconf 83' lang='lat' dir='ltr'>igitur</span> <span class='ocrx_word' id='word_1_804' title='bbox 3105 5084 3310 5139; x_wconf 91' lang='lat' dir='ltr'>miseri</span> <span class='ocrx_word' id='word_1_805' title='bbox 3324 5082 3700 5153; x_wconf 82' lang='lat' dir='ltr'>obnoxioque</span> 
     </span>
    </p>
   </div>
   <div class='ocr_carea' id='block_1_113' title="bbox 2057 5169 3701 5246">
    <p class='ocr_par' dir='ltr' id='par_1_113' title="bbox 2057 5169 3701 5246">
     <span class='ocr_line' id='line_1_113' title="bbox 2057 5169 3701 5246; baseline -0.002 -16"><span class='ocrx_word' id='word_1_806' title='bbox 2057 5174 2290 5246; x_wconf 67' lang='lat' dir='ltr'>praediti</span> <span class='ocrx_word' id='word_1_807' title='bbox 2325 5173 2524 5228; x_wconf 90' lang='lat' dir='ltr'>animo</span> <span class='ocrx_word' id='word_1_808' title='bbox 2562 5169 2746 5226; x_wconf 56' lang='lat' dir='ltr'>Judaei</span> <span class='ocrx_word' id='word_1_809' title='bbox 2785 5170 3031 5227; x_wconf 89' lang='lat' dir='ltr'>licentia</span> <span class='ocrx_word' id='word_1_810' title='bbox 3077 5188 3184 5227; x_wconf 89' lang='lat' dir='ltr'>sua</span> <span class='ocrx_word' id='word_1_811' title='bbox 3230 5171 3386 5227; x_wconf 91' lang='lat' dir='ltr'>male</span> <span class='ocrx_word' id='word_1_812' title='bbox 3416 5170 3509 5225; x_wconf 92' lang='lat' dir='ltr'>usi</span> <span class='ocrx_word' id='word_1_813' title='bbox 3540 5175 3701 5240; x_wconf 88' lang='lat' dir='ltr'>sunt,</span> 
     </span>
    </p>
   </div>
   <div class='ocr_carea' id='block_1_114' title="bbox 2057 5258 3703 5332">
    <p class='ocr_par' dir='ltr' id='par_1_114' title="bbox 2057 5258 3703 5332">
     <span class='ocr_line' id='line_1_114' title="bbox 2057 5258 3703 5332; baseline -0.002 -14"><span class='ocrx_word' id='word_1_814' title='bbox 2057 5262 2474 5318; x_wconf 85' lang='lat' dir='ltr'>necessitatem</span> <span class='ocrx_word' id='word_1_815' title='bbox 2504 5258 2589 5315; x_wconf 90' lang='lat' dir='ltr'>eis</span> <span class='ocrx_word' id='word_1_816' title='bbox 2622 5258 2835 5314; x_wconf 86' lang='lat' dir='ltr'>exinde</span> <span class='ocrx_word' id='word_1_817' title='bbox 2866 5259 3150 5332; x_wconf 86' lang='lat' dir='ltr'>imposuit</span> <span class='ocrx_word' id='word_1_818' title='bbox 3206 5260 3492 5315; x_wconf 92' lang='lat' dir='ltr'>Dominus</span> <span class='ocrx_word' id='word_1_819' title='bbox 3521 5260 3703 5317; x_wconf 90' lang='lat' dir='ltr'>sacri-</span> 
     </span>
    </p>
   </div>
   <div class='ocr_carea' id='block_1_115' title="bbox 2059 5346 3709 5418">
    <p class='ocr_par' dir='ltr' id='par_1_115' title="bbox 2059 5346 3709 5418">
     <span class='ocr_line' id='line_1_115' title="bbox 2059 5346 3709 5418; baseline 0 -12"><span class='ocrx_word' id='word_1_820' title='bbox 2059 5351 2273 5406; x_wconf 85' lang='lat' dir='ltr'>ﬁcandi</span> <span class='ocrx_word' id='word_1_821' title='bbox 2299 5354 2357 5404; x_wconf 90' lang='lat' dir='ltr'>et</span> <span class='ocrx_word' id='word_1_822' title='bbox 2395 5348 2542 5404; x_wconf 88' lang='lat' dir='ltr'>cibis</span> <span class='ocrx_word' id='word_1_823' title='bbox 2564 5346 2919 5418; x_wconf 87' lang='lat' dir='ltr'>quibusdam</span> <span class='ocrx_word' id='word_1_824' title='bbox 2961 5348 3322 5416; x_wconf 88' lang='lat' dir='ltr'>abstinendi,</span> <span class='ocrx_word' id='word_1_825' title='bbox 3355 5348 3709 5406; x_wconf 87' lang='lat' dir='ltr'>discrimen-</span> 
     </span>
    </p>
   </div>
   <div class='ocr_carea' id='block_1_116' title="bbox 2060 5436 3708 5513">
    <p class='ocr_par' dir='ltr' id='par_1_116' title="bbox 2060 5436 3708 5513">
     <span class='ocr_line' id='line_1_116' title="bbox 2060 5436 3708 5513; baseline 0 -17"><span class='ocrx_word' id='word_1_826' title='bbox 2060 5457 2174 5513; x_wconf 89' lang='lat' dir='ltr'>que</span> <span class='ocrx_word' id='word_1_827' title='bbox 2186 5438 2547 5495; x_wconf 88' lang='lat' dir='ltr'>mundorum</span> <span class='ocrx_word' id='word_1_828' title='bbox 2572 5442 2631 5493; x_wconf 90' lang='lat' dir='ltr'>et</span> <span class='ocrx_word' id='word_1_829' title='bbox 2649 5436 3093 5495; x_wconf 89' lang='lat' dir='ltr'>immundorum</span> <span class='ocrx_word' id='word_1_830' title='bbox 3118 5440 3467 5496; x_wconf 87' lang='lat' dir='ltr'>animalium</span> <span class='ocrx_word' id='word_1_831' title='bbox 3481 5441 3708 5510; x_wconf 87' lang='lat' dir='ltr'>statuit,</span> 
     </span>
    </p>
   </div>
   <div class='ocr_carea' id='block_1_117' title="bbox 2061 5525 3710 5601">
    <p class='ocr_par' dir='ltr' id='par_1_117' title="bbox 2061 5525 3710 5601">
     <span class='ocr_line' id='line_1_117' title="bbox 2061 5525 3710 5601; baseline -0.001 -16"><span class='ocrx_word' id='word_1_832' title='bbox 2061 5545 2406 5601; x_wconf 86' lang='lat' dir='ltr'>quanquam</span> <span class='ocrx_word' id='word_1_833' title='bbox 2455 5525 2656 5583; x_wconf 88' lang='lat' dir='ltr'>omnia</span> <span class='ocrx_word' id='word_1_834' title='bbox 2711 5526 2995 5585; x_wconf 88' lang='lat' dir='ltr'>animalia</span> <span class='ocrx_word' id='word_1_835' title='bbox 3041 5530 3265 5586; x_wconf 88' lang='lat' dir='ltr'>munda</span> <span class='ocrx_word' id='word_1_836' title='bbox 3293 5532 3458 5586; x_wconf 91' lang='lat' dir='ltr'>sint:</span> <span class='ocrx_word' id='word_1_837' title='bbox 3509 5531 3710 5586; x_wconf 90' lang='lat' dir='ltr'>omnia</span> 
     </span>
    </p>
   </div>
   <div class='ocr_carea' id='block_1_118' title="bbox 364 5670 1926 5747">
    <p class='ocr_par' dir='ltr' id='par_1_118' title="bbox 364 5670 1893 5747">
     <span class='ocr_line' id='line_1_118' title="bbox 364 5670 1893 5747; baseline 0.003 -21"><span class='ocrx_word' id='word_1_838' title='bbox 364 5670 417 5705; x_wconf 84' lang='grc'><strong><em>⁸²</em></strong></span> <span class='ocrx_word' id='word_1_839' title='bbox 445 5671 605 5727; x_wconf 86' lang='lat' dir='ltr'>Psal.</span> <span class='ocrx_word' id='word_1_840' title='bbox 637 5689 784 5742; x_wconf 73' lang='lat' dir='ltr'>XLIX,</span> <span class='ocrx_word' id='word_1_841' title='bbox 821 5677 903 5728; x_wconf 83' lang='grc'><strong>17.</strong></span> <span class='ocrx_word' id='word_1_842' title='bbox 935 5672 982 5709; x_wconf 67' lang='grc' dir='ltr'>εδ</span> <span class='ocrx_word' id='word_1_843' title='bbox 1013 5674 1166 5730; x_wconf 85' lang='lat' dir='ltr'>Psal.</span> <span class='ocrx_word' id='word_1_844' title='bbox 1191 5692 1243 5744; x_wconf 89' lang='lat' dir='ltr'>L,</span> <span class='ocrx_word' id='word_1_845' title='bbox 1278 5677 1362 5731; x_wconf 81' lang='grc'>19.</span> <span class='ocrx_word' id='word_1_846' title='bbox 1396 5674 1439 5710; x_wconf 67' lang='grc'>⁵4</span> <span class='ocrx_word' id='word_1_847' title='bbox 1467 5676 1649 5747; x_wconf 74' lang='lat' dir='ltr'>IReg.</span> <span class='ocrx_word' id='word_1_848' title='bbox 1685 5692 1773 5739; x_wconf 88' lang='lat' dir='ltr'>xv,</span> <span class='ocrx_word' id='word_1_849' title='bbox 1804 5678 1893 5730; x_wconf 83' lang='lat'>22.</span> 
     </span>
    </p>
   </div>
   <div class='ocr_carea' id='block_1_119' title="bbox 2039 5670 2509 5747">
    <p class='ocr_par' dir='ltr' id='par_1_119' title="bbox 2039 5672 2509 5740">
     <span class='ocr_line' id='line_1_119' title="bbox 2039 5672 2509 5740; baseline -0.002 -12"><span class='ocrx_word' id='word_1_850' title='bbox 2039 5672 2182 5728; x_wconf 74' lang='lat' dir='ltr'>ond.</span> <span class='ocrx_word' id='word_1_851' title='bbox 2216 5688 2422 5740; x_wconf 69' lang='grc' dir='ltr'>χχχιιι,</span> <span class='ocrx_word' id='word_1_852' title='bbox 2458 5674 2509 5728; x_wconf 85' lang='grc'><strong>4.</strong></span> 
     </span>
    </p>
   </div>
   <div class='ocr_carea' id='block_1_120' title="bbox 576 5788 1263 5854">
    <p class='ocr_par' dir='ltr' id='par_1_120' title="bbox 576 5788 1263 5854">
     <span class='ocr_line' id='line_1_120' title="bbox 576 5788 1263 5854; baseline 0.01 -8"><span class='ocrx_word' id='word_1_853' title='bbox 576 5788 848 5853; x_wconf 60' lang='lat' dir='ltr'>Parnm.</span> <span class='ocrx_word' id='word_1_854' title='bbox 897 5792 1007 5852; x_wconf 81' lang='grc' dir='ltr'>ϐιι.</span> <span class='ocrx_word' id='word_1_855' title='bbox 1055 5791 1263 5854; x_wconf 84' lang='lat' dir='ltr'>CXXI.</span> 
     </span>
    </p>
   </div>
   <div class='ocr_carea' id='block_1_121' title="bbox 3468 5790 3541 5848">
    <p class='ocr_par' dir='ltr' id='par_1_121' title="bbox 3468 5790 3541 5848">
     <span class='ocr_line' id='line_1_121' title="bbox 3468 5790 3541 5848; baseline -0.014 0"><span class='ocrx_word' id='word_1_856' title='bbox 3468 5790 3541 5848; x_wconf 81' lang='lat'>15</span> 
     </span>
    </p>
   </div>
  </div>
