4118 6288
389 453 509 516 459

392 587 554 643 enim
585 597 716 654 quae
773 577 926 633 Deus
983 571 1306 632 creaverat,
1334 565 1502 623 valde
1521 563 1680 618 bona
1710 559 1897 614 erant.
1947 553 2038 606 In-
2069 547 2118 616 Α

383 646 797 749 ,Ῑιιιιχίιόιὶδω
829 664 1119 738 quasdam
1180 655 1606 731 separationes,
1639 646 2042 723 purgationes,

391 739 1206 824 ablutiones,decimationes,
1234 743 1616 803 castimoniae
1631 739 1929 804 feriasque
1946 743 2044 786 va-

391 848 729 922 rias,pwnis
750 846 932 902 etiam
957 841 1193 898 sancite
1207 836 1430 899 omnia,
1452 837 1520 888 ut
1530 827 1719 904 pressi
1737 843 1804 882 ac
1817 833 2049 892 compe-

393 914 569 998 dibus
587 937 742 994 420
765 933 993 992 astricti
1025 943 1289 987 errorem
1311 925 1384 980 de
1403 921 1608 978 multis
1647 914 2046 973 diisvitarent.

393 1030 488 1085 Sic
511 1041 650 1102 ergo
673 1027 830 1082 Deus
852 1037 954 1079 eos
987 1021 1062 1076 ob
1076 1017 1261 1075 animi
1284 1009 1750 1070 obstinationem
1766 999 2047 1066 devinxit,

391 1125 460 1176 ut
480 1093 808 1178 sacrificiis,
841 1110 1029 1179 feriis,
1061 1103 1452 1172 castimoniis,
1485 1099 1736 1168 aliisque
1759 1093 1818 1148 id
1863 1105 2050 1164 genus

393 1205 765 1265 caeremoniis
795 1197 1179 1258 observandis
1201 1195 1302 1251 Dei
1331 1182 2048 1248 memoriamretinerent,

395 1299 498 1372 qui
527 1295 732 1352 omnia
759 1293 873 1349 ista
903 1287 1288 1362 praecepisset
1316 1289 1494 1352 atque
1550 1275 1782 1348 legibus
1823 1267 2052 1326 descri-

395 1389 632 1462 psisset.
656 1385 749 1440 Illi
780 1389 982 1438 tamen
1039 1355 1424 1450 perversitate
1476 1382 1710 1424 morum
1761 1367 1820 1418 et
1868 1355 2053 1416 animi

399 1450 828 1551 ingratitudine
869 1485 940 1526 ea
961 1470 1090 1542 jam
1121 1467 1261 1522 inde
1319 1479 1355 1518 a
1396 1456 1689 1532 principio
1743 1451 1818 1508 ad
1870 1450 2053 1505 ﬁnem

396 1543 589 1640 usque
618 1566 881 1631 fuerunt,
933 1565 1000 1615 ut
1030 1554 1354 1613 identidem
1405 1549 1508 1606 Dei
1540 1543 2052 1604 obliviscerentur,

401 1637 823 1727 deviantesque
881 1666 916 1708 a
970 1651 1130 1706 recto
1187 1643 1484 1701 Creatoris
1534 1639 1665 1694 loco
1723 1637 2056 1690 creaturam

402 1726 740 1807 adorarent.
775 1748 979 1814 Itaque
1003 1741 1151 1796 alias
1172 1735 1444 1802 vitulum,
1495 1728 1582 1784 uti
1617 1726 1897 1791 diximus,
1921 1735 2058 1776 con-

405 1840 646 1905 ﬂerunt,
673 1833 822 1891 alias
839 1807 1222 1901 Beelphegori
1248 1821 1681 1896 supplicarunt,
1703 1812 1850 1870 alias
1870 1807 2054 1874 Baali,

403 1930 726 1993 Chamoso,
761 1922 1018 1980 Sidonias
1066 1921 1338 1983 Astartes,
1396 1909 1686 1976 Molocho,
1725 1919 1759 1961 a

400 2020 559 2075 lunae
590 2019 649 2072 et
678 1990 1034 2082 stellisque:
1066 2010 1218 2062 Deus
1249 2017 1369 2060 non
1391 2005 1458 2056 ut
1479 1999 1837 2062 colerentur,
1861 1990 1966 2046 sed
1997 1991 2063 2044 ut

407 2111 610 2165 lumen
643 2104 982 2178 praeberent
1001 2095 1346 2154 hominibus
1375 2091 1676 2146 creaverat
1696 2083 1876 2152 ;alias
1888 2081 2064 2136 bruta

407 2168 736 2256 animantia
756 2193 919 2248 cultu
941 2188 1044 2244 Dei
1077 2187 1424 2251 affecerunt,
1445 2185 1514 2234 ut
1541 2178 1604 2232 in
1635 2176 1876 2245 Λεπριο
1907 2168 2060 2240 Apin

411 2289 622 2344 bovem
649 2283 960 2340 ethircum
991 2273 1380 2338 Mendesium,
1435 2268 1580 2323 alias
1637 2266 1947 2335 argenteos
2005 2260 2064 2311 et

411 2391 626 2434 aureos
655 2373 890 2439 deos,ut
909 2369 974 2447 in
1001 2363 1374 2420 Judaea.Eam
1395 2357 1470 2412 ob
1499 2371 1624 2410 rem
1654 2349 1966 2424 perspicue
1987 2345 2062 2400 iis

409 2471 565 2524 Deus
593 2479 732 2520 voce
763 2442 914 2516 vatis
940 2457 1032 2512 sui
1073 2456 1157 2510 ita
1185 2452 1448 2508 minatur
1496 2461 1510 2504 :
1568 2447 1864 2500 Parumne
1949 2440 2062 2493 hoc

404 2554 622 2612 Iudaeae
651 2548 894 2607 familia:
925 2544 1175 2608 videtur,
1212 2539 1372 2610 quod
1427 2542 1549 2591 tam
1606 2529 1795 2588 multa
1837 2527 2061 2584 abomi-

402 2643 602 2702 nanda
629 2640 899 2696 fecerunt
929 2638 1270 2700 terramque
1307 2623 1632 2698 impietatis
1660 2620 2057 2692 repleverunt,

407 2741 474 2792 ut
501 2747 596 2799 me
627 2722 988 2786 irritarent?
1035 2722 1238 2775 Merito
1271 2717 1448 2789 igitur
1494 2712 1673 2768 excisi
1723 2715 1880 2776 sunt,
1922 2721 2058 2762 cum

410 2825 514 2882 Dei
536 2824 685 2878 iram
725 2815 1112 2891 provocarent
1142 2819 1494 2878 sacramque
1523 2809 1741 2859 terram
1785 2798 1856 2854 ab
1885 2795 2058 2852 initio

407 2885 750 2988 polluerunt
787 2901 1117 2962 identidem
1162 2897 1238 2954 ad
1272 2910 1461 2967 usque
1499 2897 1867 2966 postremum
1909 2885 2059 2945 illud

403 2977 580 3062 suum
611 2999 720 3058 sub
757 2993 1117 3068 Vespasiano
1141 2995 1199 3044 et
1226 2987 1354 3044 Tito
1373 2983 1840 3041 excidium.Cum
1871 2977 2054 3056 enim,

397 3093 596 3168 inquit
613 3086 1042 3151 Theodoretus,
1073 3077 1288 3136 diversi
1311 3073 1720 3145 Hierosolyma
1759 3069 2060 3140 cepissent

397 3158 574 3257 atque
588 3178 1290 3241 destruxissent,semper
1303 3183 1371 3222 ea
1382 3165 1670 3238 pristimw
1684 3158 1956 3232 dignitati
1969 3161 2060 3212 est

396 3246 574 3346 atque
602 3270 810 3326 formas
841 3263 1134 3327 restituta,
1169 3257 1408 3328 dempto
1467 3257 1769 3326 postremo
1799 3246 2050 3304 excidio.

399 3337 634 3420 Primus
679 3351 1138 3424 Thelaphalasar
1183 3345 1474 3417 majorem
1523 3341 1732 3396 decem
1791 3337 2055 3392 tribuum

397 3455 627 3525 partem
649 3443 937 3515 captivam
969 3439 1122 3494 421
1155 3433 1420 3489 abduxit.
1452 3429 1756 3486 Secundus
1787 3426 2057 3483 Salama-

398 3555 578 3598 nasar
599 3531 924 3593 Samariam
958 3533 1016 3582 et
1045 3520 1496 3594 circumpositas
1525 3518 1704 3573 urbes
1737 3515 1970 3587 subegit
1998 3515 2058 3568 et

403 3627 632 3686 incolas
661 3623 725 3679 in
760 3620 1104 3677 servitutem
1152 3611 1367 3684 abegit.
1417 3607 1648 3664 Tertius
1715 3601 2058 3660 Senaoberi-

397 3733 532 3776 mus
555 3715 823 3786 reliquas
850 3707 1068 3766 Iudaea)
1098 3702 1276 3758 urbes
1304 3695 1682 3770 oppugnavit,
1715 3693 2054 3763 multosque

400 3807 680 3867 servitum
711 3801 774 3858 in
805 3813 978 3856 suum
1003 3805 1255 3866 regnum
1286 3788 1470 3844 misit.
1505 3787 1722 3841 Verum
1781 3782 2058 3838 Hieroso-

401 3898 623 3970 lymam
646 3905 884 3964 quoque
915 3884 1179 3950 adortus,
1205 3895 1272 3936 ac
1299 3875 1550 3948 superbe
1565 3879 1624 3928 et
1646 3871 1828 3944 impie
1851 3875 2056 3925 contra

398 3988 588 4042 Deum
646 3959 857 4045 elatus,
902 3977 1098 4048 justas
1153 3983 1276 4024 sua;
1351 3964 1551 4036 impiae
1618 3959 2054 4018 maledicentia:

402 4089 610 4148 poenas
643 4069 828 4136 dedit,
861 4061 1123 4122 exercitu
1144 4056 1426 4114 divinitus
1456 4069 1606 4109 caeso
1639 4055 1877 4107 coactus
1915 4062 2051 4104 cum

401 4161 690 4220 dedecore
721 4155 1094 4215 obsidionem
1127 4149 1350 4206 solvere
1381 4144 1743 4212 domumque
1777 4153 2052 4194 reversus

407 4271 443 4311 a
474 4252 612 4309 ﬁliis
635 4251 759 4306 suis
789 4252 881 4304 est
903 4241 1270 4300 interfectus.
1293 4237 1435 4290 Post
1479 4233 1639 4287 hunc
1657 4224 2054 4286 Nabuchodo-

399 4337 909 4412 nosor,Joachimo
927 4333 1098 4390 Josise
1113 4330 1238 4385 filio
1250 4325 1495 4380 tertium
1509 4337 1731 4378 annum
1743 4322 2047 4392 regnante,

399 4407 600 4506 copias
650 4431 714 4486 in
770 4426 1033 4484 Iudaeam
1091 4416 1378 4481 adduxit;
1441 4411 1768 4481 multisque
1820 4407 1949 4464 auri
1991 4411 2050 4462 et

398 4497 628 4596 argenti
657 4515 902 4574 talentis
927 4508 1208 4580 acceptis,
1257 4501 1464 4560 multis
1523 4501 1625 4571 qui
1680 4497 1826 4570 regii
1881 4499 2050 4552 erant

397 4589 702 4682 sanguinis
732 4601 977 4676 captivis
1005 4595 1297 4658 abductis,
1317 4591 1514 4648 ablata
1544 4589 1723 4644 etiam
1741 4598 2045 4642 sacrorum

394 4673 668 4754 vasorum
685 4673 852 4766 parte
881 4687 1279 4760 impositoque
1317 4679 1538 4734 tributo
1575 4675 1818 4730 domum
1851 4673 1997 4728 redii

395 4784 578 4844 Paulo
606 4763 742 4856 post
769 4778 1068 4836 Joachimo
1101 4771 1391 4828 tributum
1441 4779 1565 4820 non
1621 4763 1886 4818 solvente
1937 4763 2050 4816 Na-

395 4852 858 4935 buchodonosor
877 4880 1035 4924 anno
1060 4862 1223 4936 regni
1245 4859 1374 4932 ejus
1395 4852 1827 4920 undecimo,sui
1851 4854 2048 4906 autem

397 4973 622 5034 octavo,
653 4975 892 5018 rursum
944 4950 1354 5023 Hierosolyma
1398 4943 1780 5018 oppugnavit,
1811 4941 2053 4996 Joachi-

397 5030 681 5130 mumque
714 5056 990 5110 necatum
1022 5047 1095 5101 de
1134 5055 1304 5099 muro
1363 5033 1574 5130 ρινορὶοί
1607 5037 1668 5088 et
1702 5030 2048 5102 aliquandiu

397 5121 774 5205 inhumatum
797 5135 1058 5208 relinqui
1083 5127 1428 5204 imperavit;
1453 5122 1526 5179 de
1549 5138 1665 5194 quo
1689 5126 1745 5177 et
1764 5121 2048 5177 Ieremias

395 5237 540 5294 dicit
566 5236 650 5292 ’ϐε
684 5235 820 5290 Hzec
853 5221 1204 5303 pronuntiat
1221 5218 1508 5276 Dominus
1530 5211 1602 5268 de
1631 5211 1936 5268 Joachimo
1951 5212 2048 5266 Jo-

396 5327 498 5383 siae
531 5325 684 5399 regis
705 5301 874 5380 Iudae
897 5320 1021 5376 ﬁlio
1047 5313 1176 5372 :Vaa
1199 5311 1254 5368 ei
1275 5309 1396 5366 viro
1425 5323 1438 5362 :
1471 5305 1627 5360 inter
1645 5301 2047 5374 plangendum

392 5430 572 5490 super
599 5390 671 5468 ἕο
729 5427 852 5467 non
907 5409 1126 5476 dicent,
1179 5402 1322 5468 Heu,
1382 5395 1587 5461 frater,
1645 5405 1839 5462 neque
1893 5390 2050 5446 inter

388 5478 733 5562 debendum
760 5497 1134 5566 dicent,Heu,
1159 5487 1420 5556 domine,
1453 5489 1513 5540 et
1536 5481 1908 5550 Heu,frater:
1941 5478 2046 5536 sed

381 5593 537 5665 asini
566 5590 875 5662 sepultura
899 5586 952 5640 ei
987 5584 1342 5654 obtinget,ac
1371 5571 1736 5646 putrefactus
1767 5569 2043 5642 projicie-

457 5747 506 5782 ⁵³
534 5745 754 5802 Jerem.
783 5755 920 5808 χχιι,
955 5739 1040 5805 18,
1074 5737 1160 5788 19.

1747 415 2065 484 GEORGII
2107 413 2260 476 OED
2269 411 2456 474 BEN!

3683 403 3806 464 460

2155 543 2381 620 ρισμοὺς
2436 541 2752 617 προσὲταξε,
2804 538 2894 596 καὶ
2951 531 3345 609 καθαρισμοὺς,
3427 535 3518 590 καὶ
3613 537 3808 608 βαπτι-

2159 634 2353 710 σμοὺς,
2382 635 2476 691 καί
2507 631 2892 704 δεκατισμοὺς,
2918 629 3008 686 καὶ
3044 626 3258 704 ἁγνείας
3313 625 3404 682 καὶ
3465 625 3660 701 ἀργίας
3693 623 3809 680 δια-

2157 725 2381 804 φόρους,
2413 725 2487 780 ὦν
2518 721 2884 797 παρακούοντι
2927 717 3198 794 τιμωρίαν
3247 715 3506 788 ὡρίσατο,
3563 715 3654 768 ἳνα
3683 733 3808 769 πιε-

2159 815 2381 888 ζόμενοι
2407 813 2498 869 καὶ
2528 813 2632 869 ὑπὸ
2660 811 2756 868 τοῦ
2786 807 2980 866 κλοιοῦ
3008 805 3317 886 ἀγχόμενοι
3371 811 3474 874 τῆς
3533 800 3808 866 πολυθίου

2157 903 2372 974 πλανης
2404 903 2796 974 ἰκστήσωνται.
2821 898 3028 959 Οὐκοῦν
3083 894 3174 952 διὰ
3223 897 3324 964 τήν
3365 889 3805 969 σκληροκαρδίαν

2159 993 2332 1050 αὐτῶν
2366 989 2622 1064 ἐπίδησεν
2651 988 2868 1055 αὖτοὺς,
2900 989 3048 1049 ὅπως
3108 983 3200 1040 διὰ
3245 987 3342 1039 τοῦ
3370 983 3538 1053 θύειν,
3585 981 3674 1038 καὶ
3707 981 3811 1058 ἀρ·

2157 1089 2294 1162 γεῖν,
2353 1083 2446 1138 καὶ
2499 1080 2824 1156 ἁγνίζεσθαι,
2874 1075 2964 1132 καὶ
3020 1077 3087 1132 τὰ
3141 1072 3324 1130 τοιάδε
3378 1073 3810 1148 παρατηρεῖσθαι

2161 1172 2236 1236 εἷς
2289 1167 2498 1228 ἔννοιαν
2555 1169 2823 1250 ἔρχωνται
2870 1171 3008 1224 Θεοῦ
3063 1169 3162 1222 τοῦ
3208 1168 3376 1220 ταῦτα
3419 1159 3813 1234 διαταξαμένου

2160 1263 2348 1325 αὐτοῖς
2403 1260 2495 1316 καὶ
2542 1259 3028 1332 νομοθετήσαντος,
3088 1252 3208 1329 οἷ’γε
3261 1249 3547 1327 μοχθηρίᾳ
3601 1250 3812 1325 τρόπου

2160 1351 2250 1407 καὶ
2281 1349 2509 1424 γνώμης
2539 1348 2862 1426 ἀγνώμονος
2893 1345 2958 1400 οὗ
2993 1341 3348 1416 διελίμπανον
3376 1339 3574 1395 ἄνωθεν
3607 1337 3700 1394 καὶ
3757 1337 3808 1408 ιε

2162 1439 2344 1516 ἀρχῆς
2375 1439 2542 1515 μεχρι
2580 1425 2772 1499 τίλους
2837 1432 3318 1506 ἐπιλανθανόμενοι
3368 1433 3470 1509 τοῦ
3525 1432 3679 1499 Θεοῦ,
3721 1425 3816 1483 καὶ

2161 1528 2639 1606 παρατρεπόμενοι
2685 1523 3044 1601 προσεκύνουν
3101 1521 3218 1578 ἀντὶ
3273 1525 3370 1576 τοῦ
3429 1506 3656 1574 κτίστου
3710 1517 3814 1586 τὴν

2163 1619 2360 1690 κτίσιν,
2386 1617 2476 1674 καὶ
2506 1617 2638 1673 ποτὶ
2670 1617 2784 1690 μὶν,
2842 1616 2918 1676 ὡς
2978 1631 3212 1689 ειρηται,
3270 1611 3812 1684 μοσχοποιήσαντες,

2165 1707 2298 1764 ποτέ
2329 1703 2388 1762 δί
2431 1710 2512 1778 τῷ
2569 1702 2890 1782 Βεελφεγὼρ
2946 1701 3441 1778 προσκυνήσαντες,
3495 1697 3702 1754 ἄλλοτε
3758 1694 3821 1752 δὶ

2163 1801 2244 1870 τῷ
2271 1795 2439 1865 Βάὶαλ,
2471 1794 2561 1850 καὶ
2589 1799 2671 1866 τῷ
2701 1792 2928 1866 Χαμὼς,
2963 1789 3053 1846 καὶ
3107 1793 3176 1864 τῇ
3230 1785 3470 1860 Σιδωνίᾳ
3525 1787 3818 1862 Ἀστιὶρτῃ,

1761 1905 1872 1960 Has
1925 1899 2057 1968 soli,
2091 1921 2138 1985 Β
2165 1886 2258 1985 καί
2288 1886 2368 1958 τῷ
2399 1883 2684 1985 Μολχὼμ,
2833 1881 2968 1938 ποτὶ
2993 1884 3073 1952 τῷ
3105 1877 3276 1952 ἡλίῳ,
3313 1877 3406 1934 καὶ
3458 1881 3527 1952 τῇ
3584 1876 3822 1952 σελήνῃ,

2169 1975 2259 2032 καὶ
2319 1980 2434 2037 τοῖς
2489 1972 2708 2048 ἄστροις
2762 1967 2796 2026 ὁὶ
2850 1971 2878 2026 ὁ
2917 1969 3048 2032 Θεὸς
3105 1966 3182 2030 εἰς
3261 1971 3452 2046 φαῦσιν
3509 1966 3822 2039 ἀνθρώποις

2169 2063 2416 2136 ἐποίησε,
2444 2062 2533 2120 καὶ
2567 2061 2666 2118 οὐκ
2721 2061 2796 2122 εἰς
2852 2059 3241 2136 προσκύνησιν*
3293 2056 3426 2113 ποτὶ
3473 2053 3531 2110 δὲ
3567 2054 3658 2111 καὶ
3692 2052 3826 2110 ἄλο-

2168 2176 2237 2229 γα
2268 2158 2382 2224 ζῶα
2411 2151 2631 2226 ἐτίμων,
2665 2151 2738 2212 ὡς
2795 2150 2918 2224 παρ’
2972 2147 3297 2222 Αἰγυπτίοις
3334 2145 3426 2201 τὸν
3470 2146 3634 2200 ’Δπιν
3690 2144 3821 2218 βοῦν

2168 2244 2258 2301 καὶ
2289 2243 2380 2299 τὸν
2412 2239 2712 2312 Μενδήσιον
2767 2238 2987 2314 τράγον,
3043 2237 3136 2292 καὶ
3192 2234 3348 2301 θεοὺς
3405 2237 3676 2309 ἀργυροῦς
3729 2233 3824 2288 καὶ

2171 2339 2433 2411 χρυσοῦς,
2473 2333 2548 2396 ὡς
2607 2331 2658 2388 ἦν
2715 2333 2784 2403 τῇ
2825 2325 3082 2400 Ἰουδαίᾳ.
3133 2325 3310 2402 Ταύτῃ
3371 2345 3458 2380 τοι
3515 2320 3825 2399 προδήλως

2170 2422 2413 2480 ἀπειλῶν
2442 2424 2632 2486 αὐτοῖς
2660 2422 2689 2476 ὁ
2718 2420 2846 2482 Θεὸς
2879 2415 3036 2496 ἔλεγε
3066 2415 3158 2473 διὰ
3211 2420 3308 2472 τοῦ
3357 2415 3674 2490 προφήτου.
3734 2412 3826 2480 Μὴ

2173 2515 2365 2589 μικρὸν
2391 2517 2553 2568 τοῦτο
2581 2515 2661 2584 τῷ
2683 2509 2820 2582 οἷ’κῳ
2845 2505 3047 2576 Ἰούδα,
3108 2511 3283 2563 ποιεῖν
3338 2504 3406 2560 τὰ
3463 2499 3826 2578 βδελύγματα

2169 2602 2395 2660 ταῦταᾶ
2449 2601 2759 2672 bucinam;
2811 2601 2933 2656 Ὃτι
2973 2591 3216 2667 ἔπλησαν
3270 2594 3370 2663 τὴν
3423 2599 3530 2668 γῆν
3590 2589 3828 2664 ἀνομίας

2166 2698 2264 2749 τοῦ
2293 2691 2620 2768 παροργίσαι
2681 2709 2769 2762 με.
2830 2687 2925 2742 Διὸ
2960 2685 3144 2740 τοίνυν
3201 2683 3430 2743 εἰκότως
3480 2677 3825 2755 ὲεωλοθρεύ-

2169 2795 2338 2853 θησαν
2365 2781 2442 2842 ὡς
2471 2780 2562 2836 τὸν
2593 2779 2722 2834 Θεὸν
2753 2775 3174 2852 παροργίζοντες
3231 2770 3319 2828 καί
3380 2772 3482 2842 τήν
3530 2771 3688 2846 ἁγίαν
3713 2774 3815 2843 γῆν

2169 2871 2376 2942 ἐκείνην
2407 2868 2850 2944 καταμιαίνοντες
2909 2865 3000 2921 ἀπ’
3055 2863 3235 2939 ἀρχῆς
3293 2855 3395 2926 ἕως
3443 2865 3545 2930 τῆς
3573 2857 3813 2937 ἐσχάτης

2166 2961 2258 3016 καὶ
2313 2958 2631 3022 τελευταίας
2685 2955 2887 3028 ταύτης
2943 2952 3204 3016 ἁλώσεως
3259 2951 3346 3007 ἐπὶ
3405 2948 3801 3009 Οὐεσπασιανοῦ

2164 3051 2256 3106 καὶ
2307 3049 2495 3107 Τίτου.
2529 3047 2633 3106 Καὶ
2668 3048 2768 3122 γὰρ
2828 3043 3102 3123 διαφόρων
3155 3041 3356 3112 ταύτην
3403 3041 3494 3095 καὶ
3548 3035 3804 3094 καθελόν-

2163 3163 2296 3214 των,
2329 3140 2455 3220 φησὶ
2486 3144 2574 3212 [Ρ.
2621 3140 2751 3211 240]
2806 3133 3180 3212 Θεοδώρητος,
3237 3131 3404 3189 πάλιν
3454 3131 3529 3194 εἰς
3581 3129 3645 3185 τὸ
3703 3128 3810 3202 ἀρ-

2167 3215 2804 3306 χαῖον-ἀποκατέστησαν
2863 3225 3080 3300 ἀξίωμά
3132 3243 3192 3279 τε
3247 3221 3336 3278 καὶ
3392 3222 3606 3295 σχῆμα·
3663 3215 3815 3272 ἀλλά

2162 3305 2251 3376 νῦν
2320 3319 2524 3375 ούκὲτι.
2587 3321 2810 3393 Πρῶτος
2879 3315 2976 3390 μὲν
3033 3313 3134 3389 γὰρ
3209 3307 3604 3390 θελαφὰλσσαρ
3652 3305 3814 3382 δορυ-

2165 3410 2380 3468 άλωτον
2406 3403 2570 3466 ἔλαϐε
2591 3411 2701 3464 τῶν
2732 3405 2859 3462 δέκα
2887 3403 3074 3485 φυλῶν
3119 3402 3182 3458 τὸ
3246 3399 3528 3458 πλεῖστον’
3563 3395 3814 3472 δεύτερος

2166 3499 2225 3557 δέ
2255 3497 2656 3573 Σαλαμανασάρ
2683 3498 2784 3566 τήν
2833 3483 3135 3568 Σαμάρειαν
3192 3490 3283 3546 καὶ
3339 3491 3436 3552 τὰς
3491 3487 3618 3562 περὶ
3651 3483 3823 3555 αὒτήν

2166 3572 2586 3665 ἐξηνδραπόδισε
2667 3581 2878 3644 πόλεις·
2959 3580 3144 3657 τρίτος
3222 3575 3280 3633 δὲ
3361 3577 3390 3632 ὁ
3461 3572 3822 3651 Σεναχηρεῖμ

2162 3678 2258 3740 τὰς
2319 3661 2413 3750 μὶν
2493 3672 2668 3736 ἄλλας
2733 3675 2834 3737 τῆς
2913 3666 3179 3728 Ἰουδαίας
3258 3663 3627 3740 ἐπολιόρκησε
3710 3661 3820 3717 πό-

2165 3749 2329 3836 λεις,
2375 3764 2462 3822 καὶ
2521 3759 2768 3822 πολλοὺς
2853 3758 3148 3834 μετῴκισεν
3225 3751 3653 3830 αἰχμαλώτους,
3711 3749 3822 3806 ἐπι-

2165 3853 2488 3930 στρατεύσας
2573 3848 2632 3906 δὶ
2685 3854 2803 3912 τοῖς
2859 3844 3273 3924 Ἰεροσολύμοις
3357 3842 3702 3910 ἀλαζονικῶς
3757 3858 3821 3894 τε

2163 3928 2253 3998 καὶ
2284 3937 2556 4004 δυσσεϐῶς
2587 3939 2878 4014 ἐκομίσατο
2909 3933 3134 3997 δικαίως
3165 3939 3265 4004 τῆς
3324 3928 3685 4008 βλασφημίας
3739 3929 3809 3986 τὰ

2163 4031 2436 4109 ἐπίχειρα·
2485 4029 2738 4101 θεηλᾶτῳ
2783 4024 2981 4102 πληγῇ
3039 4025 3137 4094 τὴν
3194 4019 3446 4109 στρατιὰν
3507 4017 3808 4088 ἀπολέσας,

2161 4107 2396 4196 καὶνμεέέ
2426 4120 2694 4190 αἰσχύνης
2723 4116 3024 4188 ἀναζεύξας,
3055 4112 3158 4170 ὑπὸ
3215 4117 3324 4168 τῶν
3386 4107 3542 4166 ἰδίων
3597 4109 3804 4164 τεκνων

2161 4195 2480 4287 ἀναιρεῖται.
2514 4209 2662 4264 Μετὰ
2718 4203 2777 4262 δὲ
2828 4208 3018 4260 τοῦτον
3079 4196 3574 4280 Ναϐουχοδονόσορ
3619 4195 3673 4252 ἂν
3727 4200 3809 4268 τῷ

2157 4284 2328 4376 τρίτιρ
2356 4293 2462 4356 ἔτει
2489 4305 2589 4370 τῆς
2624 4294 2902 4373 βασιλείας
2945 4292 3202 4366 ’ίωακεὶμ
3255 4293 3354 4346 τοῦ
3406 4287 3528 4344 υἱοῦ
3594 4284 3810 4344 Ἰωσίου

2164 4373 2307 4466 μετά
2349 4387 2631 4463 δυνάμεως
2693 4385 2770 4448 εἷς
2825 4385 2924 4454 τὴν
2969 4379 3230 4439 Ἰουδαίαν
3290 4375 3636 4459 ἀφικόμενος,
3721 4373 3812 4430 καὶ

2158 4462 2346 4536 πολλά
2371 4462 2614 4535 τάλαντα
2645 4473 2873 4552 χρυσίου
2920 4471 3008 4528 καὶ
3041 4469 3277 4547 ἀργύρου
3337 4462 3524 4524 λαϐὼν
3582 4463 3674 4520 καὶ
3752 4463 3816 4518 ἐκ

2158 4573 2253 4624 τοῦ
2289 4566 2574 4646 βασιλικοῦ
2597 4550 2784 4642 γίνους
2823 4561 3222 4638 αἰχμαλώτους
3279 4554 3534 4618 πολλοὺς
3590 4552 3683 4610 καὶ
3717 4550 3813 4626 μὲ-

2006 4677 2048 4727 t,
2081 4647 2122 4711 D
2155 4680 2248 4734 ρος
2290 4644 2350 4716 ix
2402 4663 2510 4714 τῶν
2562 4658 2722 4732 ἱερῶν
2783 4658 3010 4723 σκευῶν,
3071 4650 3368 4725 ὑπὲστρεψε
3425 4644 3632 4720 δασμὸν
3685 4645 3810 4699 ἑπι-

2161 4749 2290 4814 θείς.
2351 4748 2453 4804 Καὶ
2513 4747 2627 4823 μετ’
2669 4744 2854 4821 ὀλίγον
2905 4742 3108 4822 χρόνον
3163 4739 3192 4795 ὁ
3253 4738 3348 4812 μὶν
3406 4736 3662 4823 Ἰωακεῖμ
3715 4734 3812 4788 τὸν

2160 4837 2328 4917 φόρον
2358 4819 2642 4907 sessim,
2696 4835 2725 4890 ὁ
2775 4819 2837 4888 δὲ
2893 4819 3382 4917 Ναϐουχοδονόσορ
3431 4822 3512 4898 τῷ
3541 4819 3810 4894 ἑνδεκάτῳ

2160 4909 2267 4982 ἔτει
2321 4929 2420 4995 τῆς
2481 4923 2678 4981 τούτου
2740 4918 3043 4998 βασιλείας,
3103 4913 3282 4991 ὀγδόῳ
3334 4911 3391 4970 δὲ
3445 4919 3546 4984 τῆς
3603 4909 3812 4972 οἰκείας

2159 5015 2486 5090 ἡγεμονίας,
2543 5013 2708 5070 πάλιν
2794 5009 3134 5086 ἰκστρατεύει
3189 5010 3306 5068 τοῖς
3371 4999 3808 5078 Ἱεροσολύμοις,

2157 5105 2247 5162 καὶ
2301 5105 2394 5163 τὸν
2477 5105 2573 5180 μὶν
2629 5101 2890 5176 Ἰωακεὶμ
2945 5099 3154 5156 ἀνελὼν
3203 5095 3296 5152 καὶ
3353 5093 3460 5150 ἀπὸ
3513 5095 3614 5148 τοῦ
3693 5091 3809 5145 τεί-

2159 5217 2296 5276 χους
2355 5178 2574 5274 ῥιφῆναι
2631 5189 2892 5254 κελεύσας
2959 5187 3159 5266 ἄταφον
3243 5182 3333 5240 ἰπί
3407 5201 3525 5238 τινα
3608 5178 3820 5260 χρόνον

2157 5266 2438 5356 ica-cilius,
2496 5285 2619 5358 περὶ
2675 5281 2737 5338 οὗ
2818 5280 2909 5337 καὶ
2963 5279 3231 5353 Ἱερεμίας
3284 5272 3438 5356 φησί·
3472 5267 3610 5327 Τάδε
3663 5266 3817 5344 λέγει

2156 5380 2364 5457 Κύριος
2391 5373 2479 5432 ἐπὶ
2524 5356 2782 5446 Ἰωακεὶμ
2835 5369 2952 5426 υἱὸν
3011 5367 3227 5425 Ἰωσίου
3283 5363 3560 5440 βασιλέως
3611 5356 3812 5414 Ἰούδα·

2157 5447 2294 5530 Οὐαὶ
2319 5467 2407 5523 ἐπὶ
2435 5464 2526 5520 τὸν
2561 5458 2726 5540 ἄνδρα
2753 5465 2946 5516 τοῦτον
2979 5461 2992 5516 l
3023 5459 3104 5516 ()6
3138 5457 3215 5531 μὴ
3245 5453 3510 5530 κόψονται
3539 5447 3816 5518 αύτὸν,⁴Ω

2156 5559 2359 5638 ἀδελφέ
2389 5554 2502 5614 οὐδ’
2537 5551 2598 5610 οὒ
2765 5549 3090 5607 κλαύσονται
3151 5546 3336 5616 αὐτὸν,
3385 5543 3578 5618 Οῗμοι,
3633 5538 3817 5616 κύριε,
