4118 6288
271 426 386 486 461

1418 425 1956 489 HIS’l‘OltlARUM
2002 425 2555 488 GOMPENDIUM.

3562 431 3689 494 -463

271 560 364 615 καὶ
394 558 589 632 Οἳμοι,
620 557 840 637 ἆδελφί·
874 558 1020 615 ἀλλὰ
1049 562 1223 635 ταφὴν
1294 559 1419 617 ὅνου
1473 562 1793 636 ταφήσεται,
1831 559 1922 615 καὶ

2043 563 2140 615 tur
2170 564 2331 617 trans
2373 577 2576 616 muros
2624 562 3209 634 Hierosolymitanos.
3250 567 3532 621 Proceres
3563 584 3691 622 omo

274 650 683 727 συμψηφισθείς
714 649 998 727 ῥιφήσεται
1043 647 1290 706 ἐπέκεινα
1343 657 1445 720 τῆς
1500 648 1684 721 πύλης
1732 650 1929 724 Ἰερου-

273 735 415 807 σαλή
426 756 485 810 μ·
517 735 646 799 τοὺς
675 733 732 791 δὲ
760 735 815 791 ἐν
844 738 992 794 τέΛει
1021 738 1223 801 πάντας
1277 738 1675 815 αἰχμαλώτους
1726 733 1930 818 λαϐὼν⁹

274 825 367 882 καὶ
410 830 529 889 τοῖς
593 825 965 905 ὑπολειφθεῖσι
1025 830 1421 907 χειροτονήσας
1483 826 1707 903 βασιλέα
1754 828 1929 901 Ἱεχο·

274 914 393 970 νίαν
450 917 567 971 υἱὸν
627 914 946 991 Ἐλιακείμ,
1001 918 1208 994 ἀπῆρεν
1277 918 1356 981 εἷς
1414 912 1740 976 Βαϐυλῶνα.
1799 917 1933 973 Εἶτα

274 1005 369 1058 καὶ
429 1009 624 1062 τοῦτον
685 1006 866 1080 μαθὼν
925 1007 1286 1064 στασιάσαντα
1377 1008 1513 1080 μετὰ
1570 1013 1741 1079 μῆνας
1789 1010 1934 1081 τρεῖς

276 1093 447 1149 πάλιν
503 1091 747 1174 ἔρχεται,
804 1094 896 1151 καὶ
962 1100 1154 1152 τοῦτον
1209 1093 1447 1167 πεδήσας
1517 1097 1652 1170 μετὰ
1706 1092 1932 1150 πολλῶν

277 1181 557 1259 νεωτέρων
610 1181 947 1259 δοριάλωτον
1004 1182 1146 1258 ἄγει,
1203 1185 1542 1256 καταστήσας
1598 1183 1711 1242 ἀντ’
1767 1178 1931 1239 αὐτοῦ

276 1271 589 1346 βασιλεύειν
646 1276 754 1328 τῶν
818 1272 1138 1329 ὑπολοίπων
1226 1272 1482 1330 Σεδεκίαν
1554 1269 1933 1352 πατραδελφον

276 1361 467 1429 αὐτοῦ,
500 1361 687 1438 ὅρκοις
716 1363 855 1418 κατὰ
890 1366 987 1417 τοῦ
1018 1366 1152 1418 Θεοῦ
1178 1362 1304 1438 περὶ
1356 1367 1454 1418 τοῦ
1504 1365 1578 1436 μή
1630 1361 1930 1431 ἀποστῆναι

272 1446 726 1524 καταδεσμήσας.
790 1449 970 1508 Ἀλλὰ
1007 1451 1097 1507 καὶ
1153 1450 1349 1507 τούτου
1415 1446 1759 1527 παραϐάντος
1806 1448 1933 1511 τοὺς

270 1538 475 1615 ὅρκους
504 1540 596 1595 καὶ
630 1542 770 1614 μήτε
811 1541 904 1596 τὸν
963 1539 1167 1615 δασμὸν
1224 1538 1523 1597 ἀποδοῦναι
1582 1539 1930 1612 θελήσαντος,

277 1631 423 1704 μήτε
457 1630 563 1703 μὴν
597 1626 809 1685 εὔνοιαν
840 1630 1196 1708 φυλάξαντος,
1228 1629 1356 1687 ἀλλ’
1388 1629 1712 1706 Αἰγυπτίοις
1760 1649 1932 1703 προσ-

263 1721 564 1797 φυγόντος,
609 1719 761 1785 αὖθις
817 1720 1163 1797 παρεγένετο,
1226 1721 1316 1777 καὶ
1380 1720 1473 1776 τὸν
1535 1722 1629 1795 μὶν
1681 1717 1929 1775 Σεδεκίαν

263 1810 687 1886 χειρωσάμενος
716 1811 805 1865 καὶ
839 1809 1212 1889 ἐκτυφλώσας,
1252 1810 1344 1867 καὶ
1380 1811 1481 1879 τὴν
1513 1806 1676 1865 πόλιν
1736 1808 1929 1864 αὔταν-

268 1897 404 1974 δρον
439 1898 709 1973 εἰληφὼς,
736 1898 803 1955 τά
829 1920 888 1955 τε
920 1898 1194 1975 βασίλεια,
1224 1901 1314 1956 καὶ
1341 1900 1434 1956 τὸν
1467 1901 1608 1955 θεῖον
1640 1900 1785 1969 ναὸν,
1838 1896 1929 1953 καὶ

269 1992 452 2043 πᾶσαν
481 1987 767 2064 ἐμπρήσας
802 1988 998 2058 οἰκίαν,
1049 1989 1446 2066 αἰχμαλώτους
1504 1991 1757 2066 ἂπήγαγε
1802 1987 1931 2050 τοὺς

277 2075 641 2140 διασωθέντας
672 2078 731 2134 ἐκ
758 2083 854 2133 τοῦ
882 2078 1051 2152 λιμοῦ
1107 2079 1197 2134 καὶ
1252 2083 1349 2134 τοῦ
1399 2077 1670 2153 πολέμου,
1720 2075 1809 2134 καὶ
1864 2078 1931 2133 τὰ

286 2165 611 2245 διαφέροντα
636 2167 798 2239 σκεύη
828 2172 928 2224 τοῦ
973 2174 1102 2224 ναοῦ
1149 2168 1378 2244 Κυρίου.
1433 2171 1512 2227 Τὸ
1559 2167 1773 2238 πλῆθος
1821 2167 1933 2223 τοί-

282 2278 381 2311 νυν
427 2261 534 2311 τῶν
592 2262 887 2335 συμφορῶν
933 2257 1108 2315 αὐτῶν
1188 2259 1280 2314 καὶ
1340 2257 1507 2329 Ἰωήλ
1565 2256 1928 2332 διηγούμενος

282 2346 506 2420 πρῶτον
544 2347 639 2421 μὶν
688 2344 1071 2412 ἐπελεύσεσθαι
1127 2348 1349 2422 κάμπην
1409 2347 1575 2422 λίγει,
1622 2348 1690 2404 τὰ
1737 2344 1793 2402 δὲ
1842 2345 1931 2403 ὑπ’

276 2433 457 2503 αὐτῆς
498 2436 579 2507 μή
628 2432 973 2499 ἀναλωθίντα
1031 2437 1133 2492 ὑπὸ
1183 2433 1405 2511 ἀκρίδος
1461 2435 1927 2507 ἀναλωθήσεσθαι,

275 2524 381 2579 ὅσα
413 2521 472 2579 δὲ
499 2525 707 2595 ταύτην
741 2523 1103 2601 διαφεύξεται,
1145 2523 1467 2595 δαπανήσειν
1515 2525 1607 2581 τὸν
1665 2526 1927 2601 βροῦχον,

279 2609 516 2690 ἔσχατον
546 2611 603 2669 δὲ
633 2615 732 2684 τὴν
764 2610 1017 2689 ἐρυσίϐην
1047 2613 1375 2694 ἐπαχθεῖσαν
1429 2613 1599 2690 μηδὲν
1648 2612 1930 2679 παντελῶς

274 2702 625 2779 καταλείψειν
652 2699 966 2775 ἀλώϐητον.
1002 2705 1147 2775 Φησὶ
1175 2707 1297 2781 γάρ·
1347 2707 1424 2763 Τὰ
1479 2704 1787 2762 κατάλοιπα
1827 2711 1926 2774 τῆς

277 2791 499 2868 ἀκρίδας
531 2796 618 2867 [Ρ.
653 2796 779 2866 241]
812 2793 1172 2870 καταφάγεται
1205 2795 1233 2850 ὁ
1267 2796 1538 2869 βροῦχος,
1568 2794 1657 2850 καὶ
1687 2796 1755 2851 τὰ
1784 2792 1925 2863 ἑξῆς.

285 2887 468 2941 Ταῦτα
502 2885 607 2960 γὰρ
644 2889 921 2960 τροπικῶς
976 2884 1053 2947 είς
1109 2885 1200 2940 τὸν
1273 2886 1550 2960 ’Λσσύριον
1610 2886 1700 2941 καὶ
1753 2879 1927 2940 Βαϐυ-

282 2973 485 3028 λώνιον
512 2971 839 3046 ἕκληπτὲον,
876 2974 1103 3047 κάμπην
1139 2974 1233 3047 μὲν
1263 2974 1357 3029 τὸν
1388 2972 1782 3053 Θελαφάλασαρ
1806 2973 1927 3028 ὀνο-

292 3062 579 3132 μάζοντας,
609 3059 801 3137 ἀκρίδα
859 3059 916 3117 δὶ
952 3063 1045 3118 τὸν
1114 3061 1530 3138 Σαλαμανασάρ,
1581 3064 1823 3138 βροῦχον
1872 3058 1930 3116 δὲ

297 3150 383 3203 τὸν
410 3151 778 3226 Σεναχηρεῖμ,
835 3146 1092 3225 ἐρυσίϐην
1152 3150 1208 3207 δὲ
1257 3154 1347 3208 τὸν
1408 3148 1926 3230 Ναϐουχοδονόσορ,

294 3235 593 3292 τελευταῖον
637 3236 1124 3313 ἐπιστρατεύσαντα
1186 3239 1277 3295 καὶ
1319 3240 1420 3308 τὴν
1467 3237 1732 3297 Ἰουδαίαν
1786 3238 1929 3313 6nd:-

2042 666 2149 705 nes
2203 650 2463 721 captivos
2514 648 2781 717 adduxit,
2832 650 3272 725 constitutoque
3328 652 3407 709 ibi
3467 654 3691 711 relictis

2043 739 2467 811 regeJechonia
2489 738 2796 795 Eliachimi
2817 740 2960 813 filio,
2977 741 3338 812 Babylonem
3362 760 3422 798 se
3446 745 3687 816 recepit.

2042 830 2183 884 Post
2211 835 2329 884 tres
2360 845 2597 886 menses
2628 831 2785 886 hunc
2817 847 3050 903 quoque
3083 832 3235 890 422
3296 831 3689 891 defectionem

2044 918 2241 974 moliri
2291 920 2555 975 sentiens
2614 920 2809 988 rediit,
2870 938 3124 993 cumque
3181 921 3243 978 in
3301 922 3690 996 compedibus

2043 1025 2179 1064 cum
2218 1010 2424 1065 multis
2469 1011 2793 1082 juvenibus
2847 1012 3141 1083 captivum
3190 1008 3458 1085 abduxit,
3508 1032 3690 1089 regno

2043 1097 2342 1154 Sedechiaa
2376 1098 2503 1171 ejus
2534 1105 2744 1172 patruo
2776 1099 3012 1169 tradito,
3066 1118 3201 1156 cum
3248 1100 3296 1156 is
3347 1120 3454 1173 per
3508 1104 3693 1159 Deum

2033 1184 2298 1257 jurasset
2328 1202 2390 1241 se
2422 1185 2599 1243 ﬁdem
2632 1191 3022 1247 servaturum.
3055 1188 3168 1245 Sed
3198 1192 3257 1243 et
3284 1189 3394 1245 hoc
3447 1190 3693 1261 perjurii

2040 1290 2170 1330 sese
2202 1275 2499 1347 obligante
2531 1293 2599 1332 ac
2629 1293 2822 1349 neque
2853 1276 3179 1333 amicitiam
3207 1281 3477 1334 servante
3504 1286 3559 1334 et
3590 1281 3696 1334 tri-

2041 1363 2252 1421 butum
2293 1364 2626 1437 abnegante
2678 1371 2735 1421 et
2793 1365 2867 1422 ad
2925 1367 3225 1439 Aigyptios
3293 1369 3692 1441 confugiente,

2044 1452 2238 1509 denuo
2269 1452 2681 1526 Hierosolyma
2725 1452 2979 1511 advenit.
3034 1454 3120 1511 lbi
3170 1456 3469 1512 Sedechiae
3521 1464 3692 1529 capto

2040 1542 2243 1598 oculos
2275 1543 2456 1612 eruit;
2481 1544 2747 1614 urbeque
2770 1549 2826 1601 et
2848 1542 3189 1601 hominibus
3212 1545 3433 1618 potitus
3446 1546 3691 1619 regiam,

2040 1631 2229 1686 aedem
2260 1632 2363 1687 Dei
2398 1648 2725 1704 omnesque
2755 1632 2963 1689 domos
3017 1632 3307 1705 incendit,
3359 1641 3416 1691 et
3473 1635 3629 1707 quod
3661 1655 3696 1693 a

2037 1719 2196 1777 fame
2227 1726 2287 1776 et
2315 1720 2475 1777 bello
2516 1721 2825 1780 hominum
2877 1728 3004 1779 erat
3058 1722 3378 1796 reliquum,
3433 1725 3693 1797 captivos

2042 1810 2343 1883 simulque
2372 1812 2674 1885 prmcipua
2731 1812 2933 1884 templi
2990 1830 3128 1870 vasa
3184 1812 3447 1872 abduxit.
3492 1816 3692 1872 Joelus

2040 1916 2182 1954 sane
2206 1899 2654 1957 multitudinem
2673 1901 3075 1957 calamitatum
3091 1919 3375 1959 enarrans
3402 1902 3593 1976 primo
3611 1901 3692 1961 ait

2040 2005 2279 2046 crucam
2309 1996 2655 2059 venturam;
2692 1992 2851 2061 quod
2900 2009 2968 2048 ea
2996 2009 3117 2048 non
3166 1992 3588 2065 absumpserit,
3629 1992 3691 2049 id

2037 2079 2332 2135 locustam
2363 2080 2731 2152 perditurum
2755 2097 2769 2149 ;
2806 2079 2854 2136 si
2886 2081 3029 2153 quid
3053 2098 3121 2137 ea
3140 2081 3437 2154 reliquum
3456 2083 3683 2152 fecerit,

2040 2166 2333 2224 bruchum
2347 2172 2709 2225 vastaturum
2726 2187 2740 2237 ;
2766 2169 2841 2225 ad
2853 2174 3183 2225 extremum
3200 2174 3687 2242 superventuram

2038 2256 2397 2329 rubiginem,
2426 2273 2677 2330 eamque
2700 2258 2851 2314 nihil
2873 2258 3114 2315 omnino
3138 2259 3434 2333 integrum
3454 2258 3692 2316 relictu-

2036 2346 2291 2404 ram.Sic
2306 2346 2465 2402 enim
2478 2347 2589 2402 ait:
2614 2346 2872 2404 Residua
2885 2364 3076 2405 erucae
3100 2346 3361 2404 comedit
3375 2348 3604 2405 locusta
3625 2346 3692 2417 ⁵⁷,

2041 2439 2098 2491 et
2130 2452 2263 2508 qum
2321 2441 2672 2507 sequuntur.
2738 2437 2872 2492 Haec
2921 2437 3174 2493 mutatis
3226 2433 3572 2493 nominibus
3621 2437 3693 2494 de

2037 2525 2285 2596 Assyrio
2318 2532 2375 2581 et
2424 2523 2781 2598 Babylonico
2826 2543 3007 2599 regno
3073 2532 3215 2583 sunt
3256 2525 3690 2600 intelligenda:

2037 2630 2214 2671 eruca
2245 2615 2404 2671 enim
2432 2615 2994 2688 Thelaphalasarem
3014 2621 3201 2683 notat,
3226 2614 3454 2673 locusta
3475 2616 3697 2675 Salma.

2036 2720 2332 2771 nasarem,
2382 2704 2645 2762 bruchus
2693 2706 3179 2773 Senacharibum,
3244 2704 3452 2780 rubigo
3494 2707 3693 2765 Nabu-

2037 2793 2536 2862 chodonosorem,
2574 2794 2675 2866 qui
2707 2794 2920 2851 ultimo
2985 2794 3248 2851 Iudaeam
3299 2795 3694 2869 depopulatus

2037 2888 2148 2951 est,
2181 2900 2399 2954 eosque
2432 2884 2533 2955 qui
2560 2888 2814 2940 mortem
2872 2889 3179 2941 evaserant
3230 2885 3293 2939 in
3346 2886 3690 2944 servitutem

2037 2971 2253 3043 abegit,
2289 2972 2443 3027 sicut
2472 2971 2747 3026 diximus.
2782 2973 3050 3044 Perseepe
3085 2972 3285 3044 igitur,
3319 2978 3383 3028 ut
3439 2991 3690 3047 magnus

2040 3059 2122 3117 ait
2152 3059 2426 3131 Cyrillus,
2470 3059 2671 3115 Iudaea
2725 3059 2798 3114 ab
2856 3060 3126 3117 hostibus
3176 3066 3265 3117 est
3324 3065 3567 3131 vastata,
3614 3065 3686 3119 ab

2037 3150 2313 3220 Assyriis,
2347 3149 2420 3205 ab
2449 3149 2727 3221 Egyptis,
2763 3150 2914 3207 4‘88
2946 3166 2981 3206 a
3010 3148 3190 3223 Syris,
3214 3167 3249 3206 a
3290 3151 3582 3224 Moabitis,
3616 3140 3705 3210 ab

2039 3238 2336 3309 ldumasis,
2359 3256 2393 3295 a
2418 3238 2724 3305 Philistiis,
2758 3241 2858 3310 qui
2882 3244 3021 3295 sunt
3050 3239 3594 3299 Palwstini.Verum
3618 3261 3687 3300 ea

290 3345 458 3380 σαντα
501 3326 584 3380 καὶ
635 3326 764 3389 τοὺς
801 3327 894 3383 τὸν
957 3329 1185 3392 θάνατον
1236 3325 1590 3406 διαφυγόντας
1628 3326 1925 3402 αἲχμαλω-

2041 3327 2323 3384 mediocri
2348 3332 2625 3399 percepto
2650 3326 2887 3398 damno,
2913 3333 2971 3383 et
2991 3345 3112 3384 non
3132 3331 3363 3402 magnis
3383 3332 3684 3389 interdum

278 3415 524 3487 τίσαντα,
554 3419 731 3482 καθὼς
771 3418 1007 3494 ε’ἒρηται.
1078 3419 1401 3482 Πλειστάκις
1457 3419 1551 3493 μὲν
1610 3420 1700 3474 οὗν
1760 3415 1926 3474 πάλιν

282 3500 626 3578 συμϐέϐηκεν
658 3507 866 3563 ἁλῶναι
892 3509 995 3578 τὴν
1049 3507 1338 3579 Ἰουδαίαν,
1398 3507 1473 3572 ὥς
1525 3526 1658 3588 φησι
1698 3508 1864 3565 πάλιν
1898 3509 1927 3564 ὁ

277 3594 453 3670 μέγας
486 3595 784 3670 Κύριλλος,
818 3597 922 3652 ὑπό
953 3618 1012 3653 τε
1061 3599 1379 3674 Ἀσσυρίων,
1436 3598 1525 3654 καὶ
1583 3596 1925 3674 Αἰγυπτίων,

274 3683 471 3757 Σύρων
508 3704 569 3739 τε
620 3685 711 3740 καὶ
762 3681 1089 3757 Μωαϐιτῶν,
1146 3684 1470 3761 Ἰδουμαίων
1531 3686 1621 3743 καὶ
1679 3691 1789 3741 τῶν
1844 3685 1929 3761 λεέ

2039 3419 2249 3476 αῙΪεοια
2279 3418 2737 3486 calamitatibus,
2783 3436 3022 3477 rursum
3078 3419 3332 3477 liberata
3383 3422 3512 3490 fuit,
3566 3424 3683 3478 Deo

2040 3514 2271 3565 tantum
2315 3508 2638 3580 castigante
2692 3524 2761 3564 ac
2809 3525 3048 3564 rursum
3108 3514 3338 3565 tutante
3380 3512 3685 3584 populum.

2039 3598 2204 3653 Nunc
2235 3601 2453 3665 autem,
2505 3602 2819 3670 postquam
2868 3597 3132 3654 Christus
3177 3599 3289 3654 fuit
3346 3601 3685 3671 cruciﬁxus,

2038 3686 2311 3743 funditus
2339 3703 2408 3743 ea
2436 3686 2683 3744 interiit.

270 3772 526 3847 γομένων
586 3773 938 3849 Φυλιστιεὶμ,
995 3775 1239 3831 τουτέστι
1307 3774 1719 3847 Παλαιστηνῶν·
1771 3760 1923 3830 ἀλλ”
1962 3773 2130 3850 ὀλίγα
2188 3776 2457 3831 παθοῦσαν
2511 3774 2603 3829 καὶ
2655 3772 2989 3849 συμμέτροις
3045 3769 3152 3830 ἔσθ’
3212 3775 3301 3831 ὅτε
3357 3780 3683 3850 περιπεσοῦ-

270 3881 367 3917 σαν
444 3869 754 3943 συμφοραῖς
814 3864 979 3920 πάλιν
1039 3864 1258 3936 ἀνῆκεν,
1318 3863 1689 3940 ὄπαμύναντος
1744 3868 1877 3920 Θεοῦ
1927 3868 2024 3920 τοῦ
2081 3863 2171 3919 καὶ
2229 3860 2636 3928 παιδεύσαντας.
2716 3861 3009 3922 ’Λπόλωλε
3067 3861 3122 3919 δὲ
3186 3868 3278 3920 νῦν
3363 3864 3684 3943 ὁλοσχερῶς

264 3952 410 4024 μετὰ
437 3954 541 4022 τήν
572 3956 671 4008 τοῦ
703 3958 901 4027 Κυριου
932 3955 1257 4030 σταύρωσιν.

340 4043 553 4118 Ὠσπερ
617 4042 799 4098 τοίνυν
858 4045 893 4113 ἡ
957 4044 1051 4117 μὶν
1108 4049 1215 4100 τῶν
1301 4045 1604 4121 ’Δσσυρίων
1680 4043 1936 4120 βασιλεία

262 4128 556 4202 κατελύθη
623 4133 726 4188 61:6
787 4129 1179 4204 Βαϐυλῶνίων,
1212 4137 1247 4205 ἡ
1307 4131 1367 4190 δὲ
1407 4129 1776 4191 Βαϐυλῶνίων
1829 4133 1934 4189 ὑπὸ

266 4223 589 4295 11ερσῶν,ἡ
623 4219 682 4277 δὲ
739 4227 958 4297 Περσῶν
1017 4224 1120 4279 ὑπὸ
1179 4221 1527 4295 Μακεδόνων,
1558 4225 1593 4293 ἠ
1637 4220 1694 4281 δὲ
1751 4225 1935 4282 Μακε-

271 4308 460 4366 δόνων
518 4310 625 4366 ὑπὸ
677 4312 988 4387 Ῥωμαίων,
1049 4312 1221 4375 οὕτως
1252 4314 1286 4382 ἡ
1316 4317 1423 4369 τῶν
1480 4311 1772 4387 Ῥωμαίων
1832 4313 1935 4369 ὑπὸ

263 4403 377 4455 τοῦ
406 4400 797 4477 ’Λντιχρίστου
843 4400 1270 4474 καταλυθήσεται
1323 4401 1415 4458 καὶ
1444 4404 1479 4472 ἡ
1512 4406 1608 4458 τοῦ
1654 4400 1935 4481 Ἀντιχρί-

274 4509 417 4544 στου
448 4489 556 4545 ὑπὸ
595 4493 843 4567 Χριστοῦ
884 4488 1326 4569 διαφθαρήσεται.
1378 4492 1478 4547 Διὰ
1537 4490 1633 4564 μὶν
1687 4491 1780 4546 οὗν
1828 4494 1934 4546 τῶν

265 4580 560 4655 τεσσάρων
607 4580 823 4654 ἀνεμων
887 4581 982 4644 τὰς
1023 4578 1282 4657 ’μεγόίλας
1337 4582 1596 4656 τὲσσαρας
1657 4578 1937 4655 βασιλείας

270 4670 302 4724 6
374 4688 545 4747 μεγας
609 4668 851 4726 διδάσκει
936 4670 1233 4747 Ζαχαρίας,
1310 4672 1409 4741 τὴν
1460 4666 1771 4736 Χαλδαίων,
1836 4671 1938 4739 τὴν

270 4763 523 4832 Περσῶν,
565 4760 653 4814 καὶ
683 4762 782 4829 τήν
813 4757 1160 4831 Μακεδόνων,
1207 4761 1297 4816 καὶ
1345 4762 1445 4829 τήν
1496 4759 1806 4834 Ῥωμαίων.
1858 4759 1936 4816 Τὰ

2115 4041 2627 4108 Quemadmodum
2656 4058 2792 4115 ergo
2823 4044 3200 4115 Assyriorum
3231 4060 3478 4118 regnum
3512 4061 3546 4101 a
3575 4046 3689 4102 Ba—

2043 4132 2341 4204 bylonico,
2392 4132 2504 4187 hoc
2551 4148 2586 4187 a
2642 4132 2900 4198 Persico,
2961 4132 3141 4204 idque
3199 4151 3233 4189 a
3290 4135 3690 4201 Macedonico,

2044 4237 2400 4292 rursumque
2446 4221 2558 4277 hoc
2610 4238 2646 4277 a
2704 4223 2967 4278 Romano
3017 4227 3109 4278 est
3157 4221 3443 4291 deletum,
3494 4224 3577 4279 ita
3632 4228 3692 4280 et

2046 4312 2378 4367 Romanum
2408 4308 2727 4381 imperium
2765 4308 2837 4365 ab
2869 4309 3233 4366 Antichristo
3284 4316 3597 4380 evertetur,
3632 4317 3692 4367 et

2046 4400 2395 4457 Antichristi
2428 4416 2463 4453 a
2487 4399 2736 4454 Christo.
2773 4394 3024 4456 Proinde
3056 4417 3163 4472 per
3191 4406 3445 4471 quatuor
3488 4406 3690 4458 ventos

2046 4492 2358 4550 Zacharias
2387 4495 2642 4563 quatuor
2670 4508 2884 4564 magna
2914 4509 3096 4565 regna
3141 4493 3468 4567 designavit
3514 4493 3690 4550 Chal-

2047 4581 2305 4650 daicum,
2328 4580 3102 4649 Persicum,Macedonicum
3127 4587 3185 4639 et
3203 4586 3687 4640 Romanum.Duo

2048 4675 2280 4727 montes
2312 4669 2461 4726 duas
2489 4668 2650 4726 orbis
2678 4674 2972 4728 terrarum
3024 4678 3223 4744 partes
3264 4673 3532 4729 indicant
3564 4690 3577 4729 :
3640 4673 3689 4730 is

2050 4760 2208 4817 enim
2239 4758 2300 4815 in
2332 4759 2478 4816 duas
2508 4763 2707 4831 partes
2747 4761 3059 4830 scinditur,
3118 4762 3317 4819 Asiam
3369 4779 3583 4835 nempe
3632 4765 3692 4817 et

696 4811 774 4829 ,τ
813 4811 1160 4831 ..ηηηηηη
1357 4811 1438 4829 -.,-
1514 4811 1806 4834 ---Γπηη
1868 4811 1930 4816 _-.

265 4846 332 4902 δὲ
360 4811 463 4903 δύο
495 4846 598 4922 ὅρη
631 4851 698 4904 τὰ
728 4847 824 4904 δύο
848 4848 1093 4923 κλίματα
1120 4856 1221 4919 τῆς
1257 4846 1587 4923 οίκουμίνης
1628 4848 1812 4929 φησίν
1854 4848 1929 4904 εἷς

2042 4811 2606 4921 ἑῦὶῐραῖηἷλῖτῖιῌ
2621 4811 2874 4920 gaias;
2885 4811 3030 4922 ἐᾶιῖἔ
3045 4811 3687 4909 assesasses;

260 4934 376 4991 δύο
404 4936 509 5014 γὰρ
535 4936 813 5011 τέμνεται,
845 4938 923 5001 εἲς
952 4936 1005 4994 ἔε
1036 4938 1222 4995 Ἀσίαν
1254 4937 1344 4994 καὶ
1393 4937 1690 5011 Εὐρώπην.
1742 4937 1845 4995 Καὶ
1876 4938 1929 4994 οἱ

268 5025 381 5098 μὶν
415 5024 805 5101 πυρῤοῖπποι
847 5027 912 5082 τὸ
974 5028 1257 5105 μιαιφόνον
1311 5031 1420 5083 τῶν
1480 5024 1770 5086 Χαλδαίων
1828 5046 1934 5098 ση-

269 5113 590 5185 μαίνουσιν,
652 5117 705 5172 οἱ
759 5114 817 5172 δὶ
886 5115 1109 5190 μέλανες
1164 5117 1257 5173 τὸν
1350 5116 1704 5191 ἇπενεχθίντα
1786 5115 1934 5191 παρὰ

268 5208 502 5277 Περσῶν
552 5204 644 5260 καὶ
704 5202 911 5276 Μήδων
967 5212 1083 5269 τοῖς
1140 5203 1515 5269 Βαϐυλωνίοις
1575 5205 1821 5277 θάνατον,
1876 5206 1930 5260 οἳ

267 5290 338 5348 δὲ
397 5291 585 5350 λευκοί
644 5295 708 5350 τὸ
769 5296 934 5375 σαφὶς
984 5300 1084 5366 τῆς
1145 5292 1307 5367 δόξης
1381 5300 1492 5352 τῶν
1577 5292 1924 5354 Μακεδόνων*

259 5383 338 5439 οὗ
391 5382 493 5458 γὰρ
554 5381 736 5461 ὥσπερ
793 5384 849 5439 αἱ
905 5381 1073 5439 ἄλλαι
1126 5382 1425 5459 βασιλεῖαι,
1483 5384 1575 5440 καὶ
1630 5384 1809 5445 αὗται.
1866 5383 1927 5438 Οἱ

263 5468 338 5525 δὶ
370 5471 535 5547 ψαροί
576 5473 664 5527 καὶ
722 5469 969 5528 ποικίλοι
1024 5472 1088 5528 τὸ
1150 5471 1376 5550 ἰσχυρὸν
1433 5473 1523 5530 καὶ
1572 5469 1789 5529 εὔτονον
1826 5479 1927 5543 τῆς

259 5559 572 5634 Ῥωμαίων
607 5561 886 5638 βασιλείας
918 5558 1203 5632 δηλοῦσιν.
1249 5559 1479 5630 Ἐπειδὴ
1528 5560 1586 5618 δὲ
1631 5580 1929 5638 κατεστρα-

258 5653 508 5704 τεύοντο
539 5649 722 5721 Μῆδοι
751 5651 840 5706 καὶ
874 5648 1069 5726 Πέρσαι
1114 5651 1252 5707 κατὰ
1299 5645 1686 5725 Βαϐυλωνίων,
1732 5656 1928 5709 τοῦτου

352 5774 399 5810 ⁸⁷
424 5774 573 5834 Joel.
605 5795 647 5849 ι,
677 5779 731 5835 4.

2041 4941 2197 4998 cidia
2224 4944 2454 5007 notant,
2487 4939 2641 5011 nigri
2692 4957 2901 4999 necem
2950 4941 3023 4997 iis
3072 4958 3107 4998 a
3154 4943 3351 4999 Persis
3400 4946 3459 4997 et
3502 4940 3685 4997 Medis

2039 5029 2290 5095 illatam,
2322 5028 2443 5085 albi
2475 5027 2771 5086 illustrem
2803 5028 3188 5086 Macedonum
3239 5029 3489 5101 gloriam
3540 5028 3685 5101 (non

2040 5119 2198 5174 enim
2224 5117 2418 5175 simile
2441 5116 2554 5173 fuit
2573 5121 2923 5175 ceterorum
2946 5134 3262 5190 regnorum
3296 5117 3354 5172 id
3390 5115 3686 5188 regnum),

2036 5206 2314 5278 variegati
2336 5204 2517 5262 robur
2540 5205 2789 5260 Romani
2822 5206 3008 5279 regni.
3040 5206 3329 5273 Quoniam
3356 5221 3489 5261 vero
3535 5204 3687 5261 Medi

2040 5299 2098 5351 et
2121 5296 2314 5353 Persa
2373 5292 2810 5365 expeditionem
2869 5296 2930 5350 in
2986 5294 3338 5367 Babylonios
3396 5294 3685 5366 fecerunt,

2040 5399 2112 5440 ea
2138 5387 2378 5454 propter
2404 5381 2491 5436 ire
2518 5381 2819 5450 dicuntur,
2854 5388 2914 5440 et
2964 5383 3206 5455 quidem
3243 5382 3421 5440 etiam
3454 5384 3686 5456 placare

2038 5471 2142 5527 Dei
2162 5470 2333 5527 iram.
2350 5469 2497 5535 Quia
2517 5470 2679 5527 enim
2704 5471 3010 5543 Babylonii
3031 5471 3317 5545 papulum
3331 5473 3433 5530 Dei
3460 5474 3688 5533 duriter

2040 5562 2387 5627 tractarunt,
2411 5558 2544 5615 ideo
2567 5559 2627 5615 in
2667 5577 2880 5619 manus
2909 5562 3041 5635 Cyri
3071 5565 3265 5621 Persae
3291 5563 3489 5620 traditi
3524 5564 3686 5623 sunt.

2039 5650 2205 5718 Quod
2234 5654 2436 5707 autem
2467 5649 2591 5706 albi
2622 5652 2758 5723 equi
2792 5653 2946 5712 424
2977 5654 3176 5726 nigros
3207 5671 3241 5712 a
3270 5659 3433 5726 tergo
3479 5653 3687 5710 subse—
