4118 6288
458 425 577 488 463

1818 425 2134 490 GEORGII
2176 423 2518 485 CEDllENl

3751 424 3868 484 464

457 563 742 629 quuntur,
766 558 826 612 id
858 556 1120 612 ostendit
1147 556 1498 612 Macedonas
1527 559 1842 613 Persarum
1859 575 2064 630 regum

2176 595 2190 624 ι
2223 553 2384 632 χάριν
2417 551 2779 630 πορευόμενοι
2805 552 2898 608 καὶ
2929 549 2996 623 δὴ
3027 551 3118 607 καὶ
3144 553 3446 608 ἀναπαῦσαι
3485 548 3740 627 λέγονται
3771 555 3865 608 τόν

455 663 763 702 eversuros
793 646 999 702 fuisse.
1055 650 1127 701 Et
1175 647 1334 718 quod
1381 647 1660 718 variegati
1717 647 1790 702 ad
1839 653 2108 702 austrum

450 735 693 802 vadunt,
729 751 797 790 eo
822 737 1225 791 Romanorum
1252 741 1462 791 contra
1492 735 1898 808 Hierosolyma
1928 751 2104 807 expe-

451 823 596 879 ditio
619 823 1042 891 adumbratur;
1067 823 1141 880 ad
1173 829 1441 880 austrum
1464 825 1623 880 enim
1656 824 1798 880 urbs
1828 824 1942 880 sita
1969 823 2101 879 fuit.

2219 643 2390 714 θυμὸν
2421 643 2644 717 Κυρίου·
2677 639 2865 712 ἐπειδὴ
2897 641 3000 718 γὰρ
3033 639 3266 716 σκληροὶ
3297 641 3548 718 γεγόνασι
3603 641 3741 696 κατά
3769 645 3866 697 τοῦ

2215 728 2354 786 λαοῦ
2382 737 2481 786 τοῦ
2527 736 2682 802 Θεοῦ,
2741 729 2832 786 διὰ
2885 735 3046 786 τοῦτο
3103 728 3478 806 παρεδόθησαν
3538 729 3616 792 εἷς
3672 736 3864 806 χεῖρας

2215 821 2392 897 Κύρου
2421 824 2519 876 τοῦ
2547 821 2779 896 Πέρσου.
2815 821 2889 876 Τὸ
2930 817 2990 875 δὲ
3023 819 3116 874 καὶ
3171 817 3302 882 τοὺς
3359 817 3590 884 λευκοὺς
3634 818 3861 890 ἲππους,

450 913 616 979 Quod
649 919 868 969 terram
891 913 1185 986 jubentur
1212 913 1486 979 circuire,
1511 912 1686 968 docet
1705 929 1740 968 a
1759 914 1878 969 Deo
1902 913 2062 968 omni

2209 909 2457 965 τουτέστι
2485 907 2614 974 τοὺς
2667 907 3005 979 Μακεδόναν,
3064 907 3386 973 κατόπισθεν
3436 912 3546 963 τῶν
3609 906 3861 981 μελάνων

447 1020 632 1076 regna
661 1003 967 1060 constitui.

2211 998 2534 1074 πορεύεσθαι
2565 997 2818 1072 σημαίνει
2850 998 2925 1059 ὡς
2973 997 3064 1053 καὶ
3121 997 3174 1052 οἱ
3223 994 3531 1060 Μακεδόνες
3576 997 3676 1066 τὴν
3725 1003 3864 1073 Περ-

444 1096 552 1146 σῶν
586 1088 864 1167 βασιλείαν
894 1091 1276 1165 χειρώσονται.
1306 1091 1378 1147 Τὸ
1411 1087 1468 1146 δε
1494 1089 1621 1154 τοὺς
1664 1089 1870 1167 ψαροὺς
1914 1091 2002 1146 ἐπὶ
2048 1089 2203 1146 νότον
2263 1083 2516 1164 ἔρχεσθαι
2573 1085 2744 1158 δηλοῖ
2794 1087 2870 1152 ὡς
2915 1081 3151 1160 ἔμελλον
3215 1087 3488 1160 Ῥωμαῖοι
3547 1087 3857 1163 στρατεύειν

442 1177 578 1234 κατά
631 1181 730 1248 τῆς
784 1177 1169 1254 Ἰερουσαλήμ·
1227 1177 1281 1232 ἐν
1340 1177 1444 1255 γὰρ
1496 1183 1576 1252 τῷ
1632 1179 1777 1252 νότῳ
1833 1184 2007 1234 κεῖται
2062 1180 2098 1248 ἡ
2157 1175 2343 1237 πόλις·
2419 1177 2481 1231 τὸ
2547 1173 2604 1231 δὲ
2688 1172 3130 1251 προσταχθέντας
3211 1173 3408 1238 αὐτοὺς
3497 1171 3852 1248 περιοδεῦσαι

445 1268 544 1336 τήν
575 1273 677 1342 γῆν
711 1265 952 1323 διδάσκει
982 1267 1148 1323 πάλιν
1177 1267 1254 1330 ὡς
1286 1265 1374 1322 διὰ
1401 1272 1499 1322 τοῦ
1530 1272 1664 1323 Θεοῦ
1695 1273 1840 1323 πᾶσα
1869 1266 2123 1342 βασιλεία
2154 1265 2486 1322 συνίσταται.
3140 1265 3144 1269 λ

513 1357 599 1413 Ab
629 1358 855 1414 Adamo
914 1375 1104 1430 usque
1163 1359 1240 1414 ad
1291 1363 1624 1414 extremum
1670 1358 2090 1431 Hierosolymaa

446 1447 740 1502 excidium
775 1453 1173 1520 supputantur
1202 1464 1498 1504 annorum
1529 1447 1792 1520 quinque
1815 1448 2006 1504 millia
2035 1451 2092 1503 et

444 1536 682 1592 ducenti
714 1537 1021 1609 sexaginta
1050 1535 1190 1602 duo,
1223 1553 1258 1592 a
1284 1537 1476 1609 prima
1508 1536 1714 1608 templi
1755 1535 2090 1592 Solomonis

443 1632 502 1682 et
527 1626 694 1681 urbis
725 1626 1120 1682 aedificatione
1153 1626 1294 1682 anni
1329 1627 1487 1696 1088,
1538 1625 1610 1682 ab
1654 1626 2090 1682 instauratione

439 1718 543 1770 596
574 1715 739 1782 anni,
772 1715 845 1771 ab
877 1716 1318 1789 oppugnatione
1347 1715 1624 1771 Antiochi
1651 1717 1775 1784 248,
1808 1732 1844 1771 a
1871 1715 2087 1770 Christi

440 1805 502 1860 in
531 1806 744 1862 caelum
785 1823 1038 1862 ascensu
1081 1821 1271 1876 usque
1321 1805 1394 1861 ad
1427 1805 1722 1862 excidium
1765 1804 1932 1861 urbis
1977 1805 2086 1861 sub

439 1895 563 1950 Tito
595 1896 734 1952 anni
767 1899 857 1951 42.

508 1986 702 2041 Tertio
734 2003 890 2042 anno
921 1985 1030 2040 Titi
1063 1986 1404 2058 Vespasiani
1445 1986 1575 2054 ﬁlii,
1629 1985 1874 2040 Besbius
1912 2001 2085 2040 mons

437 2073 498 2128 in
524 2091 740 2131 occasu
771 2091 804 2130 a
834 2075 1052 2130 vertice
1111 2091 1342 2131 summo
1390 2081 1601 2148 ruptus
1649 2079 1884 2130 tantum
1930 2074 2084 2146 ignis

435 2163 674 2234 efﬂavit,
734 2170 802 2220 ut
880 2181 948 2219 eo
1017 2163 1177 2234 regio
1235 2165 1532 2236 urbesque
1593 2163 2084 2235 circumjacentes

431 2251 693 2308 incensae
723 2252 966 2308 fuerint.
999 2253 1166 2317 Quod
1197 2269 1333 2308 cum
1365 2253 1654 2308 vidissent
1675 2254 1880 2322 Graeci,
1915 2253 2086 2308 vehe-

429 2347 662 2397 menter
691 2341 988 2411 admirati,
1033 2341 1322 2412 quosdam
1355 2341 1827 2396 Christianorum
1858 2341 2084 2412 prima-

429 2430 549 2486 rios
568 2431 1014 2504 interrogarunt
1052 2445 1313 2501 quonam
1329 2429 1506 2485 modo
1538 2435 1715 2500 atque
1747 2429 1906 2484 unde
1927 2429 2081 2502 ignis

431 2535 500 2574 ex
531 2520 940 2590 penetralibus
972 2525 1144 2576 terrm
1179 2520 1492 2590 erupisset.
1525 2519 1594 2573 Hi
1643 2517 2082 2590 responderunt

430 2624 565 2664 eum
585 2609 1101 2664 admonendorum
1131 2608 1560 2680 resipiscentiee
1591 2625 1765 2663 causa
1805 2613 2081 2679 peccato-

426 2713 560 2752 rum
584 2697 808 2753 editum
832 2697 1015 2754 fuisse
1034 2714 1104 2753 ex
1121 2698 1551 2770 gehenna,quaa
1573 2696 1807 2753 diabolo
1827 2697 2076 2769 ejusque

427 2785 654 2858 angelis
671 2791 729 2841 et
759 2787 1039 2842 omnibus
1068 2785 1480 2859 peccatoribus
1511 2790 1718 2858 parata
1749 2790 1859 2841 est.
1891 2784 2076 2856 quue

423 2875 808 2930 manifestum
831 2891 959 2930 esse
989 2875 1166 2930 etiam
1189 2892 1259 2931 ex
1281 2875 1372 2930 his
1391 2891 1522 2946 quae
1542 2875 2072 2947 celebrisipsorum

421 2962 626 3019 doctor
654 2965 820 3020 Plato
853 2965 913 3018 in
943 2965 1216 3020 Phaedone
1255 2964 1326 3020 de
1383 2965 1719 3020 animarum
1763 2963 2073 3020 ordinibus

419 3057 594 3124 atque
621 3058 778 3110 statu
810 3059 1036 3123 narrat,
1065 3055 1353 3110 nimirum
1404 3071 1505 3110 eos
1551 3055 1652 3126 qui
1703 3053 1855 3110 male
1895 3054 2074 3109 vixis-

420 3146 570 3208 sent,
601 3142 664 3196 in
687 3143 900 3214 Cocyto
923 3143 1118 3217 igneo,
1151 3143 1576 3216 Phlegethonte
1597 3149 1658 3198 et
1677 3144 1916 3199 Tartaro
1939 3159 2074 3214 sup-

415 3228 613 3300 pliciis
643 3231 792 3286 425
828 3231 1006 3301 afﬁci,
1040 3248 1173 3302 quas
1205 3231 1325 3286 sint
1375 3231 1440 3286 in
1487 3231 1814 3287 visceribus
1866 3237 2060 3288 terra).

409 3318 604 3387 Atque
633 3317 759 3372 huic
791 3318 1037 3387 quidem
1084 3319 1182 3374 isti
1245 3323 1387 3374 tunc
1429 3319 1643 3374 Graecis
1691 3319 1781 3374 rei
1820 3337 2060 3376 causam

408 3405 855 3460 sciscitantibus
886 3405 1343 3477 responderunt.
1378 3407 1591 3462 Beatus
1622 3412 1822 3462 autem
1870 3409 2065 3464 Patri-

413 3493 541 3549 cius
599 3495 801 3549 Prusaa
861 3494 1176 3566 episcopus
1232 3499 1292 3550 et
1347 3500 1590 3566 martyr,
1639 3513 1674 3551 a
1703 3496 2061 3567 proconsule

402 3580 610 3654 judice
640 3599 840 3638 coram
862 3584 1138 3639 universo
1161 3583 1379 3656 populo
1399 3601 1640 3640 causam
1667 3585 2058 3657 thermarum,

411 3671 473 3726 id
531 3677 640 3738 est,
711 3688 1001 3744 aquarum
1059 3690 1190 3744 qua
1230 3690 1338 3730 sua
1395 3679 1604 3746 sponte
1647 3673 1853 3730 calidas
1903 3681 2061 3731 terra

411 3767 758 3834 erumpunt,
791 3763 1186 3836 interrogatus
1215 3763 1300 3819 ita
1335 3763 1682 3836 respondit:
1728 3765 1872 3820 Cum
1903 3766 2059 3828 Deus

409 3850 608 3923 ignem
631 3857 690 3907 et
719 3868 936 3922 aquam
969 3869 1040 3908 ex
1071 3851 1260 3908 nihilo
1282 3852 1669 3920 condidisset,
1697 3853 1858 3910 verbi
1886 3854 1974 3910 sui
2005 3855 2058 3910 vi

408 3956 481 3996 ex
509 3939 644 4011 igne
676 3939 894 4008 lucem,
928 3941 1114 3996 solem
1146 3945 1206 3998 et
1232 3941 1496 4013 reliquas
1519 3943 1720 3998 stellas
1749 3943 1908 4010 fecit,
1925 3944 2058 4016 jus-

407 4026 602 4098 sitque
633 4044 703 4084 ea
731 4029 846 4085 diei
875 4030 1156 4101 noctique
1209 4030 1414 4086 lumen
1467 4030 1753 4102 praebere.
1805 4034 2056 4088 Tantum

403 4114 624 4187 quippe
656 4117 708 4170 ei
742 4120 832 4172 est
859 4117 1170 4188 potestatis
1200 4123 1488 4190 quantum
1506 4119 1844 4176 voluntatis.
1873 4122 2054 4176 Porro

402 4218 474 4258 ex
504 4222 660 4276 aqua
715 4206 1158 4262 ﬁrmamentum
1205 4208 1335 4264 cmli
1376 4209 1672 4282 compegit
1714 4214 2054 4281 terramque

399 4309 580 4364 supra
608 4311 793 4366 aquas
825 4296 1070 4362 statuit;
1107 4297 1420 4367 eﬂ'ecitque
1453 4297 1514 4351 in
1545 4297 1638 4352 his
1686 4299 1888 4353 omnia
1917 4299 2051 4354 effi-

399 4383 645 4440 cacitate
676 4384 859 4439 futuri
919 4385 1286 4454 providente,
1345 4389 1411 4439 ut
1461 4385 1663 4452 homo,
1709 4403 1886 4458 quem
1927 4392 2052 4444 erat

395 4469 782 4538 formaturus,
813 4472 982 4526 nulla
1041 4473 1164 4526 suis
1219 4473 1678 4529 necessitatibus
1724 4476 2050 4549 usibusque

401 4559 715 4614 commoda
741 4577 804 4614 re
826 4559 1270 4616 destitueretur.
1305 4563 1559 4617 Rursum
1589 4561 1651 4617 in
1673 4563 1767 4620 his
1785 4565 1900 4621 duo
1926 4565 2052 4622 loca

394 4646 664 4702 condidit
678 4649 1322 4719 sempiterna,quorum
1339 4649 1594 4705 alterum
1605 4651 1738 4708 luce
1753 4653 2047 4711 illustrem

392 4734 650 4790 inﬁnitis
681 4736 854 4792 bonis
884 4737 1150 4808 replevit,
1185 4737 1440 4793 alterum
1470 4739 1733 4796 tenebris
1781 4742 2040 4799 obsitum

389 4825 598 4880 interni
638 4825 792 4897 ignis
833 4826 1143 4898 suppliciis
1173 4825 1512 4895 destinavit,
1553 4832 1620 4882 ut
1663 4829 1764 4900 qui
1807 4831 1862 4885 ei
1911 4849 2038 4889 sese

387 4914 747 4986 probassent
786 4931 981 4985 neque
1018 4931 1052 4970 a
1081 4915 1315 4972 diabolo
1355 4931 1418 4971 se
1466 4917 1529 4971 in
1575 4916 1850 4975 fraudem
1895 4920 2038 4978 illici

386 5003 684 5074 sivissent,
719 5003 759 5058 ii
814 5004 952 5059 vita;
1001 4992 1263 5060 restituti
1312 5005 1494 5076 inque
1551 5004 1749 5062 locum
1794 5007 1944 5065 lucis
1982 5016 2042 5067 et

383 5091 677 5151 bonorum
729 5093 1016 5150 refertum
1073 5093 1298 5166 recepti
1351 5097 1641 5150 aeternum
1713 5113 1850 5153 cum
1907 5099 2036 5172 ipso

381 5189 671 5254 regnent;
699 5183 800 5254 qui
823 5198 959 5238 vero
985 5182 1182 5254 ipsum
1203 5183 1542 5240 irritassent
1560 5187 1864 5241 communi
1879 5187 2036 5245 hosti

384 5269 674 5341 obsecuti,
730 5288 864 5328 cum
921 5271 1035 5327 hoc
1078 5272 1142 5326 in
1198 5271 1572 5329 tenebricoso
1627 5274 1742 5330 isto
1799 5293 2035 5335 carcere

383 5357 518 5414 sine
553 5360 672 5415 line
705 5361 1000 5433 supplicia
1028 5360 1264 5417 luentes
1293 5360 1545 5434 plorent.
1590 5364 1848 5422 Proinde
1896 5385 2032 5425 cum

379 5462 597 5518 aquam
628 5449 702 5503 ab
731 5449 885 5521 igne,
919 5450 1073 5505 sicut
1103 5455 1163 5506 et
1192 5451 1467 5507 tenebras
1491 5468 1527 5506 a
1551 5449 2031 5528 luce,divisisset,

376 5553 446 5596 ea
477 5555 585 5609 per
613 5555 852 5594 omnem
879 5556 1046 5595 suam
1078 5547 1416 5598 creaturam
1460 5543 1711 5600 minutis
1763 5549 2032 5618 partibus

375 5625 703 5683 distribuit.
759 5627 963 5698 Itaque
1019 5633 1080 5682 et
1137 5645 1293 5700 aqua
1349 5647 1528 5702 supra
1587 5633 2032 5694 ﬁrmamentum

373 5715 532 5772 420
564 5720 654 5772 est
691 5714 916 5780 mther;
949 5720 1009 5771 et
1040 5721 1131 5771 est
1158 5717 1312 5789 ignis
1341 5723 1517 5790 atque
1548 5736 1703 5792 aqua
1730 5723 1888 5780 infra
1912 5731 2030 5782 ter-

344 5905 410 5956 κ.

2119 1898 2166 1963 Β

2272 1354 2514 1410 Γίνονται
2549 1354 2640 1409 οῦν
2665 1354 2772 1410 ἀπὸ
2810 1358 2907 1410 τοῦ
2939 1351 3124 1428 Ἀδὰμ
3148 1350 3254 1416 ἓως
3280 1359 3380 1423 τῆς
3410 1351 3651 1428 ἐσχάτης
3701 1354 3860 1410 ἀλώ-

2201 1463 2336 1506 σεως
2367 1442 2735 1520 Ἰερουσαλὴμ
2762 1441 2855 1515 ἔτη
2889 1444 3071 1518 ,εσξβ’,
3103 1443 3209 1498 ἀπὸ
3244 1440 3302 1498 δὲ
3341 1449 3442 1513 τῆς
3481 1445 3710 1518 πρώτης
3759 1444 3856 1499 οἱ-

2195 1531 2448 1607 κοδομῆς
2470 1539 2566 1589 τοῦ
2601 1534 3024 1607 Σολομωντείςυ
3055 1537 3188 1588 ναοῦ
3218 1531 3310 1588 καὶ
3339 1539 3439 1602 τῆς
3488 1531 3706 1598 πόλεως
3753 1528 3853 1606 ἔτη

2199 1625 2364 1695 ἀπη“,
2396 1625 2502 1681 ἀπὸ
2533 1621 2592 1680 δὲ
2619 1631 2721 1695 τῆς
2749 1621 3000 1701 δευτέρας
3031 1621 3336 1698 οἰκοδομῆς
3368 1618 3462 1694 ἔτη
3496 1625 3642 1702 φιβ’,
3665 1624 3774 1680 ἀπὸ
3797 1623 3859 1680 δὶ

2193 1719 2294 1783 τῆς
2323 1713 2461 1769 κατὰ
2492 1715 2784 1790 Ἀντίοχον
2813 1712 3149 1789 πολιορκίας
3180 1714 3332 1786 σμη“,
3367 1713 3473 1768 ἀπὸ
3501 1711 3557 1768 δὲ
3583 1720 3683 1784 τῆς
3714 1715 3858 1770 ἀνα-

2196 1799 2421 1877 λήψεως
2449 1804 2684 1878 Χριστοῦ
2710 1801 2816 1866 ἕως
2847 1809 2948 1874 τῆς
2983 1803 3087 1858 ὑπὸ
3115 1801 3274 1858 Τίτου
3308 1801 3570 1866 ἁλώσεως
3602 1801 3696 1874 ἔτη
3730 1805 3854 1878 μβ’.

2265 1985 2348 2056 [P.
2378 1984 2508 2056 242]
2539 1985 2636 2055 Τῷ
2664 1982 2833 2058 τρίτῳ
2862 1979 2969 2036 ἔτει
3025 1987 3126 2050 τῆς
3175 1978 3457 2056 βασιλείας
3509 1979 3674 2038 Τίτοὺ
3720 1984 3852 2037 υἱοῦ

2190 2071 2593 2128 Οὐεσπασιανοῦ
2651 2073 2714 2128 τὸ
2774 2067 3002 2130 Βέσϐιον
3061 2071 3192 2147 ὅρος
3247 2071 3300 2126 έν
3375 2074 3445 2146 τῇ
3504 2068 3653 2127 δύσει
3703 2075 3856 2128 κατά

2189 2167 2435 2240 καρυιρῆς
2493 2160 2651 2235 ῥαγὶν
2707 2159 2998 2238 έξεφύσησε
3057 2163 3165 2234 πῦρ
3237 2162 3495 2215 τοσοῦτον
3551 2159 3626 2220 ὡς
3679 2180 3856 2214 κατα-

2189 2247 2379 2324 φλέξαι
2434 2249 2536 2318 τήν
2595 2247 2998 2323 παρακειμένην
3054 2249 3243 2324 χώραν
3321 2247 3411 2304 καὶ
3467 2249 3564 2310 τὰς
3622 2249 3850 2313 πόλεις.

2185 2341 2356 2413 ’Ὀπερ
2421 2338 2745 2412 θεασάμενοι
2805 2338 2858 2392 οἱ
2911 2335 3210 2408 Ἕλληνες,
3268 2337 3361 2392 καὶ
3442 2335 3649 2414 σφόδρα
3700 2340 3850 2395 κατά

2185 2427 2502 2502 πλαγέντες,
2535 2427 2770 2503 ἠρώτων
2826 2429 2972 2490 τινάς
3031 2431 3140 2482 τῶν
3197 2424 3516 2501 ἐλλογίμων
3577 2428 3850 2501 Χριστια-

2183 2522 2294 2572 νῶν
2322 2522 2440 2580 πῶς
2471 2517 2562 2572 καὶ
2619 2517 2779 2572 πόθεν
2833 2515 3028 2586 ἐξῆλθε
3062 2515 3126 2572 τὸ
3182 2521 3289 2590 πῦρ
3346 2515 3404 2571 ἐκ
3457 2521 3568 2572 τῶν
3631 2539 3850 2597 μυχαι-

2183 2607 2361 2663 τάτων
2391 2610 2493 2673 τῆς
2520 2613 2645 2684 γῆς.
2675 2608 2743 2664 Οἱ
2782 2604 2840 2662 δέ
2885 2626 3064 2684 φασιν·
3119 2607 3214 2663 Ἐκ
3256 2612 3357 2676 τῆς
3414 2604 3839 2680 ἡτοίμασμένης

2181 2701 2260 2769 τῷ
2290 2691 2538 2770 διαϐόλῳ
2566 2697 2805 2759 καὶτοῖς
2856 2693 3116 2773 ἀγγέλοις
3167 2694 3354 2765 αὐτοῦ,
3403 2694 3492 2750 καὶ
3539 2701 3671 2751 πᾶσι
3716 2702 3840 2758 τοῖς

2184 2785 2536 2864 ἁμαρτωλοῖς
2591 2787 2682 2842 καὶ
2739 2780 2981 2842 ἀσεϐέσιν
3067 2786 3396 2860 ἀνθρώποις,
3474 2786 3693 2862 γεέννης
3753 2787 3841 2842 ἀν-

2181 2871 2344 2946 εδόθη
2375 2875 2514 2947 πρὸς
2549 2875 2928 2952 σωφρονισμὸν
2986 2875 3078 2930 καὶ
3136 2873 3430 2948 ἐπίγνωσιν
3480 2878 3588 2929 τῶν
3646 2876 3828 2948 ἁμαρ-

2177 2965 2464 3022 τανόντων.
2517 2965 2623 3020 Καὶ
2663 2962 2834 3034 δῆλον
2876 2963 2924 3034 ἐξ
2975 2965 3050 3019 ὧν
3099 2964 3191 3019 καὶ
3237 2964 3266 3018 ὁ
3297 2957 3625 3038 περιϐόητος
3663 2964 3815 3036 ὑμῶν

2179 3049 2506 3116 διδάσκαλος
2536 3051 2767 3109 Πλάτων
2797 3047 2923 3124 ἔφη,
2981 3051 3397 3128 διεξερχόμενος
3455 3052 3506 3106 ἐν
3552 3056 3629 3124 τῷ
3677 3051 3817 3107 Φαίο

2177 3139 2307 3198 δωνι
2336 3143 2460 3218 περὶ
2488 3147 2601 3200 τῶν
2631 3141 2843 3214 λήξεων
2871 3143 2962 3198 καὶ
2993 3140 3444 3216 ἀποπληρώσεων
3471 3143 3579 3198 τῶν
3600 3144 3820 3216 ψυχῶν,

2175 3231 2260 3287 ὅτι
2291 3233 2342 3287 οἱ
2371 3236 2552 3295 κακῶς
2587 3227 2914 3307 βεϐιωκότες
2967 3229 3293 3301 κολάζονται
3340 3229 3394 3285 ἐν
3440 3234 3520 3303 τῷ
3575 3232 3828 3302 Κωκυτῷ

2173 3324 2263 3379 καὶ
2319 3323 2372 3378 ἐν
2428 3329 2511 3396 τῷ
2566 3323 3028 3403 Πυριφλεγέθοντι
3102 3323 3192 3378 καὶ
3273 3321 3324 3378 ἐν
3401 3327 3482 3394 τῷ
3537 3321 3829 3397 Ταρτάρῳ,

2173 3413 2328 3468 ἅτινά
2385 3413 2490 3468 εἶσι
2539 3412 2593 3468 ἐν
2648 3413 2730 3488 τῷ
2797 3415 2948 3488 βάθει
2994 3419 3096 3483 τῆς
3147 3418 3272 3487 γῆς.
3342 3411 3440 3466 Καὶ
3495 3415 3668 3466 ταῦτα
3729 3413 3830 3484 μὶν

2173 3501 2369 3557 ἐκεῖνοι
2398 3503 2538 3578 πρὸς
2575 3503 2702 3565 τοὺς
2751 3504 2870 3558 κατ’
2923 3501 3100 3558 ἐκεῖνο
3170 3503 3370 3576 καιροῦ
3427 3497 3835 3574 διαποροῦντας

2171 3589 2471 3661 Ἕλληνας.
2523 3591 2586 3649 Ὀ
2635 3588 2694 3646 δὲ
2742 3596 2886 3656 θεῖος
2941 3589 3237 3666 Πατρίκοις
3279 3588 3372 3645 καὶ
3412 3595 3514 3659 τῆς
3571 3590 3837 3664 Προύσης

2171 3677 2466 3742 ἐπίσκοπος
2513 3681 2605 3736 καὶ
2667 3680 2873 3756 μάρτυς
2929 3680 3064 3756 πρὸς
3121 3679 3214 3735 τὸν
3266 3676 3523 3749 δικαστὴν
3577 3678 3835 3743 ἀνθύπα-

2167 3789 2280 3840 τον,
2320 3768 2614 3844 ἐρωτηθεῖς
2640 3767 2729 3824 ἐπὶ
2761 3767 2903 3824 λαοῦ
2953 3771 3039 3824 καὶ
3087 3766 3272 3842 δήμου
3320 3769 3442 3844 περὶ
3493 3771 3602 3822 τῶν
3653 3767 3827 3824 αὐτο.

2169 3862 2316 3938 φυῶν
2367 3859 2532 3914 πόθεν
2579 3858 2880 3934 ἐξέρχεται,
2932 3859 3104 3921 οὕτως
3161 3857 3451 3932 ἀπεκρίθη·
3511 3857 3574 3914 Ὀ
3625 3857 3828 3921 κτίσας

2168 3947 2298 4011 Θεὸς
2329 3951 2436 4022 πῦρ
2468 3946 2557 4003 καὶ
2617 3943 2765 4023 ὓδωρ
2823 3947 2874 4021 ἐξ
2933 3947 3034 4002 οὐκ
3101 3942 3268 4004 ὄντων
3328 3946 3554 4018 οὐσιῶν,
3613 3947 3716 4001 καὶ
3772 3947 3835 4003 ἐκ

2170 4035 2265 4108 μὶν
2295 4039 2394 4090 τοῦ
2423 4035 2594 4112 πυρὸς
2625 4041 2742 4110 φῶς
2765 4034 2856 4092 καί
2889 4035 3052 4106 ἣλιον
3084 4035 3174 4090 καὶ
3204 4036 3333 4098 τοὺς
3366 4033 3598 4094 λοιπυὺς
3655 4034 3830 4092 ἀστέ-

2165 4143 2262 4200 ρας
2319 4127 2719 4186 κατασκευάσας
2781 4125 2957 4203 λόγῳ,
3010 4123 3330 4203 προσέταξεν
3412 4125 3601 4186 αὐτοῖς
3669 4126 3833 4199 ἡμέ-

2165 4233 2260 4288 ραν
2292 4213 2384 4268 καὶ
2413 4213 2579 4270 νύκτα
2609 4212 2920 4294 δᾳδουχεῖν·
2971 4215 3207 4286 τοσαύτη
3259 4214 3365 4292 γὰρ
3412 4213 3578 4268 αὐτοῦ
3633 4215 3676 4283 ἡ
3733 4211 3828 4270 δύο

2161 4323 2324 4376 ναμις
2357 4302 2484 4358 ὅσον
2543 4303 2634 4359 καὶ
2684 4303 2747 4360 τὸ
2787 4302 3022 4378 θέλημα.
3083 4303 3180 4360 Ἐκ
3236 4300 3295 4358 δὲ
3345 4305 3440 4358 τοῦ
3498 4299 3711 4367 ὕδατος
3761 4303 3827 4359 τὸ

2164 4391 2444 4467 στερέωμα
2499 4396 2596 4448 τοῦ
2654 4393 2890 4469 οὐρανοῦ
2942 4392 3247 4466 συμπήξας.
3314 4389 3402 4446 καὶ
3469 4397 3572 4464 γῆν
3627 4387 3824 4448 ἆπσὶνω

2157 4485 2268 4536 τῶν
2312 4479 2522 4538 ὑδάτων
2581 4479 2830 4556 έδράσας,
2869 4481 3095 4553 ἐποίησε
3149 4481 3217 4536 τὰ
3272 4479 3327 4536 ἐν
3383 4481 3575 4540 αὐτοῖς
3631 4482 3823 4536 πάντα

2081 4613 2127 4678 D
2158 4574 2547 4647 προγνωστικῇ
2617 4571 2882 4649 ἐνεργείᾳ,
2935 4571 3029 4628 ’ίνα
3086 4572 3114 4626 ὁ
3176 4569 3396 4644 μέλλων
3453 4569 3581 4644 παρ’
3635 4570 3819 4626 αὐτοῦ

2158 4659 2562 4732 πλασϐήσεσθαι
2628 4660 2914 4737 ἄνθρωπος
2992 4659 3226 4735 μηδενὸς
3307 4664 3415 4716 τῶν
3485 4660 3815 4736 ἀναγκαίων

2147 4750 2238 4805 καὶ
2279 4751 2665 4830 συμφερόντων
2728 4749 2805 4816 είς
2863 4757 3063 4828 χρῆσιν
3119 4748 3365 4806 ἐνδεῖται.
3429 4750 3517 4807 Ἐν
3563 4750 3646 4812 οἶς
3713 4746 3815 4804 δύο

2145 4839 2350 4900 τόπους
2381 4837 2699 4914 εὐτρεπίσας
2738 4839 2904 4896 πάλιν
2952 4837 3182 4910 ἀϊδίους,
3235 4840 3328 4894 τὸν
3365 4839 3458 4913 μὶν
3513 4837 3658 4916 φωτί
3709 4859 3818 4893 κα-

2147 4925 2528 5001 ταλάμπεσθαι
2564 4929 2656 4984 καὶ
2697 4927 3008 5005 ἀπεράντων
3063 4930 3278 5002 ἀγαθῶν
3333 4925 3588 5002 ἔμπλεων
3639 4947 3813 4983 κατε-

2148 5017 2392 5089 σκεύασε,
2421 5018 2514 5073 τὸν
2543 5015 2602 5073 δὲ
2632 5019 2860 5082 σκότους
2889 5019 2982 5074 καὶ
3010 5017 3380 5094 κολαστηρίου
3431 5017 3604 5092 πυρὸς
3657 5019 3815 5073 alw-

2145 5104 2266 5160 νίου
2301 5105 2624 5178 πεποίηκεν,
2667 5105 2819 5172 ὅπως
2871 5109 2922 5163 οἱ
2995 5107 3089 5182 μὶν
3149 5105 3600 5184 εὖαρεστήσαντες
3647 5104 3811 5178 αὖτῷ

2142 5193 2236 5249 καὶ
2289 5194 2428 5270 πρὸς
2477 5196 2578 5265 τήν
2644 5200 2744 5251 τοῦ
2829 5191 3096 5252 διαϐόλου
3158 5196 3234 5270 μὴ
3302 5193 3810 5266 κατολισθήσαντες

2143 5282 2357 5354 ἀπάτην
2397 5285 2491 5340 τὸν
2535 5289 2648 5340 τῶν
2683 5286 2989 5364 φωσφόρων
3045 5284 3260 5361 ἀγαθῶν
3324 5285 3458 5359 μετὰ
3512 5284 3612 5354 τὴν
3667 5283 3812 5339 ἀνα-

2145 5393 2327 5428 στασιν
2367 5368 2738 5438 ἀπολαϐόντες
2807 5375 2975 5430 τόπον
3033 5373 3271 5438 αἰωνίως
3327 5372 3476 5448 αὐτῷ
3523 5367 3808 5446 συμϐασι-

2144 5459 2436 5532 λεύσωσιν,
2469 5464 2522 5519 οἱ
2578 5461 2636 5518 δὲ
2691 5463 3120 5541 παροργίσαντες
3169 5462 3330 5519 αὐτὸν
3383 5461 3474 5518 καὶ
3511 5465 3590 5534 τῷ
3621 5465 3806 5533 κοινῷ

2143 5549 2327 5624 ἐχθρῷ
2366 5549 2900 5623 ἐξακολουθήσαντες
2933 5551 3028 5608 σὺν
3057 5551 3205 5624 αὐτῷ
3233 5551 3325 5607 καὶ
3375 5551 3468 5606 τὸν
3509 5554 3615 5605 τῶν
3670 5569 3806 5604 σκο-

2137 5640 2473 5718 τεινοιρόρων
2506 5641 2892 5720 κολαστηρίων
2927 5641 3297 5722 ἀπειληφότες
3335 5645 3519 5717 χῶρον
3566 5637 3809 5694 ἀτελευ-

2138 5731 2320 5801 τήτως
2362 5729 2778 5792 ἀποκλαύσωσι.
2838 5730 3188 5810 Διαχωρίσας
3237 5728 3296 5787 δὶ
3330 5731 3394 5787 τὸ
3445 5733 3550 5804 πῦρ
3586 5727 3684 5782 καὶ
3733 5728 3804 5784 τὸ
