4118 6288
361 278 482 340 465

1495 280 2031 344 HISTORIARUM
2079 277 2633 341 COMPENDIUM.

3667 280 3789 340 466

363 410 510 487 ὕδωρ
550 410 732 488 ὥσπερ
761 413 824 468 τὸ
881 418 996 492 φῶς
1053 414 1144 469 καί
1199 415 1262 470 τὸ
1319 412 1532 484 σκότος,
1590 412 1990 486 κατεκερμάτισ

2128 429 2276 469 ram.
2310 415 2379 467 Et
2407 429 2562 483 aqua
2591 413 2831 484 quidem
2866 412 3139 485 superior
3189 413 3250 467 in
3292 427 3481 467 unum
3533 411 3787 468 collecta

363 498 530 558 ταῦτα
586 502 726 557 κατά
802 502 984 571 πάσης
1035 502 1198 558 αὐτοῦ
1272 509 1372 572 τῆς
1414 502 1665 573 κτίσεως,
1721 502 1812 557 καὶ
1872 496 2014 558 ἔστιν

366 589 511 667 ὕδωρ
549 592 802 667 ὑπερατω
828 596 927 647 τοῦ
976 592 1372 666 στερεώματος,
1404 590 1435 648 ὅ
1480 590 1624 647 ἐστιν
1687 592 1873 666 αἰθήρ,
1926 592 2015 647 καὶ

364 676 504 736 ἔστιν
537 679 685 755 ὕδωρ
717 681 808 736 καὶ
838 684 946 754 πῦρ
1008 681 1262 737 ὑποκάτω
1317 688 1418 752 τῆς
1466 687 1587 756 γῆς.
1648 681 1745 736 Καὶ
1801 683 1864 737 τὸ
1921 682 2015 754 μὲν

364 770 544 826 ἐπάνω
574 777 676 840 τῆς
714 776 821 845 γῆς
854 768 1003 844 ὕδωρ
1042 771 1309 845 συναχθὲν
1368 770 1443 834 εἷς
1498 771 1824 846 συναγωγὴν
1884 770 2012 844 μίαν

362 859 607 924 θάλασσα
627 859 1068 935 προσηγορεύθη,
1099 860 1162 914 τὸ
1195 857 1252 914 δὲ
1284 860 1536 915 ὑποκάτω
1566 866 1667 928 τῆς
1721 865 1822 934 γῆς
1875 859 2010 913 ἀπο-

359 954 547 1022 μεῖναν
578 943 810 1012 ἄϐυσσος
857 947 1086 1018 ἐκλήθη,
1136 948 1188 1019 ἐξ
1237 950 1300 1004 οὗ
1358 947 1597 1022 καθάπερ
1648 947 1874 1026 σιφωνές
1928 969 2008 1003 τι-

347 1059 434 1100 νες
464 1038 880 1110 ἀναπέμπονται
908 1037 1044 1113 πρὸς
1072 1039 1216 1107 ζωὴν
1261 1038 1425 1111 ἡμῶν
1479 1039 1566 1093 καί
1626 1039 1824 1099 παντὸς
1868 1038 2008 1106 ζώου

345 1128 403 1180 αἱ
433 1128 630 1203 πηγαί.
665 1126 755 1204 ἀφ’
785 1127 849 1181 οὗ
880 1128 967 1181 καὶ
1003 1126 1069 1182 τὰ
1098 1126 1271 1200 θερμά
1297 1126 1605 1201 ἀνάγονται.
1659 1126 1761 1183 Καὶ
1815 1127 1884 1182 τὰ
1912 1127 2005 1199 μὲν

344 1214 686 1290 πορρωτέρω
714 1220 811 1270 τοῦ
833 1236 981 1271 κατω
1009 1216 1181 1292 πυρὸς
1213 1219 1294 1289 [Ρ.
1328 1220 1453 1292 243]
1482 1216 1757 1292 ἀπέχοντα
1777 1215 2009 1291 προνοίᾳ

343 1308 482 1359 θεοῦ
514 1302 860 1360 ἀναδίδονται
892 1300 1227 1383 ψυχρότερα,
1260 1305 1326 1360 τὰ
1357 1302 1415 1359 δὲ
1464 1304 1702 1376 πλησίον
1760 1309 1857 1360 τοῦ
1910 1326 2008 1359 πυ-

2132 519 2295 558 mare
2327 503 2584 557 dicitur:
2624 519 2755 573 quae
2806 508 3004 557 autem
3064 502 3220 557 infra
3271 507 3491 557 terram
3542 503 3786 568 residet,

2129 591 2379 664 abyssus
2407 591 2773 657 nominatur,
2836 591 2995 646 unde
3044 590 3225 646 veluti
3286 591 3479 646 tubuli
3539 590 3785 662 quidam

2127 682 2479 737 emittuntur
2506 681 2725 752 fontes,
2762 681 2836 736 ad
2874 682 3007 737 vitae
3038 685 3257 736 nostras
3319 686 3378 735 et
3430 681 3784 737 animalium

2126 770 2393 825 omnium
2423 786 2605 836 usus;
2639 776 2816 841 atque
2845 768 3110 825 indidem
3144 769 3320 824 etiam
3352 769 3559 825 calidae
3609 769 3780 825 ebul-

2124 860 2298 914 liunt.
2340 860 2486 915 Nam
2522 876 2674 930 qum,
2732 860 2835 913 Dei
2867 858 3238 930 providentia
3295 859 3379 913 sic
3437 859 3776 931 ordinante,

2123 948 2358 1020 longius
2389 948 2460 1003 ab
2492 952 2624 1019 igne
2648 948 2926 1025 inferiore
2951 948 3165 1002 absunt
3186 964 3372 1018 aqum.
3402 966 3484 1002 eae
3505 948 3781 1020 frigidior

2121 1054 2217 1092 res
2249 1036 2542 1101 eduntur;
2576 1054 2706 1107 qua;
2747 1037 2867 1108 igni
2899 1037 3203 1108 propiores
3232 1043 3387 1104 sunt,
3419 1037 3491 1091 ab
3523 1052 3589 1090 eo
3620 1037 3779 1092 calo-

2121 1145 2247 1183 rem
2271 1130 2613 1200 concipiunt
2644 1134 2703 1184 et
2730 1128 3055 1184 admodum
3086 1127 3324 1183 fervidae
3358 1145 3593 1183 sursum
3625 1130 3776 1184 eﬂ'e-

2117 1224 2365 1287 runtur;
2401 1236 2533 1290 quas
2565 1225 2764 1274 autem
2786 1235 2907 1273 non
2929 1234 3112 1290 prupe
3143 1219 3340 1289 ignem
3368 1223 3526 1286 sunt,
3561 1218 3776 1289 tepidae

2122 1313 2360 1363 exeunt.

342 1394 441 1468 ρὸς
467 1392 666 1449 ἐκεῖθεν
698 1393 1074 1469 έκπυρούμενα
1104 1393 1287 1465 ζέοντα
1318 1393 1437 1449 λίαν
1469 1393 1847 1473 ἀναφέρονται,
1879 1393 1977 1449 ὅσα
2008 1392 2066 1450 δὲ
2096 1396 2158 1449 οὐ
2188 1393 2333 1451 πολὺ
2364 1394 2752 1465 πλησιάζουσι,
2786 1394 2993 1470 χλιαρά
3033 1391 3398 1451 ἀναδίδονται.

418 1484 525 1540 Καὶ
557 1484 621 1538 τὸ
676 1485 772 1556 μὶν
833 1484 1089 1538 ὑποκάτω
1143 1491 1245 1553 τῆς
1302 1490 1406 1561 γῆς
1463 1489 1572 1559 πῦρ
1633 1483 2003 1553 κολαστήριόν

341 1573 458 1628 ἐστι
492 1569 765 1646 δαιμόνων
821 1573 912 1628 καὶ
969 1572 1313 1648 ἁμαρτωλῶν
1374 1572 1694 1647 ἀνθρώπων,
1724 1572 1788 1627 τὸ
1820 1569 1879 1628 δὲ
1906 1592 2005 1627 κα-

335 1664 575 1718 τωτάτω
605 1660 779 1738 ὓδωρ,
828 1662 1168 1737 ψυχρότερον
1199 1663 1258 1717 ’ὀν
1316 1662 1408 1719 καὶ
1467 1662 1544 1726 εἷς
1599 1660 1819 1737 βώλους
1871 1682 2003 1736 κρυ-

336 1750 584 1806 στάλλου
627 1751 895 1824 πεπηγὸς,
955 1751 983 1805 ὃ
1042 1750 1133 1805 καὶ
1192 1748 1471 1825 Τάρταρος
1532 1748 1770 1827 λέγεται,
1833 1751 2000 1826 βασα-

2185 1488 2377 1557 Atque
2409 1486 2562 1557 ignis
2585 1485 2823 1557 quidem
2857 1485 2957 1556 qui
2980 1485 3135 1540 infra
3164 1490 3386 1540 terram
3410 1489 3519 1552 est,
3553 1485 3776 1540 daemo-

2113 1592 2259 1629 num
2290 1580 2349 1631 et
2377 1582 2761 1646 peccatorum
2793 1575 3107 1630 hominum
3151 1574 3443 1645 supplicio
3503 1574 3770 1629 inservit.

2111 1666 2281 1735 Aqua
2310 1665 2490 1719 etiam
2520 1664 2639 1719 imo
2663 1664 2817 1718 infra
2832 1670 3052 1719 terram
3084 1663 3236 1730 loco,
3278 1664 3360 1719 ita
3388 1661 3602 1735 frigida
3624 1668 3691 1717 ut
3711 1663 3773 1716 in

2110 1752 2314 1824 glebas
2338 1753 2546 1825 glaciei
2571 1753 2861 1826 congelat,
2888 1753 2986 1823 qui
3013 1758 3073 1808 et
3090 1755 3365 1808 Tartarus
3384 1752 3621 1819 dicitur,
3646 1750 3775 1823 ipsa

331 1840 624 1912 νεστήριόν
674 1838 821 1894 ἐστιν
851 1839 1111 1901 ὡσα·3τως
1163 1840 1256 1893 καὶ
1313 1843 1475 1894 τοῦτο
1532 1844 1639 1894 τῶν
1691 1841 1767 1913 μή
1831 1837 1990 1916 φυλα-

2112 1843 2289 1896 etiam
2317 1842 2461 1897 facit
2488 1842 2563 1898 ad
2613 1840 2967 1897 cruciandos
2999 1857 3101 1896 eos
3159 1842 3259 1912 qui
3321 1841 3422 1895 Dei
3477 1844 3773 1911 praecepta

344 1931 548 2000 ξαν-των
579 1926 674 1991 τὰς
702 1926 926 1989 ἐντολὰς
978 1931 1076 1983 τοῦ
1128 1926 1353 2003 Κυρίου.
1410 1929 1531 1985 Ὃτι
1589 1925 1645 1982 δὲ
1693 1932 1801 2002 πῦρ
1859 1927 2000 1983 ἐστιν

333 2016 600 2071 ὑποκάτω
628 2023 728 2085 τῆς
762 2022 887 2088 γῆς,
932 2014 1164 2080 πειθέτω
1199 2036 1256 2071 σε
1311 2016 1373 2071 τὸ
1422 2014 1475 2070 ἐν
1537 2014 1766 2088 Σικελίᾳ
1820 2016 1911 2071 καὶ
1947 2015 2001 2070 ἐν

331 2104 509 2177 Λυκὲᾳ
563 2109 857 2182 προφανῶς
934 2102 1331 2178 ἀναδιδόμενον
1400 2105 1493 2160 καὶ
1553 2103 1735 2177 μέντοι
1802 2105 1894 2160 καὶ
1945 2104 1997 2160 ἐν

335 2192 535 2257 ἄλλοις
595 2191 884 2270 διαφόροις
968 2194 1161 2253 τόποις
1230 2194 1437 2269 ὁμοίως
1496 2192 1993 2271 παραδεικνύμενον

337 2288 469 2357 πῦρ,
530 2283 607 2344 εἰς
678 2285 779 2353 τὴν
833 2278 1068 2361 φοϐερὰν
1144 2283 1330 2358 γένναν
1417 2281 1718 2358 προδήλως
1793 2284 1998 2348 πάντας

338 2379 628 2428 κατακαῖον
660 2373 776 2427 ὅσοι
823 2372 890 2426 τὰ
940 2376 1037 2427 τοῦ
1093 2373 1263 2447 πυρὸς
1311 2367 1443 2447 ἔργα
1496 2374 1829 2448 πεπράχασι.
1864 2375 1990 2446 Περὶ

342 2460 404 2516 οῦ
452 2461 545 2516 καὶ
606 2461 634 2515 ὀ
697 2460 860 2537 μέγας
918 2465 1156 2531 Μωϋσης
1213 2459 1275 2515 ἐκ
1334 2461 1633 2533 προσώπου
1702 2465 1800 2516 τοῦ
1857 2467 1991 2517 Θεοῦ

340 2571 503 2627 φησιν
538 2549 645 2616 ὅτι,
677 2550 790 2624 Πῦρ
821 2547 1134 2604 ἐκκέκαυται
1164 2548 1224 2604 ἐκ
1249 2552 1346 2604 τοῦ
1388 2553 1562 2622 θυμοῦ
1624 2570 1751 2623 μου,
1783 2552 1991 2621 καυθή-

338 2658 481 2692 σεται
559 2636 664 2698 ’ὲως
705 2633 839 2707 ’ᾀδου
863 2637 1176 2692 κατωτάτου
1206 2636 1565 2714 καταφάγεται
1621 2638 1719 2711 γῆν
1776 2638 1867 2692 καὶ
1922 2638 1989 2692 τὰ

332 2728 650 2800 γεννήματα
697 2723 888 2794 αὐτῆς,
928 2723 1108 2799 φλέξει
1164 2724 1392 2799 θεμέλια
1443 2724 1628 2800 ὀρέων.
1689 2725 1876 2788 Οὕτως
1930 2723 1987 2781 δὲ

331 2817 420 2870 καὶ
449 2815 671 2876 Ἡσαῗας
732 2811 1032 2891 διαρρήδην
1093 2814 1409 2892 προφαίνων
1458 2819 1574 2877 τοῖς
1634 2812 1986 2890 ἁμαρτωλοῖς

330 2907 427 2975 τὴν
488 2905 761 2979 έσομένηα
840 2906 931 2960 καὶ
997 2907 1410 2978 ἡτοιμασμένην
1491 2905 1676 2969 αὐτοῖς
1734 2903 1823 2962 διὰ
1884 2911 1982 2962 τοῦ

338 2990 591 3051 ἀσϐέστου
637 2994 806 3069 πυρὸς
839 2994 1063 3049 κόλασιν
1118 2989 1300 3066 ἐκϐοᾷ·
1360 2994 1455 3058 Τίς
1510 2995 1805 3071 ἀναγγελεῖ
1851 2995 1976 3068 ὑμῖν

348 3085 425 3136 δτι
448 3088 549 3158 πῦρ
574 3083 807 3154 καίεται,
837 3084 928 3138 καὶ
975 3084 1062 3145 τίς
1121 3083 1420 3161 ἀπαγγελεῖ
1477 3085 1603 3158 ὑμῖν
1661 3085 1753 3140 τὸν
1810 3080 1975 3140 τόπον

2114 1930 2498 1985 violaverunt.
2560 1932 2701 1985 Esse
2759 1935 2957 1985 autem
3014 1930 3210 2000 ignem
3268 1928 3472 1982 subter
3526 1932 3768 1994 terram,

2111 2020 2471 2091 persuadere
2495 2018 2605 2073 tibi
2664 2018 2840 2073 debet
2872 2018 3028 2090 ignis
3067 2017 3169 2088 qui
3228 2017 3290 2071 in
3340 2016 3558 2083 Sicilia,
3595 2015 3770 2086 Lycia

2110 2108 2364 2180 aliisque
2408 2108 2556 2163 locis
2613 2107 2928 2162 manifesto
2961 2106 3257 2178 erumpit;
3319 2121 3434 2176 quo
3481 2104 3767 2159 nimirum

2109 2201 2600 2270 prmmonstratur
2615 2197 2678 2251 in
2693 2194 2994 2251 horrenda
3018 2195 3293 2267 gebenna
3314 2210 3522 2248 omnes
3543 2193 3638 2248 uri
3658 2193 3762 2264 qui

2108 2287 2306 2360 ignem
2337 2287 2459 2341 suis
2514 2286 2686 2341 factis
2730 2289 3098 2341 meruerunt.
3134 2286 3213 2339 De
3246 2285 3358 2340 hoc
3390 2286 3521 2356 igne
3583 2285 3764 2340 etiam

2108 2392 2355 2449 magnus
2378 2376 2474 2431 ille
2506 2377 2695 2431 Moses
2719 2376 2781 2430 in
2803 2391 3060 2448 persona
3084 2375 3184 2430 Dei
3215 2374 3510 2445 loquitur:
3535 2374 3766 2429 Exarsit

2105 2466 2255 2539 ignis
2286 2482 2379 2520 me
2403 2465 2890 2528 excandescente,
2915 2464 3085 2536 cujus
3108 2462 3453 2519 incendium
3470 2463 3767 2535 pertinget

2102 2571 2293 2626 usque
2322 2571 2396 2628 ap
2428 2555 2671 2611 inﬁrma
2701 2554 3052 2622 inferorum,
3095 2558 3407 2608 consumet
3453 2557 3673 2608 terram
3706 2559 3764 2608 et

2102 2643 2230 2715 ejus
2260 2648 2600 2715 proventus,
2627 2643 2936 2699 comburet
2954 2642 3346 2698 fundamenta
3374 2643 3670 2697 montium
3692 2642 3757 2697 ⁸⁸.

2101 2733 2195 2788 Sic
2224 2732 2405 2787 etiam
2457 2733 2640 2788 Isaias
2694 2734 3009 2801 exclamat,
3071 2730 3483 2803 peccatoribus
3539 2730 3759 2787 diserte

2098 2820 2431 2893 praedicens
2456 2821 2958 2893 inexstingnibilis
2988 2820 3142 2892 ignis
3163 2835 3366 2890 poenas
3393 2819 3758 2891 jampridem

2099 2927 2201 2966 eos
2230 2910 2551 2966 manentis.
2585 2910 2725 2976 Quis
2765 2910 2981 2980 inquit,
3014 2908 3180 2963 vobis
3210 2907 3514 2963 nuntiabit
3559 2909 3756 2981 ignem

2087 3000 2217 3072 jam
2241 2999 2447 3055 ardere
2460 2999 2488 3054 ?
2502 2999 2642 3064 Quis
2661 2998 2826 3055 vobis
2852 2997 3049 3053 locum
3070 3002 3361 3052 aeternum
3378 2996 3757 3053 demonstra-

2094 3088 2179 3143 bit
2200 3088 2228 3143 ‘?
2257 3087 2574 3144 Ambulate
2605 3087 2668 3142 in
2716 3086 2940 3142 lumine
2981 3086 3134 3159 ignis
3189 3085 3392 3151 vestri,
3421 3089 3480 3140 et
3508 3085 3755 3142 ﬂamma

346 3172 439 3227 τὸν
482 3171 689 3227 αἰώνιον
727 3191 739 3241 ;
775 3172 1075 3248 Ηορεύεσθε
1098 3176 1180 3245 τῷ
1238 3174 1378 3252 φωτὶ
1424 3179 1520 3229 τοῦ
1579 3174 1750 3249 πυρὸς
1807 3174 1980 3246 ὑμῶν,

2103 3193 2277 3248 quam
2307 3176 2682 3248 concepistis.
2710 3177 2859 3233 421
2895 3175 2964 3231 Et
2995 3174 3246 3229 exibunt
3294 3174 3418 3241 alii,
3472 3191 3541 3231 ac
3590 3175 3754 3232 vide-

344 3262 439 3315 καὶ
597 3261 756 3340 φλογὶ
917 3261 1248 3333 έξεκαῦσατε.
1308 3264 1412 3319 Καὶ
1470 3262 1835 3334 ἐξελεύσονται
1894 3265 1984 3319 καὶ

336 3344 566 3422 ὄψονται
593 3353 656 3406 τὰ
683 3349 843 3406 κῶλα
870 3354 978 3406 τῶν
1011 3352 1309 3427 ἀνθρῶπων
1361 3355 1469 3406 τῶν
1521 3347 1983 3427 παραϐεϐηκότων

331 3437 389 3492 ἐν
421 3437 571 3510 ἐμοὶ,
603 3437 755 3517 λέγει
786 3439 1004 3514 Κύριος.
1038 3441 1099 3498 Ὀ
1148 3441 1252 3518 γὰρ
1311 3440 1530 3514 σκώληξ
1580 3441 1756 3496 αὐτῶν
1810 3442 1874 3496 οὗ
1901 3462 1986 3496 τε-

333 3525 613 3598 λευτήσει,
673 3530 767 3583 καὶ
824 3529 886 3583 τὸ
940 3533 1047 3605 πῦρ
1107 3529 1286 3584 αὐτῶν
1344 3530 1408 3585 οὐ
1459 3524 1836 3601 σϐεσθήσεται,
1894 3530 1986 3586 καὶ

323 3611 545 3672 ἔσονται
579 3616 655 3675 εἷς
688 3613 872 3691 ὅρασιν
900 3619 1044 3692 πάσῃ
1088 3618 1265 3693 σαρκί.
1329 3618 1433 3674 Καὶ
1488 3616 1553 3688 δὴ
1610 3619 1699 3674 καὶ
1732 3620 1760 3674 ὁ
1790 3620 1984 3695 θεηγό.

319 3725 422 3779 ρος
452 3702 844 3781 Χρυσόστομός
875 3725 1058 3786 φησιν·
1117 3707 1258 3781 Ὅρα
1321 3704 1621 3780 παράδοξον
1680 3708 1831 3769 αὖθις
1882 3705 1986 3764 ἔτεα

316 3815 443 3866 ρον,
480 3795 725 3857 ἐναντίας
758 3796 941 3875 φύσεις
1001 3795 1306 3858 συνιούσας.
1357 3793 1496 3852 Οὔτε
1551 3796 1656 3872 γὰρ
1704 3796 1983 3872 ἀστραπῆς

312 3905 373 3939 τι
408 3881 818 3959 πυρωδέστερον
851 3881 973 3939 οὔτε
1002 3881 1198 3949 ὕδατος
1255 3886 1620 3961 ψυχρότερον,
1657 3886 1782 3942 ἀλλ’
1832 3889 1986 3959 ὅμως

313 3973 734 4047 ἀναμίγνυται,
790 3975 882 4028 καὶ
977 3974 1041 4028 οὐ
1124 3979 1413 4050 συγχεῖται
1471 3972 1595 4030 οὐδὲ
1650 3978 1985 4049 κεράννυται,

311 4061 476 4117 ἀλλά
505 4061 630 4123 τοὺς
672 4062 902 4125 οἰκείους
948 4062 1170 4118 ’ἑκαστον
1228 4060 1479 4137 διατηρεῖ
1534 4063 1715 4135 ὅρους.
1770 4066 1847 4122 Τὸ
1880 4071 1985 4142 πῦρ

318 4150 380 4204 ἐν
423 4153 506 4221 τῷ
534 4147 688 4204 ὕδατι
718 4149 811 4204 καὶ
841 4150 904 4205 τὸ
934 4148 1081 4225 ὕδωρ
1111 4149 1164 4204 έν
1219 4155 1300 4223 τῷ
1329 4152 1483 4225 πυρὶ,
1513 4151 1605 4206 καὶ
1667 4149 1791 4208 οὔτε
1818 4158 1985 4209 τοῦτο

311 4237 547 4310 ἐξήρανε
589 4236 762 4293 έκεῖνο
821 4238 942 4293 οὕτε
991 4238 1163 4294 ἐκεῖνο
1206 4234 1493 4295 κατέσϐεσε
1546 4244 1728 4296 τοῦτο.
1793 4244 1986 4327 Κοιίτοι

310 4328 577 4402 ἀστραπή
609 4332 705 4382 τοῦ
746 4327 982 4397 ἡλιακοῦ
1012 4327 1183 4403 πυρὸς
1207 4328 1457 4405 ὀξύτερον
1513 4331 1601 4384 καὶ
1663 4331 1981 4410 φανότερον.

310 4418 433 4474 Καὶ
470 4422 834 4493 μαρτυροῦσιν
867 4419 921 4472 αἱ
980 4412 1134 4490 ὄψεις
1195 4419 1252 4473 αἱ
1304 4424 1427 4482 ταῖς
1483 4418 1663 4474 ἀκτῖσι
1724 4418 1988 4493 διηνεκῶς

2091 3267 2245 3322 bunt
2277 3265 2547 3321 membra
2595 3265 2909 3321 hominum
2968 3280 3175 3319 eorum
3234 3264 3335 3335 qui
3396 3269 3604 3320 contra
3654 3282 3749 3321 me

2091 3356 2500 3428 deliquerunt,
2536 3356 2677 3428 quia
2716 3355 2934 3412 vermis
2966 3370 3173 3411 eorum
3205 3370 3327 3409 non
3360 3355 3651 3410 morietur
3690 3361 3750 3410 et

2093 3445 2247 3519 ignis
2276 3462 2397 3501 non
2427 3446 2857 3518 exstinguetur,
2890 3444 3268 3516 ostentuique
3300 3449 3476 3499 erunt
3513 3444 3748 3500 omibus

2092 3535 2435 3590 hominibus
2454 3534 2545 3591 δν.
2570 3534 2682 3590 Sed
2708 3540 2768 3589 et
2787 3534 2983 3589 divino
3005 3532 3288 3605 praeditus
3310 3533 3546 3605 eloquio
3573 3533 3750 3606 Chry-

2092 3631 2389 3680 sostomus
2406 3625 2551 3679 dicit
2574 3641 2587 3679 :
2608 3626 2862 3680 Rursum
2893 3624 3038 3678 mihi
3061 3623 3223 3677 aliud
3246 3623 3592 3678 admirabile
3613 3640 3747 3678 con-

2094 3714 2309 3770 sidera.
2368 3713 2845 3785 Congrediuntur
2899 3712 3030 3767 duae
3096 3717 3323 3767 naturae
3382 3713 3740 3766 contrarias:

2094 3803 2239 3875 quid
2269 3803 2427 3858 euim
2453 3803 2529 3856 sit
2555 3806 2657 3856 aut
2686 3801 2917 3874 fulgure
2942 3800 3131 3873 magis
3162 3799 3400 3872 igneum
3432 3805 3535 3854 aut
3563 3816 3745 3870 aqua-

2091 3894 2339 3966 frigidus
2358 3894 2385 3948 ?
2409 3894 2629 3947 Tamen
2660 3891 2741 3946 ita
2764 3896 2981 3946 coeunt
3000 3895 3271 3961 utneque
3304 3890 3746 3946 confundantur

2093 4002 2285 4055 neque
2346 3987 2787 4055 temperentur:
2837 3981 2942 4036 sed
2973 3988 3031 4037 et
3068 3998 3224 4052 aqua
3249 3982 3311 4036 in
3342 3981 3475 4053 igne
3504 3986 3562 4035 et
3593 3981 3744 4053 ignis

2094 4075 2157 4129 in
2190 4090 2344 4144 aqua
2375 4089 2510 4127 suas
2542 4077 2861 4142 utrumque
2893 4076 3090 4126 servat
3115 4071 3545 4142 proprietates:
3603 4087 3743 4126 nam

2093 4179 2286 4234 neque
2318 4178 2533 4232 aquam
2565 4161 2720 4233 ignis
2779 4160 3054 4226 exsiccat,
3110 4175 3303 4230 neque
3336 4161 3533 4230 ignem
3590 4176 3743 4229 aqua

2095 4251 2431 4323 exstinguit.
2460 4253 2527 4305 Et
2551 4267 2693 4306 sane
2710 4249 2908 4321 fulgur
2936 4248 3116 4303 etiam
3139 4248 3318 4303 solari
3350 4248 3483 4320 igne
3511 4248 3742 4301 acutius

2096 4347 2184 4396 est
2215 4347 2273 4396 et
2301 4340 2534 4396 lucidus
2559 4356 2572 4407 ;
2599 4339 2756 4410 quod
2778 4342 3074 4393 testantur
3103 4336 3281 4406 oculi,
3315 4336 3413 4407 qui
3447 4352 3580 4390 cum
3612 4352 3743 4407 per-

2094 4436 2271 4502 petuo
2301 4430 2484 4485 radiis
2516 4428 2808 4485 solaribus
2839 4427 3232 4491 illustrentur,
3264 4424 3512 4498 fulguris
3543 4423 3742 4496 splen-

307 4505 838 4580 καταλαμπόμεναι,
891 4504 1103 4575 ἐκείνης
1179 4504 1235 4561 δὲ
1279 4509 1378 4577 τήν
1432 4504 1601 4585 φορὰν
1662 4507 1790 4565 οὐδὲ
1844 4513 1980 4586 πρὸς

2103 4520 2298 4575 dorem
2330 4536 2405 4574 ne
2428 4519 2635 4590 exiguo
2668 4517 2909 4588 quidem
2944 4521 3210 4587 tempore
3255 4518 3507 4586 possunt
3560 4513 3733 4569 ferre.

316 4595 507 4670 βραχὺ
566 4592 854 4667 δυνάμεναι
932 4592 1161 4668 ἐνεγκεῖν
1197 4640 1209 4652 .
1272 4597 1366 4650 Καὶ
1432 4598 1458 4651 ὁ
1520 4598 1614 4669 μὲν
1668 4597 1831 4667 ἣλιος
1892 4596 1980 4655 διὰ

320 4685 510 4753 πᾶσης
540 4682 750 4757 ἡμέρας
780 4681 1056 4759 διατρέχει
1097 4684 1187 4738 τὸν
1249 4684 1471 4759 οὐρανὸν
1499 4686 1637 4755 αὐτὴ
1688 4685 1743 4741 δὲ
1793 4691 1849 4743 ἐν
1886 4695 1983 4761 μιᾷ

312 4776 518 4847 καιροῦ
559 4773 704 4848 ῥοπῇ
740 4774 833 4843 τήν
889 4772 1215 4843 οἰκουμένην
1277 4774 1515 4837 ἅπασανς
1570 4776 1645 4838 ὡς
1703 4777 1793 4831 καὶ
1851 4784 1978 4853 Χρι-

315 4863 451 4924 στὸς
512 4867 775 4937 μαρτυρεῖ
814 4860 1013 4935 λέγων’
1045 4863 1244 4936 Ὥσπερ
1304 4879 1338 4933 η
1398 4863 1644 4939 ἀστραπή
1705 4865 1979 4943 ἐξέρχεται

314 4953 372 5025 ἐξ
406 4952 686 5007 ἀνατολῶν
719 4950 1077 5029 καῖφαίνεται
1136 4947 1240 5018 ἕως
1305 4951 1542 5028 δυσμῶν.
1600 4957 1735 5013 Εἶτά
1792 4975 1977 5035 φησιν’

310 5043 380 5099 Ὁ
407 5041 612 5115 ἐξάγων
647 5037 879 5115 ἀνέμους
912 5039 974 5095 ἐκ
1034 5043 1319 5117 θησαυρῶν
1372 5043 1570 5102 αὐτῶν.
1627 5047 1774 5117 Αὕτη
1807 5046 1975 5103 παλιν

310 5132 472 5204 ἑτέρα
559 5130 739 5209 φῦσις,
796 5129 857 5184 οὐ
933 5129 1125 5203 μικρὰν
1196 5132 1333 5204 ἡμῖν
1393 5132 1708 5211 παρέγουσα
1763 5137 1975 5210 χρείαν,

313 5218 376 5275 ἀ)
394 5218 466 5275 λά
491 5218 765 5288 τοσαύτην
798 5219 936 5274 ὥστε
971 5219 1049 5280 εἷς
1079 5217 1141 5273 τὸ
1172 5218 1316 5274 πολὺ
1359 5228 1461 5290 τῆς
1489 5230 1639 5291 υωῆς
1686 5225 1820 5296 ἡμῖν
1881 5247 1971 5279 συν

310 5309 515 5377 τελεῖν,
606 5307 926 5380 κεκμηκότα
989 5308 1315 5371 ἀνακτᾶσθαι
1366 5310 1432 5364 τὰ
1493 5310 1737 5385 σώματα.
1797 5316 1973 5370 Τοῦτο

312 5402 416 5475 γὰρ
451 5396 608 5475 ἔργον
639 5398 873 5469 ἀνέμων,
925 5395 1290 5472 ἀναρριπίζειν
1347 5402 1437 5453 τὸν
1495 5397 1644 5474 ἀέρα,
1705 5400 1841 5457 ὥστε
1894 5406 1969 5476 μὴ

389 5555 434 5590 ⁸⁸
462 5554 633 5609 Deut.
666 5568 847 5622 χχιιι,
881 5555 949 5606 22
1021 5552 1091 5587 ⁵⁸*
1122 5554 1231 5608 lsa.
1264 5568 1413 5608 an.

2092 4611 2162 4664 Et
2218 4608 2308 4664 sol
2362 4613 2551 4663 totum
2612 4607 2771 4662 diem
2845 4605 3208 4678 permeando
3265 4604 3411 4660 caelo
3470 4604 3737 4674 insumit,

2091 4698 2290 4771 fulgur
2310 4715 2427 4753 uno
2461 4701 2761 4753 momento
2788 4702 2976 4751 totum
3007 4695 3210 4751 orbem
3261 4693 3544 4766 pervadit,
3580 4692 3739 4765 quod

2091 4793 2149 4843 et
2178 4787 2444 4843 Christus
2464 4793 2731 4855 testatur,
2747 4786 3025 4855 inquiens
3050 4803 3062 4839 :
3091 4784 3270 4839 Sicuti
3293 4783 3489 4855 fulgur
3509 4783 3580 4838 ab
3604 4788 3736 4837 ortu

2090 4876 2209 4931 exit
2240 4881 2295 4931 et
2324 4892 2512 4947 usque
2543 4876 2618 4931 ad
2648 4892 2925 4930 occasum
2964 4873 3212 4928 videtur.
3272 4871 3494 4926 Deinde
3524 4870 3689 4924 addit
3718 4885 3730 4922 :

2088 4965 2195 5030 Qui
2226 4971 2433 5020 ventos
2466 4963 2663 5019 educit
2703 4980 2773 5018 ex
2804 4979 3009 5018 eorum
3061 4962 3372 5017 thesauris.
3408 4961 3544 5024 Quae
3601 4975 3736 5013 rur-

2088 5070 2219 5109 sum
2246 5053 2364 5108 alia
2394 5059 2483 5108 est
2511 5058 2742 5118 natura,
2776 5068 2895 5106 non
2927 5067 3147 5123 parvan
3193 5051 3364 5105 nobis
3414 5050 3733 5104 utilitatem

2086 5142 2422 5209 conferens,
2446 5141 2548 5195 sed
2567 5146 2793 5195 tantam
2817 5145 2882 5194 ut
2911 5139 2984 5194 ad
3010 5140 3330 5210 plurimam
3351 5139 3479 5193 vitae
3503 5144 3732 5208 partem

2085 5230 2583 5298 nobisconducat,
2617 5229 2690 5284 ad
2723 5228 3110 5283 reﬁciendum
3169 5227 3406 5300 fatigata
3462 5244 3730 5299 corpora.

2084 5320 2408 5372 Ventorum
2440 5318 2599 5371 enim
2630 5316 2893 5371 ofﬁcium
2920 5323 3012 5372 est
3067 5332 3263 5371 aerem
3321 5316 3600 5385 excitare,
3655 5336 3728 5374 ne

2085 5411 2248 5461 motu
2331 5421 2539 5459 carens
2605 5405 2810 5459 vitium
2885 5405 3097 5476 capiat,
3158 5405 3417 5477 itemque
3475 5424 3728 5479 coquere
