4118 6288
342 331 460 391 467

1667 315 1984 380 GEORGII
2030 315 2374 381 CEDBENI

3639 321 3784 384 468'

341 467 570 524 fructus
602 466 661 518 et
689 461 853 540 alere
895 472 1161 532 corpora.
1202 455 1345 522 Quis
1402 453 1655 526 explicet
1711 457 1999 525 quantum

2117 453 2366 526 ἀκίνητον
2399 449 2526 510 ὄντα
2547 451 2971 539 διαφθείρεσθαι,
3003 455 3283 540 πεπαίνειν
3347 450 3404 509 δὲ
3449 455 3576 517 τοὺς
3633 475 3764 532 καρ-

344 552 818 629 navigationibus
839 549 1118 623 prosint?
1148 553 1208 604 et
1236 561 1441 603 eorum
1460 553 1748 619 tempora,
1782 544 1998 616 quibus

347 647 557 704 ordine
589 643 873 718 ingruunt
901 639 1173 713 aliusque
1198 637 1300 693 alii
1346 635 1582 702 cedunt,
1632 636 1880 692 choreas
1935 633 1998 689 in

353 734 504 792 mari
551 731 860 798 ducentes,
915 727 1135 800 aliique
1195 724 1348 787 428
1407 739 1613 780 eorum
1653 723 1998 796 navigantes

357 839 472 895 quo
504 820 710 877 volunt
751 817 1139 882 deducentes,
1178 815 1280 871 alii
1313 813 1672 886 excipientes
1702 811 1732 868 ?
1759 811 1912 882 Quin
1942 815 2002 868 et

350 911 666 972 contrariis
717 907 1060 964 incedentes
1114 904 1225 962 viis
1276 908 1456 981 atque
1502 901 1838 958 ministeria
1893 917 2000 958 sua

347 1001 636 1058 obeuntes
661 998 794 1054 utili
843 997 974 1052 vitae
1021 999 1238 1050 nostrae
1265 1009 1462 1066 pugna
1512 991 1670 1047 inter
1712 1006 1774 1047 se
1805 990 2002 1046 decer-

343 1097 490 1149 tant.
543 1091 832 1145 Sexcenta
887 1089 1135 1161 possent
1193 1081 1647 1143 commemorari
1689 1085 1998 1136 ventorum

337 1181 539 1240 officia
561 1196 574 1235 :
607 1179 710 1237 sed
735 1183 934 1234 tamen
955 1179 1117 1235 vates
1139 1173 1233 1229 his
1255 1173 1530 1230 omnibus
1576 1170 2000 1226 enumerandis

336 1268 738 1343 supersedens
823 1264 1173 1322 facilitatem
1279 1259 1692 1318 tantummodo
1778 1259 2000 1336 opificii

333 1358 647 1430 expressit.
689 1356 794 1422 Qui
831 1355 993 1412 enim
1015 1353 1194 1410 dicit:
1249 1353 1329 1408 De
1359 1351 1654 1406 thesauris
1711 1349 1998 1420 ipsorum,

334 1448 385 1502 is
420 1463 540 1501 non
563 1445 708 1502 dicit
742 1442 1036 1519 quosdam
1059 1458 1188 1497 esse
1210 1445 1522 1496 ventorum
1547 1438 1879 1508 thesauros,
1899 1436 2002 1492 sed

341 1535 640 1610 signiﬁcat
663 1550 842 1605 quam
872 1531 1045 1588 facile
1089 1531 1166 1586 sit
1219 1530 1271 1585 ei
1323 1528 1424 1604 qui
1481 1527 1745 1594 mandat,
1801 1527 2004 1582 omnia

343 1642 453 1698 pro
487 1641 592 1680 suo
625 1623 870 1682 arbitrio
898 1622 961 1676 in
987 1626 1268 1694 promptu
1324 1617 1564 1675 habere.
1611 1617 2006 1683 Quemadmo-

349 1713 496 1768 dum
531 1713 692 1770 enim
720 1728 848 1768 rem
881 1727 1056 1787 quam
1084 1711 1145 1765 in
1175 1711 1452 1764 thesauro
1484 1707 1793 1777 habemus,
1833 1705 2006 1762 facile

2101 545 2238 608 ποὺς
2268 544 2356 600 καὶ
2387 543 2597 624 τρὲφειν
2648 543 2715 598 τὰ
2765 544 3011 616 σώματα.
3069 543 3134 599 Τί
3197 539 3260 598 ἄν
3291 563 3374 606 τις
3410 541 3551 599 εἴποι
3580 545 3679 608 τὰς
3709 541 3763 600 ὲν

2100 632 2354 703 ναυτιλίᾳ
2385 632 2578 712 χρείας
2605 631 2803 702 αὐτῶν,
2852 631 2942 687 καὶ
3004 632 3133 696 τοὺς
3169 635 3412 708 ·καιροὺς
3469 635 3555 696 οἶς
3609 653 3764 690 τετα·

2103 723 2334 801 γμὲνους
2367 721 2669 795 ἐφίστανται
2701 721 2794 778 καὶ
2835 739 3268 798 παραχωρουσιν
3323 720 3619 795 ἀλλήλοις,
3655 744 3765 800 χο-

2105 811 2350 890 ρεύοντες
2379 809 2431 868 ἔν
2459 815 2538 884 τῷ
2565 809 2788 886 πελάγει
2847 811 2938 866 καὶ
2981 813 3066 885 [Ρ.
3100 813 3229 886 224]
3255 816 3258 818 ⁷
3285 813 3416 876 τοὺς
3465 812 3772 890 πλωτῆρας

2104 897 2559 972 διαϐιϐάζοντεςς
2601 899 2704 958 Καὶ
2737 901 2765 956 6
2801 901 2896 974 μὶν
2953 902 3332 978 παρέπεμψεν,
3391 903 3420 958 6
3475 899 3531 958 δὲ
3583 900 3766 960 διιδὲ-

2103 993 2248 1062 ξατο.
2281 992 2380 1046 Καὶ
2437 989 2678 1052 ἐναντίας
2737 985 3034 1046 ὁδευόντων
3095 987 3256 1053 ὁδοὺς
3303 991 3396 1046 καὶ
3453 987 3772 1047 διακονούνο

2103 1101 2210 1136 των
2239 1081 2274 1152 ἠ
2311 1077 2464 1156 μάχη
2499 1078 2674 1134 αὐτῶν
2705 1076 2872 1134 πάλιν
2897 1083 2980 1152 τῷ
3015 1079 3124 1156 βίῳ
3183 1078 3392 1158 γίνεται
3451 1083 3763 1157 χρήσιμος.

2107 1173 2212 1228 Καὶ
2269 1170 2438 1244 μυρία
2493 1165 2556 1222 ἄν
2607 1188 2692 1230 τις
2746 1165 2891 1222 εἴποι
2947 1172 3056 1224 τῶν
3115 1167 3332 1242 ἀνέμων
3391 1165 3542 1244 ἔργα.
3601 1168 3770 1226 ’Δλλ⁹

2106 1261 2261 1336 ὅμως
2313 1259 2483 1316 πάντα
2572 1263 2740 1316 ταῦτα
2822 1258 3196 1340 παραδραμὼν
3253 1263 3280 1316 6
3339 1263 3627 1344 προφήτης
3673 1269 3765 1321 καὶ

2104 1349 2420 1406 καταλιπὼν
2480 1347 2856 1428 ἀναλέγεσθαι,
2929 1348 3060 1405 αὐτὸ
3131 1349 3292 1424 μόνον
3350 1351 3450 1420 τὴν
3507 1350 3766 1407 εὐκολίαν

2104 1449 2204 1512 τῆς
2229 1439 2595 1516 δημιουργίας
2625 1439 2951 1514 παρέστησε.
2972 1439 3050 1496 Τὸ
3105 1440 3208 1515 γὰρ
3261 1439 3454 1510 εἰπεῖν,
3511 1441 3606 1498 Ἐκ
3660 1442 3765 1512 θη-

2108 1535 2318 1607 σαυρῶν
2348 1531 2547 1602 αὑτῶν,
2581 1529 2643 1586 οὒ
2675 1534 2838 1586 σοῦτο
2869 1527 3176 1600 δηλοῦντάς
3207 1528 3376 1598 ἐστιν,
3429 1529 3512 1586 δτι
3567 1533 3768 1602 θησαυ-

2110 1621 2196 1698 ροί
2226 1619 2365 1683 οίνές
2385 1619 2518 1675 εἰσιν
2559 1618 2792 1693 ἀνέμων,
2835 1615 2982 1674 ἀλλὰ
3033 1620 3133 1688 τὴν
3193 1619 3446 1676 εὐκολίαν
3499 1625 3598 1676 τοῦ
3653 1619 3772 1677 ἐπι-

2108 1712 2395 1771 τάττοντος
2461 1709 2552 1763 καὶ
2640 1707 2702 1763 τὸ
2755 1702 2977 1782 ἕτοιμον
3063 1713 3164 1777 τῆς
3218 1707 3428 1784 βουλῆς
3485 1709 3572 1763 καὶ
3628 1730 3766 1784 παρ-

353 1821 424 1858 ex
454 1819 522 1858 eo
553 1801 642 1858 vel
671 1801 1020 1874 promimus,
1051 1797 1164 1867 vel,
1187 1799 1235 1854 si
1268 1798 1456 1854 visum
1473 1797 1568 1866 sit,
1600 1796 2006 1866 recondimus,

2117 1800 2524 1874 εσκευασμὲνον.
2555 1800 2762 1874 Ὠσπερ
2789 1797 2894 1874 γὰρ
2939 1797 2968 1852 6
2998 1790 3148 1872 ἔχων
3205 1797 3260 1853 ἐν
3319 1804 3580 1874 θησαυρῷ
3634 1800 3774 1873 μετᾶ

352 1893 436 1948 ita
463 1891 724 1947 universi
748 1890 954 1963 Opifex
985 1887 1186 1946 omnia
1227 1887 1396 1944 nullo
1444 1885 1679 1960 negotio
1712 1884 1906 1941 effecit
1935 1901 2002 1942 ac

353 1984 581 2036 natura:
611 1979 874 2036 tradidit.
901 1977 1109 2034 Vidisti
1129 1981 1351 2050 quanta
1377 1977 1454 2032 sit
1481 1976 1541 2031 in
1563 1992 1699 2032 aere
1729 1975 2000 2042 varietas,

353 2071 507 2129 sicut
538 2076 595 2126 et
622 2069 682 2124 in
705 2086 860 2144 aqua
891 2069 1025 2124 etin
1056 2069 1188 2143 igne
1240 2067 1444 2124 multae
1478 2073 1618 2123 sunt
1669 2067 2001 2122 varietates.

351 2165 655 2232 Aquarum
687 2159 846 2213 enim
877 2159 994 2214 alia
1011 2161 1100 2213 est
1142 2157 1407 2225 fontana,
1441 2156 1560 2212 alia
1603 2157 1854 2224 marina,
1889 2154 2005 2210 alia

349 2266 546 2316 aerea,
579 2249 700 2304 alia
728 2249 790 2303 in
821 2247 1078 2316 nebulis,
1114 2246 1232 2302 alia
1262 2261 1443 2320 supra
1473 2243 1648 2302 caalos
1679 2244 1796 2301 alia
1827 2259 2007 2317 supra

346 2338 623 2393 homines
642 2337 758 2393 alia
789 2336 945 2394 infra
975 2341 1217 2404 terram,
1250 2353 1323 2390 ex
1349 2353 1468 2409 qua
1520 2334 1700 2390 etiam
1758 2333 2005 2389 diversis

344 2426 496 2482 locis
525 2441 691 2500 aquae
726 2423 1024 2480 ebulliunt
1080 2422 1436 2479 mirabiliter
1465 2422 1538 2478 ab
1596 2423 1731 2495 igne
1762 2423 1863 2494 qui
1896 2421 2005 2478 sub

347 2519 510 2570 terra
540 2519 630 2569 est
655 2511 974 2569 calefactus.
1009 2513 1170 2585 Ignis
1199 2513 1350 2568 alius
1381 2512 1443 2568 in
1473 2511 1596 2567 sole
1629 2517 1738 2580 est,
1770 2509 1923 2566 alius
1945 2511 2006 2566 in

351 2605 516 2670 luna,
549 2601 701 2658 alius
733 2601 795 2656 in
825 2599 1179 2679 fulguribus,
1211 2601 1361 2656 alius
1391 2602 1454 2656 in
1485 2617 1642 2667 aere,
1693 2599 1846 2656 alius
1903 2600 2005 2672 qui

353 2710 425 2749 ex
449 2691 628 2768 lignis
671 2711 706 2750 a
747 2692 920 2753 nobis
963 2697 1022 2748 et
1069 2693 1332 2751 lucernis
1387 2693 1528 2758 exit,
1577 2691 1729 2750 alius
1786 2692 1888 2764 qui
1938 2707 2010 2746 ex

351 2788 510 2840 terra
531 2784 826 2856 erumpit:
862 2782 1068 2839 multis
1097 2783 1259 2844 enim
1281 2781 1428 2838 locis
1457 2797 1594 2842 eum
1618 2779 1711 2838 edi
1739 2781 2008 2838 videmus

351 2889 474 2928 non
509 2890 678 2932 secus
711 2890 889 2947 quam
915 2874 1094 2928 etiam
1135 2872 1352 2931 fontes.
1385 2871 1553 2930 Alius
1584 2873 1737 2946 ignis
1764 2875 1854 2928 est
1905 2872 2007 2943 qui

351 2962 558 3018 attritu
605 2961 873 3040 lapidum
912 2962 1166 3036 ejicitur,
1201 2967 1261 3018 et
1302 2963 1454 3021 alius
1487 2963 1588 3038 qui
1620 2962 1824 3022 attritu
1852 2961 2012 3018 fron-

352 3052 518 3108 dium
551 3051 935 3112 arborearum
963 3067 976 3118 ;
1007 3052 1162 3108 alius
1189 3052 1249 3107 in
1279 3051 1630 3110 fulminibus
1663 3067 1732 3108 ex
1762 3049 2004 3124 aethere,

351 3141 505 3198 alius
535 3159 605 3197 ex
627 3159 785 3214 aqua
815 3146 872 3198 et
899 3143 1066 3198 vitris
1103 3141 1593 3214 pellucidissimis
1642 3157 1710 3198 ac
1759 3141 2009 3216 purissi'

351 3231 467 3286 mis
489 3231 642 3287 420
669 3230 908 3286 exsilire
968 3230 1140 3286 solet.
1202 3231 1295 3285 Sic
1353 3235 1412 3286 et
1461 3231 1620 3303 quod
1677 3229 1754 3291 ad
1805 3246 2006 3286 aerem

351 3318 584 3386 attinet,
617 3319 770 3374 alius
814 3323 904 3374 est
958 3319 1236 3386 crassior,
1269 3318 1370 3394 qui
1409 3337 1518 3375 nos
1571 3319 1778 3386 ambit,
1837 3320 2006 3392 isque
2056 3346 2058 3348 τ

351 3406 750 3482 corruptionis
783 3397 962 3462 causa
989 3411 1076 3462 est
1106 3412 1164 3462 et
1187 3408 1510 3464 multorum
1535 3409 2008 3484 periculosorum

354 3495 737 3552 morborum:
783 3495 932 3550 alius
959 3496 1213 3566 tenuior,
1248 3496 1350 3570 qui
1399 3498 1746 3575 corporibus
1787 3498 2007 3558 bonam

358 3583 707 3656 temperiem
740 3590 798 3640 et
827 3583 1172 3644 ﬁrmitatem
1191 3586 1505 3656 conciliat;
1539 3587 1692 3644 alius
1721 3587 1936 3644 siccior
1951 3593 2010 3642 et

357 3676 757 3738 fervidior.Sic
801 3680 860 3734 et
879 3681 1188 3734 ventorum
1232 3681 1370 3734 sunt
1415 3677 1764 3738 differentiae
1796 3695 2009 3736 secun-

362 3767 506 3828 dum
565 3767 936 3836 tenuitatem,
995 3767 1346 3837 crassitiem,
1395 3767 1598 3842 frigus,
1657 3769 2008 3838 siccitatem,

363 3858 805 3928 humiditatem,
859 3856 1246 3916 caliditatem.
1298 3859 1504 3932 Itaque
1561 3864 1721 3916 vates
1765 3877 1900 3920 cum
1947 3861 2008 3917 in

361 3948 776 4008 inexhaustam
818 3951 902 4002 tot
950 3951 1372 4020 tantorumque
1430 3947 1530 4006 Dei
1577 3947 2008 4006 beneficiorum

359 4034 641 4108 abyssum
671 4033 978 4093 incidisset
1020 4036 1626 4111 commemorandam,
1659 4037 1875 4110 quibus
1907 4039 2007 4095 Dei

357 4124 626 4197 potentia
653 4129 831 4196 atque
859 4125 1151 4200 sapientia
1175 4125 1638 4194 demonstratur,
1679 4127 2006 4201 vidensque

358 4215 721 4272 immensum
771 4231 834 4269 se
865 4230 1028 4270 mare
1061 4215 1416 4288 ingressum,
1461 4216 1696 4275 resiluit
1727 4217 1836 4273 bac
1873 4234 2007 4272 cum

359 4302 832 4358 exclamatione:
896 4303 1479 4377 Magniﬁcentissima
1519 4311 1658 4360 sunt
1707 4311 1825 4375 tua,
1884 4308 2006 4362 Do-

357 4393 540 4459 mine,
571 4409 750 4470 opera
779 4392 1082 4466 sapienter
1109 4394 1312 4449 omnia
1357 4393 1570 4464 fecisti,
1601 4395 2008 4474 sapientiaque

361 4480 564 4540 omnia
593 4485 651 4540 et
675 4480 940 4537 animata
965 4486 1022 4536 et
1053 4481 1381 4540 inanimata
1405 4481 1743 4562 implevisti.

436 4747 561 4810 Tito
599 4745 886 4804 successit
914 4747 976 4803 in
1005 4745 1324 4822 imperium
1355 4748 1540 4806 frater
1569 4749 1697 4822 ejus
1731 4751 2013 4808 Domitia-

365 4853 500 4904 nus,
533 4835 714 4910 idque
734 4836 926 4892 tenuit
955 4853 1143 4894 annos
1180 4839 1264 4908 15,
1306 4853 1544 4892 menses
1602 4838 1689 4895 11.
1722 4840 1894 4910 Isque
1952 4840 2014 4895 in

365 4927 588 5001 templo
617 4929 819 4987 Roma)
851 4930 942 4982 est
970 4926 1316 4984 interfectus
1367 4926 1600 4986 insidiis
1630 4945 1751 4983 sua:
1810 4931 2014 4986 uxoris

357 5017 559 5092 Neque
589 5016 776 5092 patris
805 5015 902 5074 hic
931 5031 1124 5088 neque
1155 5015 1354 5071 fratris
1385 5020 1642 5072 sectatus
1674 5022 1763 5072 est
1795 5034 2012 5096 mores,

355 5107 460 5167 sed
489 5113 697 5164 contra
725 5103 1040 5180 Tiberiilac
1069 5103 1316 5162 Neronis
1347 5104 1575 5161 scelera
1604 5105 1870 5162 imitatus
1902 5114 2011 5164 est.

352 5199 497 5254 Cum
525 5215 586 5253 se
611 5197 774 5252 omni
806 5211 1019 5269 genere
1052 5194 1410 5270 ﬂagitiorum
1431 5195 2010 5271 homicidiorumque

352 5293 412 5345 et
440 5287 688 5346 libidine
719 5289 781 5343 in
802 5305 998 5344 mares
1028 5286 1402 5360 feminasque
1435 5289 1622 5343 effusa
1673 5289 2010 5360 polluisset,

357 5375 597 5432 tandem
629 5377 805 5434 homo
836 5394 872 5434 a
901 5376 1018 5434 Deo
1050 5375 1280 5432 alienus
1306 5376 1483 5432 deum
1515 5395 1575 5433 se
1598 5377 1788 5454 ipsum
1816 5383 2013 5454 appel-

2113 1887 2292 1953 ἀδείας
2346 1887 2521 1964 ἐξάγει
2578 1889 2781 1958 πάντα,
2836 1887 2928 1942 καὶ
2983 1886 3073 1942 ὅτε
3135 1886 3390 1964 βούλεται
3435 1889 3604 1945 πάλιν
3660 1890 3774 1944 εἷσε

2113 1981 2257 2056 ἀγει,
2285 1977 2458 2041 οὕτως
2492 1979 2520 2032 6
2549 1980 2646 2034 τοῦ
2688 1977 2887 2039 παντὸς
2946 1977 3297 2053 Δημιουργὸς
3329 1977 3498 2032 πάντα
3528 1977 3773 2056 εὐκόλως

2112 2068 2340 2140 ’ἐποίησε
2369 2069 2460 2123 καὶ
2497 2070 2566 2142 τῇ
2598 2067 2754 2146 φύσει
2807 2063 3142 2142 παρέδωκεν.
3201 2063 3356 2128 Εἶδες
3413 2067 3503 2122 καὶ
3535 2067 3678 2138 πόση
3713 2054 3776 2121 ’ἐν

2115 2158 2230 2234 ἀέρι
2291 2156 2564 2234 διαφορὰ,
2622 2157 2861 2233 καθάπερ
2920 2155 3011 2210 καὶ
3058 2155 3112 2210 ἐν
3172 2155 3304 2230 πυρὶ
3355 2157 3445 2212 καὶ
3502 2155 3555 2210 ἰν
3616 2156 3776 2212 ὕδατι

2115 2245 2324 2304 πολλαὶ
2380 2245 2696 2323 ἐναλλαγαί.
2731 2245 2833 2300 Καὶ
2865 2245 2968 2320 γὰρ
2998 2249 3096 2301 τοῦ
3146 2242 3342 2310 ὕδατος
3375 2246 3440 2301 τὸ
3502 2245 3598 2318 μὲν
3657 2244 3774 2300 ἐστι

2116 2342 2368 2412 πηγαῖον,
2400 2335 2462 2391 τὸ
2497 2333 2554 2390 δὲ
2578 2334 2893 2407 θαλαττιον,
2923 2334 2987 2388 τὸ
3030 2331 3090 2390 δὲ
3136 2333 3338 2410 ἀέριον,
3371 2335 3434 2390 τὸ
3485 2333 3544 2390 δὲ
3599 2333 3654 2389 ’ἐν
3686 2355 3778 2390 νε-

2119 2425 2332 2506 φὲλαις,
2361 2427 2425 2480 τὸ
2455 2422 2512 2480 8‘s
2569 2422 2883 2495 θαλάττιον,
2945 2423 3008 2480 τὸ
3068 2420 3126 2478 δὲ
3182 2424 3434 2500 ὓπεράνω
3498 2428 3608 2479 τῶν
3681 2425 3780 2479 ἀν-

2121 2516 2379 2590 θρώπων,
2407 2514 2468 2568 τὸ
2501 2511 2558 2568 δὲ
2595 2511 2872 2590 ὑπόγειον,
2907 2513 2994 2594 ἀφ’
3036 2510 3100 2567 οὗ
3130 2513 3218 2566 καὶ
3283 2513 3349 2568 τὰ
3386 2513 3560 2589 θερμᾶ
3608 2511 3780 2569 ὕδατα

2120 2604 2172 2660 ἐν
2242 2601 2526 2680 διαφόροις
2579 2601 2772 2667 τόποις
2840 2603 3149 2677 ἀνάγονται,
3209 2597 3298 2656 διὰ
3362 2606 3458 2657 τοῦ
3520 2603 3781 2679 ὕπογείου

2119 2695 2292 2775 πυρὸς
2337 2693 2702 2774 θερμανθέντα
2759 2689 3105 2770 παραδόξως.
3166 2693 3270 2748 Καὶ
3325 2695 3424 2748 τοῦ
3481 2693 3653 2768 πυρὸς
3713 2695 3778 2750 τὸ

2125 2785 2218 2859 μὶν
2245 2784 2385 2842 ἐστιν
2419 2783 2470 2840 ἐν
2511 2781 2680 2857 ἡλίῳ,
2712 2781 2774 2838 τὸ
2808 2780 2865 2837 δὲ
2894 2780 2948 2837 ἐν
2997 2779 3222 2858 σελήνῃ,
3255 2781 3318 2838 τὸ
3351 2778 3408 2837 δὲ
3461 2781 3514 2836 ἐν
3575 2783 3777 2859 ἀστρα-

2121 2879 2286 2944 πωῖς,
2338 2875 2400 2932 τὸ
2458 2871 2516 2929 8‘s
2573 2871 2838 2948 ἐναέριον,
2889 2873 2952 2928 τὸ
2993 2869 3052 2927 δὲ
3109 2872 3214 2928 ἀπὸ
3274 2871 3478 2942 ξύλων,
3535 2874 3598 2928 τὸ
3645 2873 3767 2948 περὲ

2123 2967 2272 3039 ἡμᾶς
2301 2961 2391 3018 καὶ
2421 2963 2484 3018 τὸ
2516 2961 2804 3036 λυχναῖον,
2830 2960 2893 3017 τὸ
2925 2958 2981 3016 δὲ
3036 2960 3143 3016 ἀπὸ
3197 2967 3301 3039 γῆς
3363 2961 3470 3032 (καὶ
3507 2960 3600 3037 γὰρ
3651 2955 3760 3016 ἔστι

2123 3052 2418 3132 πολλαχοῦ
2467 3052 2532 3108 τὸ
2583 3056 2800 3107 τοιοῦτο
2857 3051 2965 3106 ἀπὸ
3020 3059 3123 3127 γῆς
3169 3048 3556 3124 ἀναδιδόμενον
3613 3048 3766 3123 ἰδεῖν,

2125 3149 2308 3228 ὥσπερ
2347 3149 2399 3204 αἱ
2427 3147 2604 3230 πηγαὶ
2650 3153 2760 3202 τῶν
2796 3143 3053 3221 ὑδάτων),
3083 3145 3145 3202 τὸ
3187 3143 3244 3201 δὲ
3298 3144 3350 3202 ἐν
3383 3145 3562 3212 λίθοις
3594 3167 3774 3223 παρα-

2121 3233 2497 3315 τριϐομένοις,
2551 3236 2614 3294 τὸ
2664 3233 2722 3291 δὲ
2781 3233 2832 3292 ἐν
2887 3234 3090 3310 κόμαις
3161 3231 3391 3312 δένδρων
3446 3237 3536 3291 καὶ
3597 3235 3773 3291 αὐτῶν

2121 3322 2626 3406 παρατριϐομένων,
2659 3325 2720 3380 τὸ
2765 3321 2822 3380 δὲ
2875 3324 2924 3379 ἐν
2983 3329 3264 3402 κεραυνοῖς
3323 3323 3382 3386 ἐκ
3411 3329 3506 3379 τοῦ
3535 3322 3776 3399 αἰθέρος,

2120 3418 2183 3472 τὸ
2211 3413 2268 3472 δὲ
2297 3415 2348 3488 ἐξ
2399 3413 2606 3471 ὑδάτων
2657 3413 2748 3470 καὶ
2799 3411 2970 3469 ὗὲλων
3029 3412 3428 3490 διαυγεστάτων
3485 3415 3576 3470 καὶ
3606 3426 3781 3480 καθα-

2123 3507 2380 3581 ρωτάτων
2413 3503 2730 3578 ἐξάλλεσθαι
2759 3503 3009 3584 πέφυκεν.
3061 3502 3222 3559 Οὕτω
3279 3499 3337 3558 δὲ
3393 3503 3484 3558 καὶ
3541 3503 3594 3560 ἐν
3657 3503 3777 3579 ἀέρι

2121 3594 2286 3652 πάλιν
2315 3596 2343 3652 ὁ
2369 3595 2463 3675 μὲν
2496 3593 2608 3650 ἐστι
2663 3593 2970 3670 παχύτερος
3003 3593 3031 3648 ὁ
3063 3591 3186 3668 περὶ
3244 3594 3391 3665 ἡμᾶς
3449 3593 3538 3648 καὶ
3570 3591 3777 3672 90890-

2121 3685 2280 3746 ποιὸς
2306 3685 2394 3745 καὶ
2444 3683 2620 3739 νόσων
2677 3681 2946 3739 πόικίλων
3011 3679 3366 3738 ἐπικινδύνων
3425 3679 3624 3752 αῗτιος,
3657 3683 3685 3737 6
3718 3679 3778 3738 δὲ

2123 3773 2448 3852 λεπτότερος
2507 3772 2599 3829 καὶ
2657 3771 2924 3846 σωμάτων
2991 3770 3273 3848 εὐκρασίας
3328 3771 3418 3826 καὶ
3477 3771 3774 3846 εὖρωστῖας

2121 3864 2402 3940 πρόξενος,
2453 3863 2480 3917 ό
2512 3859 2568 3917 δὲ
2623 3861 2880 3938 αὖότερος
2931 3860 3021 3916 καὶ
3079 3857 3508 3936 πυρωδέστερος.
3567 3864 3775 3937 Ὠσπερ

2119 3954 2210 4008 καὶ
2269 3958 2376 4008 τῶν
2421 3948 2634 4026 ἀνέμων
2689 3947 2898 4006 πολλαὶ
2957 3947 3232 4028 διαφοραί⁶
3275 3951 3302 4005 ὁ
3351 3951 3446 4024 μὲν
3498 3951 3602 4028 γάρ
3660 3949 3776 4006 ἐστι

2121 4039 2453 4115 λεπτότερος
2505 4041 2532 4094 6
2567 4037 2622 4096 δὲ
2661 4037 2992 4117 παχύτερος,
3049 4039 3076 4094 ὁ
3133 4039 3228 4113 μὲν
3259 4031 3618 4114 ψυχρότερος,
3653 4041 3682 4095 6
3715 4036 3776 4094 δὲ

2121 4129 2435 4206 ξηρότερος,
2473 4133 2500 4184 ὁ
2559 4131 2654 4206 μὲν
2701 4129 2991 4208 ὑγρότερος
3023 4129 3050 4182 6
3085 4124 3143 4184 δὲ
3195 4128 3548 4206 θερμότερος,
3605 4130 3767 4193 Ὅθεν

2123 4217 2212 4275 οὗν
2248 4221 2276 4275 6
2308 4219 2599 4297 προφήτης
2633 4217 2884 4297 ἐμπεσὼν
2916 4216 2993 4281 είς
3035 4217 3136 4286 τήν
3169 4211 3402 4276 ἄϐυσσον
3456 4221 3564 4273 τῶν
3623 4217 3773 4292 εὐερ·

2120 4306 2446 4384 γετημόιτων
2473 4307 2683 4362 τούτων
2734 4305 2823 4361 καὶ
2881 4309 2988 4364 τῶν
3041 4305 3332 4382 τοιούτων,
3389 4305 3442 4360 ἐν
3495 4309 3576 4370 οἷς
3608 4307 3642 4376 ἡ
3673 4309 3776 4362 τοῦ

2121 4399 2254 4452 Θεοῦ
2285 4392 2513 4469 δύναμις
2543 4395 2634 4452 καὶ
2667 4393 2832 4470 σοφία
2861 4390 3150 4465 δείκνυται,
3203 4395 3292 4452 καὶ
3355 4393 3482 4449 ἰδὼν
3509 4395 3570 4450 τὸ
3600 4393 3774 4450 πέλα-

2119 4507 2214 4562 γος
2242 4484 2465 4560 ἀχανὲς,
2497 4481 2816 4556 ἀπεπήδησε
2849 4483 2985 4566 μέγα
3044 4483 3268 4558 βοήσας·
3302 4483 3392 4547 Ὦς
3425 4481 3772 4559 ἐμεγαλύνθη

2041 4568 2184 4634 1)τά
2211 4572 2344 4652 ἔργα
2374 4594 2491 4644 σου,
2545 4573 2730 4649 Κύριε’
2790 4571 2963 4627 πάντα
3020 4571 3071 4627 ἐν
3131 4571 3292 4653 σοφίᾳ
3344 4573 3624 4645 ἐποίησας,
3679 4574 3771 4628 καὶ

2125 4661 2316 4742 σοφίας
2348 4661 2648 4734 ἐνέπλησας
2675 4662 2744 4721 τὰ
2761 4681 2819 4716 τε
2848 4660 3054 4742 ἄψυχα.

2195 4753 2344 4812 Μετᾶ
2397 4749 2454 4807 δὲ
2512 4752 2675 4810 Τίτον
2735 4745 3052 4811 ἐϐασίλευσε
3109 4752 3439 4826 Δομετιανὸς
3477 4749 3775 4828 ὀάδελιρὸς

2124 4840 2288 4896 αὐτοῦ
2311 4836 2403 4918 ἔτη
2449 4842 2510 4895 ιε’
2543 4846 2718 4914 μῆνας
2750 4841 2838 4910 ια’,
2895 4839 2985 4894 καὶ
3015 4840 3224 4918 ’ἐσφάγη
3259 4839 3311 4899 ἐν
3363 4847 3446 4916 τῷ
3501 4843 3779 4914 ναῷῬώ-

2127 4952 2234 5004 μης
2261 4931 2377 4984 κατ’
2408 4923 2711 4999 ἐπιϐουλὴν
2771 4935 2872 4998 τῆς
2929 4929 3120 4987 ἑαυτοῦ
3169 4930 3426 5006 γυναικός
3503 4929 3780 5008 Διάδοχος

2121 5023 2222 5100 γὰρ
2251 5023 2543 5101 γενόμενος
2571 5025 2668 5083 τοῦ
2698 5019 2938 5102 ἀδελφοῦ
2987 5021 3048 5076 οὐ
3106 5023 3208 5092 τὴν
3265 5026 3535 5100 πατρικήν
3592 5045 3650 5082 τε
3681 5024 3778 5080 καὶ

2122 5110 2420 5189 ἀδελφικὴν
2477 5109 2748 5182 ἐζήλωσεν
2787 5109 3262 5186 ἀριστοπολιτείαν
3299 5115 3434 5188 (50),
3475 5110 3621 5168 ἀλλὰ
3675 5115 3778 5184 τήν

2120 5206 2218 5258 τοῦ
2248 5201 2502 5284 Τιρερίου
2549 5200 2640 5255 καὶ
2671 5199 2920 5278 Νέρωνος
2971 5199 3306 5280 ἀνοσιεργίαν
3353 5203 3412 5258 ὲκ
3451 5199 3774 5280 διαμέτρου.

2125 5291 2221 5346 Καὶ
2251 5289 2316 5360 δὴ
2350 5295 2454 5346 πᾶν
2487 5286 2633 5353 εἶδος
2674 5289 2864 5352 κακίας
2923 5287 3183 5359 ἐπελθὼν,
3243 5293 3562 5372 μιαιφονίας
3590 5314 3648 5348 τε
3679 5293 3774 5352 καὶ

2123 5379 2546 5458 γυναικομανίας
2603 5373 2716 5452 ἅμα
2771 5379 2860 5434 καὶ
2923 5376 3286 5454 ἀνδρομανίας
3345 5377 3630 5444 ἀνάπλεως
3680 5403 3776 5458 γει

1567 5497 1929 5555 XYLANDRI
1968 5501 2055 5556 ET
2084 5499 2298 5556 GOARl
2338 5500 2558 5555 NOTAE.

437 5595 550 5666 (50‘,
577 5595 822 5674 Adquam
846 5593 1080 5674 imperii
1107 5593 1298 5666 legem
1330 5600 1390 5650 et
1421 5595 1722 5650 laudatam
1755 5597 1816 5651 in
1848 5599 2320 5656 administranda
2349 5597 2654 5670 republica
2688 5597 3013 5666 solertiam,
3047 5599 3242 5671 potius
3282 5617 3461 5672 quam
3512 5602 3777 5674 privatos

366 5663 584 5733 meres,
617 5663 866 5734 inspice.
900 5665 1068 5716 Com.
