4118 6276
318 320 437 382 469

1495 305 2036 375 HISTORIABUM
2078 306 2623 373 COMPENDIUM.

3644 315 3767 375 4το

325 471 584 525 νομενος,
615 448 816 505 ἑαυτὸν
847 447 876 505 ὁ
908 446 1061 510 ἄθεος
1090 445 1397 505 τελευταῖον
1424 444 1716 501 ἀπεθέωσε.
1749 447 1830 518 [Ρ.
1864 444 1991 516 245]

2112 442 2266 500 lavit.
2299 443 2562 516 Indeque
2595 459 2731 500 eum
2762 460 2823 499 se
2845 444 2919 501 ob
2953 444 3402 513 truculentiam,
3427 445 3763 505 immunita.

329 542 635 599 Κάν-κεῦθεν
667 534 928 616 ἔχθιστον
982 533 1147 594 ἅπασι
1193 537 1284 591 καὶ
1333 530 1650 606 ἀπόϐλητον
1681 531 1769 588 διὰ
1794 534 1857 588 τὸ
1890 552 1997 608 φο-

332 632 488 688 νικόν
516 651 574 686 τε
600 630 697 686 καὶ
728 626 1004 705 θηριῶδες
1060 634 1162 697 τῆς
1221 630 1416 701 μιαρᾶς
1471 623 1704 703 γνώμης
1751 623 1938 678 ἑαυτὸν
1972 622 2001 676 ὁ

336 720 513 783 τάλας
569 720 884 798 ἀποφήνας,
944 717 1170 773 είκότως
1253 714 1402 789 μάλα
1468 715 1536 768 τὰ
1594 711 1846 787 ἐπίχειρα
1902 717 2003 781 τῆς

348 810 555 873 οἰκείας
589 807 902 883 δυσμενείας
957 806 1322 881 κομισάμενος
1377 806 1488 877 (Eii)
1542 801 1812 876 σῗσχίστῳ
1846 802 2002 875 μόρῳ

338 901 445 956 τὸν
498 899 734 975 μυσαρὸν
784 898 877 953 καὶ
930 892 1166 973 βέϐηλον
1219 891 1571 970 καταστρέφει
1631 890 1772 966 βίον,
1823 891 1897 953 ὡς
1927 886 2002 944 εἶ’·

340 1009 535 1063 ρηται.
571 986 747 1051 Οὗτος
780 987 879 1047 τὰς
936 983 1163 1062 γενέσεις
1219 988 1329 1039 τῶν
1390 981 1622 1056 πρώτων
1652 986 1750 1049 τῆς
1780 979 2000 1063 Ῥώμης

338 1078 602 1153 ἐρευνῶν,
657 1075 757 1131 οὐκ
811 1073 1035 1149 ὀλίγους
1090 1071 1350 1148 εὑρίσκων
1402 1069 1454 1126 έν
1512 1068 1734 1144 δυνάμει
1789 1062 2003 1122 ἔσεσθαι

339 1166 543 1240 ἀνῄρει
599 1162 689 1220 διὰ
736 1164 1082 1241 προφάσεως.
1138 1162 1313 1222 Οὗτος
1368 1154 1600 1228 διέταξεν
1629 1156 1683 1212 έν
1728 1161 1849 1218 ταῖς
1898 1157 2001 1210 πό-

340 1254 501 1311 λεσιν
536 1252 815 1328 ἀμπέλους
872 1252 948 1325 μὴ
999 1252 1260 1329 φυτεύειν.
1313 1249 1484 1310 Οὗτος
1515 1245 1643 1310 τοὺς
1672 1246 1778 1302 ἀπὸ
1809 1244 2001 1323 γένους

341 1339 520 1400 Δαϐἰδ
574 1342 665 1398 καὶ
723 1345 969 1418 Χριστοῦ
1023 1342 1359 1415 ἀναιρεῖσθαι
1413 1335 1752 1412 προσέταξεν*
1812 1330 2003 1389 ἐδεδίει

334 1435 451 1509 γὰρ
506 1435 606 1502 τὴν
655 1429 956 1507 παρουσίαν
1011 1432 1109 1484 τοῦ
1166 1429 1372 1502 Κυρίου
1430 1427 1506 1488 ὡς
1562 1426 1653 1481 καὶ
1690 1420 2001 1499 Ἡρώδηςὸ

336 1520 725 1585 παιδοκτόνος.
772 1523 885 1577 Τοῦ
931 1518 1283 1595 κηρύγματος
1332 1513 1390 1571 δὶ
1435 1512 1545 1586 ἤδη
1593 1512 1821 1588 δύναμιν
1856 1513 2004 1586 λαμ-

344 1607 616 1673 ϐάνοντος
660 1610 865 1686 ἤγαγον
922 1611 1196 1684 συγγενεῖς
1241 1608 1342 1660 τοῦ
1390 1604 1597 1679 Κυρίου
1644 1602 1781 1678 πρὸς
1830 1611 2004 1676 Δομε-

348 1700 560 1757 τιανόν.
611 1699 720 1761 Οὸς
776 1700 865 1754 καὶ
926 1698 1277 1771 ἐπηρώτησεν
1333 1693 1379 1750 εί
1432 1695 1492 1748 ἐκ
1549 1689 1717 1749 Δαϐἰδ
1744 1692 1834 1749 καὶ
1867 1695 2003 1767 Χρι-

2112 537 2230 589 tem
2262 549 2330 589 ac
2359 534 2652 607 ﬂagitiosa
2680 537 2933 592 consilia
2963 537 3241 592 omnibus
3265 538 3517 594 invisum
3543 543 3601 593 et
3626 552 3764 595 con-

2107 629 2402 696 temptum
2452 622 2828 695 reddidisset,
2888 626 3073 683 miser
3127 627 3372 683 meritas
3418 627 3760 683 domesticis

2109 716 2440 772 inimicitiis
2467 733 2669 788 pmnas
2698 716 2879 786 dedit,
2902 720 3060 775 480
3080 720 3541 792 turpissimaque
3570 726 3762 776 morte

2112 806 2461 861 sceleratam
2519 806 2731 861 clausit
2787 807 2986 863 vitam.
3047 810 3099 862 is
3165 809 3501 880 principum
3560 811 3763 865 Roma;

2108 895 2367 966 virorum
2429 895 2720 967 indagans
2772 896 3135 961 nativitates,
3198 913 3333 951 cum
3389 913 3509 953 non
3557 899 3764 970 paucis

2110 983 2375 1055 promitti
2420 999 2695 1053 magnam
2748 985 3073 1055 potentiam
3132 985 3626 1057 deprehenderet,
3661 1003 3764 1042 eos

2109 1076 2343 1143 captata
2398 1073 2708 1129 occasione
2768 1073 3023 1128 sustulit.
3089 1073 3283 1128 Edixit
3339 1092 3446 1146 per
3473 1075 3651 1131 urbes
3684 1090 3763 1131 ne

2111 1163 2244 1231 quis
2264 1163 2409 1217 vites
2430 1163 2745 1233 plantaret.
2771 1164 2932 1219 Idem
2964 1179 3177 1235 genere
3208 1164 3493 1220 Davidum
3515 1171 3573 1220 et
3595 1166 3769 1220 Chri-

2111 1257 2267 1308 stum
2300 1256 2658 1327 attingentes
2690 1254 2963 1326 conquiri
2988 1257 3189 1327 jussit,
3219 1256 3489 1327 exemplo
3517 1257 3764 1312 Herodis

2110 1342 2472 1398 infanticidia
2505 1343 2615 1399 sibi
2663 1360 2696 1399 a
2748 1345 2963 1399 Christi
2994 1345 3248 1400 adventu
3279 1351 3573 1401 metuens.
3608 1347 3772 1401 Man-

2111 1432 2315 1487 datum
2347 1432 2476 1504 ejus
2506 1433 2765 1488 ministri
2819 1435 3079 1489 exsecuti
3136 1434 3516 1490 adduxerunt
3542 1434 3766 1492 Christi

2111 1526 2391 1593 cognatos
2421 1522 2495 1577 ad
2526 1523 2969 1593 imperatorem.
3018 1524 3064 1578 li
3123 1524 3469 1597 interrogati
3502 1540 3535 1579 a
3564 1525 3771 1581 Domi-

2109 1612 2271 1665 tiano
2303 1626 2378 1665 an
2408 1627 2442 1666 a
2471 1610 2690 1666 Davido
2742 1617 2800 1666 et
2849 1611 3081 1667 Christo
3131 1627 3316 1684 genus
3348 1613 3655 1680 ducerent,
3684 1614 3767 1669 ita

2111 1715 2243 1754 esse
2271 1700 2412 1754 fassi
2445 1706 2604 1757 sunt.
2636 1702 2877 1765 Quantae
2936 1717 3094 1773 ergo,
3146 1701 3343 1775 inquit
3371 1702 3764 1770 Domitianus,

345 1794 486 1845 στοῦ
517 1788 641 1849 εἰσι,
698 1789 795 1844 Καὶ
847 1786 1238 1862 ὡμολόγησαν.
1299 1785 1405 1841 Καὶ
1461 1785 1667 1853 πόσων,
1701 1780 1825 1862 ἔφη,
1860 1800 2000 1857 χρη-

2112 1793 2318 1843 vestrm
2370 1796 2509 1843 sunt
2563 1789 2928 1845 facultates?
2975 1790 3427 1861 Responderunt
3475 1790 3769 1846 universis

345 1880 540 1953 μάτων
573 1877 845 1953 κυριεύετέ
871 1895 886 1946 ;
937 1872 1146 1945 Ἐννέα,
1195 1874 1347 1953 φασὶ,
1398 1871 1669 1949 δηναρίων
1699 1873 1751 1927 οἱ
1781 1871 1996 1940 πάντες,

339 1969 445 2023 καὶ
474 1965 724 2042 πλέθρων
752 1974 856 2042 γῆς
890 1964 1116 2042 ὀλίγων,
1166 1963 1215 2034 έξ
1274 1965 1347 2018 ὧν
1397 1962 1524 2025 τοὺς
1574 1963 1774 2041 φόρους
1805 1960 1997 2033 ἀναφέ-

342 2077 538 2131 ρομεν.
597 2055 697 2113 Καὶ
760 2054 854 2115 τὰς
912 2059 1104 2133 χεῖρας
1174 2051 1417 2126 σκληρὰς
1472 2051 1531 2111 ἐκ
1585 2058 1685 2121 τῆς
1753 2048 1999 2126 ἐργασίας

340 2142 714 2200 ἐπεδείκνάον.
747 2145 809 2201 ’0
841 2140 919 2211 δὲ,
951 2144 1046 2197 Καὶ
1092 2141 1256 2196 ὁποία
1285 2140 1367 2204 τίς
1396 2138 1539 2196 ἐστιν
1569 2142 1603 2209 ἡ
1630 2143 1728 2195 τοῦ
1759 2140 2001 2214 Χριστοῦ

347 2233 629 2309 βασιλεία,
687 2232 777 2288 καὶ
838 2232 971 2288 πότε
1044 2231 1435 2311 φανησομένη;
1493 2231 1582 2293 Ὠς
1637 2229 1699 2283 ού
1756 2229 1995 2300 κοσμική

342 2320 485 2379 ούδὶ
514 2322 769 2399 ἐπίγειος,
818 2316 1035 2399 ἔφασαν,
1096 2318 1413 2397 έπουράνιος
1468 2317 1524 2374 δὲ
1579 2319 1671 2374 καὶ
1728 2317 1815 2372 ἐπὶ
1877 2339 1999 2373 συν-

339 2412 532 2484 τελείᾳ
560 2416 670 2468 τῶν
699 2412 911 2467 αἰώνων
971 2409 1026 2466 ἐν
1084 2407 1214 2485 δόξῃ
1272 2409 1547 2488 ἐρχομένη
1586 2413 1765 2485 κρῖναι
1801 2413 2001 2478 ζῶντας

341 2503 439 2558 καὶ
498 2500 741 2577 νεκρούς.
802 2502 918 2579 Ἐφ’
978 2502 1064 2562 οἷς
1123 2500 1284 2563 αὐτὸς
1335 2498 1545 2554 τούτων
1591 2498 1998 2576 καταφρονήσας

346 2591 675 2669 ἐλευθέρους
712 2591 806 2663 μὶν
861 2589 1055 2653 αὐτοὺς
1111 2589 1325 2669 ἀφεῖναι
1383 2587 1649 2657 ἐκέλευσε,
1684 2589 1772 2643 τὸν
1815 2585 1872 2642 δέ
1898 2594 1998 2657 τῆς

344 2679 686 2751 Ἐκκλησίας
722 2677 967 2754 διωγμὸν
997 2680 1358 2735 καταπαῦσαι.
1409 2677 1582 2737 Οὗτος
1610 2679 1638 2732 ὁ
1670 2676 1998 2751 Δομετιανὸς

340 2769 592 2845 Νερούαν
645 2768 766 2823 τινά
843 2767 1132 2823 ὑπεύθυνον
1184 2763 1430 2821 ἐκέλευσε
1487 2770 1662 2835 ζῶντα
1723 2763 1998 2840 βληθῆναι

343 2857 421 2920 εἷς
479 2862 616 2932 πῦρ.
671 2859 793 2914 Τῶν
852 2852 910 2911 δὶ
967 2854 1319 2931 ἀστρονόμων
1369 2853 1631 2910 είπόντων
1692 2854 1792 2909 ὑπὸ
1844 2855 2001 2915 κυνὸς

338 2950 537 3001 τοῦτον
639 2944 1107 3015 ἀναλωθήσεσθαι,
1199 2943 1353 3005 εὐθὺς
1448 2943 1598 3005 ὑετὸς
1662 2943 2001 3018 κατενεχθεὶς

344 3034 554 3097 πολεὺς
612 3037 714 3105 τὴν
754 3034 1019 3108 πυρκαϊὰν
1084 3029 1289 3105 ἔσϐεσε,
1349 3033 1439 3088 καὶ
1496 3030 1774 3108 δεδεμένον
1808 3031 1888 3088 ἔτι
1921 3033 2000 3087 τὼ

348 3130 505 3203 χεῖρε
530 3124 685 3186 κύνες
731 3123 1012 3201 ἀφεθέντες
1065 3127 1256 3179 τοῦτον
1311 3120 1639 3201 κατέφαγον.
1672 3123 1912 3200 Λάργιος
1945 3119 2002 3175 δὲ

356 3211 684 3287 ἀστρονόμος
717 3213 864 3268 εἶπεν
899 3213 976 3276 εἰς
1006 3210 1130 3287 ὄψιν
1181 3215 1262 3285 τῷ
1319 3212 1629 3286 Δομετιανῷ
1659 3210 1999 3281 τεθνήξεσθαι

358 3301 543 3376 ἡμέρα
574 3301 726 3378 τῇδε.
793 3304 857 3363 Ὀ
915 3301 972 3358 δέ
1026 3301 1301 3359 ἐκέλευσεν
1349 3301 1509 3358 αύτὸν
1565 3300 1914 3380 φυλαχθῆναι
1947 3299 2000 3354 έν

366 3388 605 3465 δεσμοῖς,
631 3394 704 3455 ὡς
754 3392 814 3447 ἃν
864 3399 967 3462 τῆς
1022 3390 1232 3466 ἠμέρας
1293 3389 1615 3461 διελθούσης
1645 3394 1711 3465 τῇ
1742 3388 1996 3465 ἐπαύριον

357 3480 637 3556 ἀναιρήσῃ.
703 3479 883 3538 Ἀλλά
960 3481 1251 3558 σφαγέντος
1329 3481 1497 3534 αὐτοῦ
1554 3479 1655 3534 ὑπὸ
1728 3478 1999 3554 Στεφάνου

350 3566 718 3643 ἀπελευθέρου
748 3569 940 3638 αὐτοῦ,
980 3568 1224 3638 ἀπελύθη
1284 3562 1558 3639 ἀϐλαϐής.
1591 3568 1765 3629 Οὗτος
1793 3566 1998 3623 Ἀπολ-

350 3655 555 3712 λώνιον
615 3659 710 3713 τὸν
770 3658 980 3714 Τυανέα
1034 3656 1282 3731 ἀπέκειρε
1336 3657 1428 3712 καὶ
1485 3654 1703 3731 δέσμιον
1738 3656 1815 3719 είς
1846 3653 2001 3710 δικα-

342 3747 576 3818 στήριον
604 3743 796 3822 ἤγαγε.
830 3745 962 3802 Τότε
991 3744 1116 3823 φασί
1169 3747 1258 3801 καὶ
1317 3746 1381 3801 τὸ
1419 3743 1841 3820 πολυθρύλητον
1871 3743 2001 3808 ἔπος

332 3833 517 3890 έκεῖνο
548 3835 645 3891 τὸν
682 3833 1057 3892 ’Λπολλώνιον
1089 3835 1276 3891 εἰπεῖν’

348 4086 432 4145 Οὗ
468 4086 573 4163 μάν
609 4106 678 4161 με
703 4106 959 4156 κτανεεις,
1013 4086 1128 4142 έπεὶ
1186 4083 1253 4141 οὔ
1302 4108 1389 4145 τοι
1443 4087 1716 4164 μόρσιμός
1745 4089 1860 4163 εἶμι
1891 4092 2004 4164 (ὕ2)

350 4231 444 4287 καὶ
478 4228 707 4311 ἄφαντον
762 4229 1006 4307 γενέσθαι
1059 4237 1423 4307 παραχρῆμα,
1454 4234 1571 4288 κατ’
1617 4232 1783 4305 αὐτὴν
1819 4232 1875 4291 δὲ
1903 4236 2000 4304 τὴν

354 4321 502 4396 ὤραν
559 4320 844 4394 εὑρεθῆναι
903 4318 977 4382 εἷς
1032 4317 1332 4382 Ποτιόλους
1388 4322 1611 4397 ἡμερῶν
1663 4325 1828 4384 τριῶν
1885 4319 2005 4380 διά-

351 4429 556 4482 στημα.
617 4408 715 4469 Ὃς
765 4408 936 4484 εὑρὼν
992 4406 1164 4465 ἐκεῖσε
1216 4409 1305 4465 τὸν
1368 4410 1616 4482 μαθητὴν
1674 4410 1843 4466 αὐτοῦ
1902 4412 2004 4467 Ai.

356 4518 534 4571 μαντα
564 4495 885 4573 ἀνήγγειλεν
944 4497 1095 4570 αὖτῷ
1151 4497 1218 4551 τὰ
1271 4499 1390 4557 κατ’
1443 4497 1630 4569 αὐτὸν,
1663 4500 1800 4558 καθά
1830 4498 2001 4556 Φιλό-

356 4607 587 4662 στρατος
618 4588 843 4660 ἱστορεῖ.
878 4586 975 4641 Καὶ
1023 4590 1103 4658 τῷ
1166 4586 1303 4660 μετά
1354 4587 1680 4659 Δομετιανὸν
1737 4585 2000 4661 μέλλοντι

356 4673 681 4750 βασιλεῦσαι
714 4675 925 4750 Νερούᾳ
954 4676 1054 4745 τήν
1110 4672 1367 4743 τελευτὴν
1420 4675 1734 4751 γράμμασιν
1775 4676 1998 4742 οἰκείοις

350 4766 753 4839 προεσήμανεν.
823 4766 938 4841 Ἐφ’
993 4763 1057 4819 οὗ
1132 4765 1401 4837 Τιμόθεος
1461 4766 1489 4825 ὁ
1547 4766 1855 4831 ἀπόστολος
1910 4767 2000 4823 καὶ

349 4855 660 4926 Ὀνήσιμος
704 4852 1107 4931 ἐμαρτύρησαν,
1164 4855 1252 4909 καί
1311 4853 1550 4927 Κλήμης
1605 4855 1738 4931 ὑπὲρ
1766 4857 2001 4931 Χριστοῦ

348 4942 675 5018 ἀναιρεῖται,
733 4943 821 4999 καὶ
882 4944 1140 5013 Ἰωάννης
1195 4941 1586 5018 εὐαγγελιστής
1615 4943 1667 5001 ἐν
1698 4945 1900 5019 Πάτμῳ
1931 4951 1999 5021 τῇ

345 5034 501 5104 νήσῳ
531 5031 606 5094 ὡς
641 5030 932 5095 ὑπεύθυνος
971 5030 1281 5107 έξορίζεται.

419 5122 483 5178 Ὀ
514 5122 601 5196 [Ρ.
636 5123 761 5193 246]
796 5117 853 5175 δὲ
883 5117 1259 5182 Ἀπολλώνιος
1311 5120 1416 5176 ἀπὸ
1469 5122 1690 5196 Ῥώμης
1721 5119 1895 5187 ἐλθὼν
1926 5122 2003 5191 εἷς

344 5211 409 5266 τὸ
451 5210 763 5283 Βυζάντιον,
822 5207 913 5267 καὶ
968 5208 1342 5284 παρακληθεὶς
1402 5210 1505 5266 ὑπὸ
1554 5215 1661 5267 τῶν
1716 5211 2001 5285 ἐντοπίων,

2111 1893 2239 1932 esse
2274 1893 2483 1933 novem
2525 1878 2801 1933 denarios
2860 1884 2917 1932 et
2973 1894 3161 1950 pauca
3190 1879 3312 1950 agri
3337 1880 3569 1951 jugera,
3604 1879 3762 1934 unde

2112 1966 2396 2021 tributum
2442 1966 2711 2021 solvant:
2766 1967 2944 2021 simul
3002 1973 3061 2022 et
3114 1984 3351 2033 manus,
3386 1985 3516 2038 quas
3576 1968 3760 2022 callos

2111 2054 2404 2111 duxerant
2434 2072 2611 2126 opere
2641 2054 2940 2120 faciundo,
2966 2056 3372 2111 ostenderunt.
3397 2057 3542 2110 Tum
3569 2056 3758 2127 impe-

2109 2149 2306 2199 rator:
2341 2146 2411 2199 Et
2435 2145 2734 2215 quodnam
2769 2150 2859 2200 est
2883 2145 3098 2199 Christi
3129 2160 3399 2216 regnum,
3423 2162 3490 2200 ac
3521 2146 3760 2217 quando

2110 2235 2389 2308 appetet?
2410 2235 2865 2307 Responderunt
2886 2251 3007 2291 non
3029 2250 3155 2290 esse
3170 2235 3542 2290 mundanum
3566 2251 3763 2306 neque

2110 2329 2435 2393 terrenum,
2471 2324 2576 2380 sed
2606 2324 2865 2389 caeleste,
2899 2329 2957 2379 et
2990 2324 3288 2379 Christum
3319 2324 3381 2378 in
3411 2324 3530 2378 fine
3556 2324 3767 2379 mundi

2109 2412 2170 2467 id
2202 2413 2516 2478 initurum,
2547 2414 2649 2468 ubi
2680 2413 2751 2467 de
2780 2412 2920 2467 vivis
2956 2413 3033 2468 sit
3080 2417 3140 2468 et
3184 2412 3437 2467 mortuis
3461 2412 3767 2485 judicatu-

2109 2519 2232 2557 rus.
2275 2500 2358 2557 Ob
2415 2502 2542 2558 hinc
2581 2503 2899 2574 imperator
2954 2502 3083 2558 istis
3142 2500 3488 2557 hominibus
3523 2501 3760 2572 spretis,

2108 2591 2381 2647 libertate
2412 2591 2651 2647 donavit
2680 2597 2865 2660 eos,et
2895 2607 2928 2646 ο
2952 2590 3384 2663 prosequendis
3410 2589 3761 2645 Christianis

2113 2680 2318 2735 desisti
2342 2681 2542 2753 jussit.
2570 2681 2625 2735 Is
2650 2680 3021 2735 Domitianus
3044 2682 3292 2735 Nervam
3325 2679 3643 2750 quemdam
3674 2679 3761 2733 rei

2111 2769 2382 2845 capitalis
2413 2770 2761 2825 damnatum
2782 2770 2976 2823 vivum
3007 2770 3068 2823 in
3092 2769 3292 2841 ignem
3318 2768 3534 2839 conjici
3559 2768 3764 2840 jussit.

2109 2858 2434 2930 Astrologis
2467 2863 2663 2914 autem
2685 2858 3145 2930 praedicentibus
3173 2873 3308 2911 eum
3340 2872 3373 2911 a
3402 2872 3551 2910 cane
3581 2856 3770 2911 lania-

2111 2951 2235 3001 tum
2295 2946 2390 3012 iri,
2453 2947 2652 3000 statim
2727 2945 2926 3018 largus
3000 2944 3196 2999 imber
3260 2943 3502 2998 obortus
3558 2959 3766 3017 rogum

2112 3036 2414 3099 exstinxit,
2448 3041 2506 3089 et
2534 3034 2788 3089 immissi
2836 3036 3036 3088 Nervas
3094 3033 3288 3088 adhuc
3319 3048 3535 3087 manus
3584 3032 3765 3104 ligato

2113 3140 2290 3180 canes
2322 3140 2457 3178 eum
2489 3123 2939 3178 devoraverunt.
2996 3122 3236 3195 Largius
3266 3137 3402 3176 vero
3435 3120 3766 3193 astrologus

2113 3215 2175 3268 in
2196 3212 2407 3268 faciem
2427 3210 2758 3267 Domitiano
2776 3211 2925 3267 dixit
2946 3227 3081 3266 eum
3103 3210 3197 3266 die
3216 3226 3393 3281 quam
3416 3209 3769 3265 nominabat

2112 3303 2490 3358 moriturum.
2552 3301 2923 3357 Domitianus
2978 3315 3109 3356 eum
3159 3299 3377 3356 servari
3425 3299 3487 3354 in
3518 3299 3768 3354 vinculis

2103 3392 2307 3465 jussit,
2341 3398 2399 3447 et
2428 3408 2497 3447 ea
2528 3391 2620 3447 die
2654 3396 2858 3448 exacta
2891 3392 3041 3447 481
3078 3389 3365 3462 postridie
3406 3388 3763 3445 necandum.

2114 3482 2226 3538 Sed
2258 3482 2636 3553 imperatore,
2668 3482 2753 3536 uti
2785 3480 3156 3553 praedixerat.
3183 3479 3399 3547 occiso,
3432 3478 3546 3533 fuit
3574 3494 3609 3534 a
3639 3480 3769 3534 Ste-

2114 3571 2311 3643 phano
2340 3570 2553 3626 liberto
2584 3569 2764 3640 illius,
2797 3570 2926 3625 sine
2957 3585 3112 3625 noxa
3140 3568 3443 3623 dimissus.
3477 3569 3531 3622 Is
3562 3568 3767 3622 Domi-

2113 3663 2311 3716 tianus
2345 3659 2730 3731 Apollonium
2761 3659 3061 3731 Tyaneum
3106 3663 3344 3711 tonsum
3377 3657 3764 3726 vinctumque

2115 3751 2190 3805 ad
2220 3748 2477 3805 tribunal
2505 3747 2767 3803 adduxit.
2800 3746 2923 3811 Quo
2955 3753 3220 3816 tempore
3252 3745 3453 3798 ferunt
3488 3743 3548 3797 id
3579 3744 3763 3798 fuisse

2113 3840 2186 3895 ab
2233 3837 2543 3910 Apollonio
2575 3836 2800 3891 dictum
2839 3834 2998 3905 quod
3040 3832 3306 3889 omnium
3360 3830 3574 3886 deinde
3638 3847 3762 3885 ser-

2113 3943 2288 3984 mone
2320 3931 2410 3981 est
2438 3923 2823 3981 celebratum.

2184 4093 2269 4147 Me
2293 4104 2404 4144 non
2451 4088 2772 4150 interimas;
2818 4099 2931 4139 non
2961 4084 3062 4138 hoc
3106 4081 3211 4138 tibi
3237 4085 3363 4151 fata
3401 4081 3690 4148 dederunt,

2116 4228 2414 4301 simulque
2445 4224 2639 4283 subito
2671 4222 3016 4297 conspectui
3049 4220 3359 4279 hominum
3401 4218 3761 4275 subductum

2114 4320 2319 4387 fuisse,
2352 4318 2776 4388 inventumque
2808 4312 3017 4371 eadem
3065 4311 3214 4369 hora
3259 4308 3545 4377 Puteolis,
3578 4306 3765 4363 tridui

2116 4428 2150 4467 a
2174 4412 2360 4469 Roma
2387 4407 2620 4474 itinere,
2674 4401 2963 4474 discipulo
3025 4417 3130 4457 suo
3164 4398 3395 4459 Damidi
3422 4396 3644 4457 ibidem
3676 4411 3766 4450 re-

2114 4506 2302 4575 perto,
2327 4498 2469 4573 quid
2491 4513 2693 4555 secum
2716 4495 2925 4553 fuisset
2945 4498 3141 4551 actum
3165 4491 3528 4564 exposuisse.
3545 4492 3764 4547 Auctor

2111 4591 2522 4650 Philostratus.
2584 4587 2687 4643 Hic
2745 4583 3095 4659 Apollonius
3153 4584 3374 4649 Nervae,
3419 4579 3521 4653 qui
3567 4578 3765 4638 fuerat

2111 4681 2446 4739 Domitiano
2492 4691 2896 4742 successurus,
2953 4673 3174 4733 exitum
3232 4670 3489 4747 propriis
3545 4666 3761 4727 litteris

2115 4766 2743 4844 praadixitDomitiano
2767 4765 3099 4837 imperante
3120 4761 3452 4819 doctrinam
3475 4758 3764 4819 Christia—

2111 4876 2249 4917 nam
2266 4859 2607 4917 Timotheus
2623 4854 2926 4926 apostolus
2940 4851 3322 4908 etOnesimus
3344 4866 3448 4905 suo
3468 4846 3759 4919 supplicio

2112 4950 2573 5012 conﬁrmarunt;
2593 4947 2855 5015 itemque
2872 4942 3230 5009 Clemens,et
3249 4941 3503 4995 Joannes
3521 4951 3761 5007 evange-

2110 5038 2249 5095 lista
2269 5038 2583 5095 damnatus
2615 5035 2676 5091 in
2706 5031 2964 5091 insulam
2997 5032 3244 5087 Patmon
3276 5032 3364 5082 est
3393 5026 3758 5097 deportatus.

2182 5129 2473 5183 Cmterum
2505 5120 2855 5193 Apollonius
2888 5121 3070 5177 Roma
3102 5114 3438 5191 Byzantium
3464 5111 3761 5188 profectus

2112 5221 2319 5287 rogatu
2350 5213 2564 5269 civium
2597 5226 2665 5265 ea
2704 5208 2849 5268 urbe
2897 5204 3345 5265 multitudinem
3375 5200 3659 5277 anguium
3691 5216 3759 5261 ac

1562 5339 1926 5395 XYLANDRI
1965 5341 2049 5394 ET
2086 5341 2304 5395 GOARI
2342 5338 2567 5392 NOTzE.

408 5461 649 5545 (51).ᾼᾴ
680 5459 964 5545 verbum:
1010 5461 1464 5545 promeritanjam
1493 5463 1625 5523 olim
1654 5465 1860 5521 innate
1888 5466 1998 5523 sibi

346 5533 653 5607 ferocitatis
676 5534 918 5602 pra-‘mia
945 5533 1480 5607 reportavitsGoan.

419 5608 536 5677 (52)
571 5605 792 5660 Versus
808 5609 915 5677 est
941 5603 1012 5677 de
1042 5604 1213 5677 initio
1237 5604 1452 5677 Iliadis.
1486 5607 1810 5662 Homericus
1860 5606 1996 5662 libri

348 5674 486 5753 xxii,
519 5693 643 5749 quo
676 5674 886 5747 Apollo
915 5675 1204 5732 Achillem
1234 5692 1269 5731 a
1300 5692 1362 5732 se
1393 5676 1759 5748 insequendo
1784 5678 1999 5734 dehor-

2108 5467 2283 5521 tatur.
2313 5463 2389 5534 Dc
2414 5458 2725 5534 Apollonio
2748 5458 2940 5534 exstat
2953 5451 3551 5534 justum_Philostrati
3585 5468 3753 5524 opus,

2107 5539 2165 5588 et
2195 5535 2321 5588 hrec
2348 5524 2552 5587 fabula
2585 5535 2673 5586 est
2702 5530 2763 5583 in
2796 5528 2837 5583 ι.
2862 5524 2974 5581 vui.
3004 5524 3311 5580 Damidem
3340 5540 3598 5595 quoque,
3630 5538 3755 5577 non

2108 5608 2457 5661 Damantem
2488 5603 2600 5675 legi
2632 5601 2846 5656 debere
2878 5597 3019 5653 satis
3067 5614 3140 5652 ex
3172 5613 3261 5667 eo,
3295 5596 3474 5653 Suida
3503 5595 3752 5664 aliisque

2106 5682 2355 5733 constat.
2388 5677 2526 5730 XYL.
