4118 6288
355 287 473 346 471

1719 277 2046 342 GEORGII
2087 277 2445 342 GEDRENI

3642 285 3766 344 472

357 419 726 490 scorpiorum
759 415 1086 488 expulit,ne
1109 413 1204 469 cui
1227 429 1404 486 porro
1436 413 1666 470 homini
1700 414 2008 468 nocerent.

2125 408 2353 480 ἐποίησε
2409 413 2594 481 ταῦτα,
2654 409 2992 488 φυγαδεύσας
3049 414 3112 469 τὸ
3166 412 3381 484 πλῆθος
3431 419 3540 470 τῶν
3587 413 3769 489 ὄφεων

354 508 656 578 Equorum
687 506 864 560 etiam
897 504 960 558 in
985 503 1376 558 conventibus
1402 503 1740 575 principum
1762 500 2004 556 confuse

350 595 770 651 ferocientium
799 593 1217 664 intemperiem
1266 593 1604 648 refrenavit.
1635 591 1799 646 Idem
1827 590 1901 645 ab
1932 605 2001 644 eo

353 685 696 752 Antiochiae,
729 699 864 738 cum
896 699 964 738 eo
997 683 1276 748 venisset,
1310 683 1698 755 efﬂagitatum
1721 685 1828 736 est.
1860 679 2006 734 Cum

351 775 513 830 enim
543 774 975 829 Antiochenses
1005 789 1040 828 a
1071 773 1321 845 scorpiis
1361 778 1420 827 et
1449 771 1737 827 culicibus
1768 769 2004 824 divexa-

349 869 579 931 rentur,
606 879 828 938 sareum
864 863 988 934 ipse
1043 861 1345 934 scorpium
1376 860 1675 928 conﬂavit,
1709 871 2006 930 supraque

353 969 490 1008 eum
521 954 582 1006 in
615 957 774 1008 terra
801 952 1138 1022 depositum
1171 967 1350 1023 parva
1376 956 1575 1006 erecta
1603 950 1883 1006 columna
1911 965 2011 1020 po-

349 1042 490 1114 pulo
515 1042 698 1114 jussit
743 1045 810 1096 ut
864 1041 1126 1096 calamos
1189 1044 1508 1111 gestarent,
1543 1054 1766 1110 perque
1797 1035 2007 1092 urbem

349 1131 694 1197 circuirent,
727 1135 784 1184 et
828 1129 1090 1184 calamos
1146 1127 1558 1183 concutientes
1594 1127 2004 1182 inclamarent.

349 1221 530 1274 Vacet
565 1219 708 1274 urbs
742 1217 1054 1273 culicibus.
1111 1218 1266 1274 482
1320 1219 1401 1272 Eo
1438 1215 1616 1272 modo
1679 1220 1738 1270 et
1791 1211 2008 1284 scorpii

348 1313 407 1364 et
436 1307 655 1364 culices
686 1323 756 1362 ea
801 1323 870 1360 ex
900 1306 1047 1361 urbe
1095 1305 1391 1378 profligati
1443 1309 1600 1361 sunt.
1633 1304 1780 1358 Cum
1809 1308 2008 1357 autem

345 1402 654 1470 peteretur
685 1397 758 1452 ab
793 1414 862 1452 eo
893 1402 959 1452 ut
989 1401 1156 1450 terrae
1190 1400 1387 1451 motus
1414 1394 1630 1466 quibus
1658 1392 2010 1464 affligeban-

346 1491 446 1542 tur
474 1491 784 1552 averteret,
819 1484 1217 1558 ingemiscens
1273 1485 1334 1538 in
1366 1483 1588 1539 tabulis
1621 1483 1704 1536 ita
1733 1481 2008 1552 scripsit:

353 1577 449 1630 Vas
481 1575 609 1642 tibi,
633 1575 855 1630 misera
877 1574 1039 1640 urbs,
1065 1574 1348 1644 quoniam
1372 1578 1545 1628 terra;
1568 1571 1830 1626 motibus
1861 1569 2010 1624 mul-

351 1665 428 1720 tis
486 1663 902 1734 incendiisque
959 1661 1376 1734 prosterneris,
1439 1668 1615 1733 teque
1655 1661 1907 1716 Orontes
1935 1657 2010 1714 ad

2109 497 2201 553 καὶ
2233 499 2506 574 σκορπίων
2561 501 2622 556 ἐκ
2675 508 2777 572 τῆς
2836 501 3076 574 πόλεως,
3134 499 3274 558 ὥστε
3336 504 3413 576 μή
3462 502 3770 560 ἀδικεῖσθαι

2115 588 2208 642 ὑπ’
2239 588 2414 644 αὐτῶν
2443 587 2570 651 τοὺς
2600 588 2940 666 ἀνθρώπους,
2990 590 3080 646 καὶ
3128 595 3236 646 τῶν
3283 589 3470 646 ’ίππων
3501 595 3602 664 τήν
3635 594 3769 650 ἀτα-

2111 676 2224 750 ξίαν
2258 676 2571 752 χαλινώσας
2630 678 2682 734 ἐν
2723 684 2843 744 ταῖς
2894 680 3234 736 συνελεύσεσι
3279 685 3387 737 τῶν
3456 685 3771 758 ἀρχόντων.

2111 765 2382 830 Ὡσαύτως
2436 767 2526 822 καὶ
2575 767 2652 830 εἷς
2714 767 3056 848 Ἀντιόχειαν
3114 771 3553 846 παραγενόμενος
3587 771 3773 828 δυσω-

2111 857 2306 926 πηθεὶς
2365 855 2606 928 ἐποίησε.
2661 859 3108 932 Τυραννουμένων
3159 861 3263 935 γάρ
3291 865 3400 915 τῶν
3433 862 3769 938 Ἀντιοχέων

2117 945 2220 1000 ὑπὸ
2269 949 2380 1000 τῶν
2419 947 2692 1020 σκορπίων
2753 947 2842 1002 καὶ
2901 949 3200 1021 κωνώπων,
3255 951 3492 1020 ποιήσας
3545 950 3764 1026 χαλκὸν

2112 1033 2377 1109 σκορπίον
2433 1035 2524 1090 καὶ
2581 1037 2768 1112 χώσας
2823 1035 2982 1092 αὐτὸν
3059 1035 3112 1092 ἐν
3165 1041 3233 1112 τῇ
3286 1043 3357 1113 γῇ
3409 1041 3500 1094 καὶ
3563 1042 3760 1115 μικρὸν

2113 1121 2408 1194 ἐπιστήσας
2464 1123 2645 1180 ἐπάνω
2699 1124 2876 1196 κίονα,
2961 1126 3242 1200 βαστάζειν
3328 1131 3618 1201 προσέταξε
3673 1151 3774 1185 κα-

2115 1211 2327 1285 λάμους
2383 1217 2463 1286 τῷ
2523 1213 2664 1286 λαῷ,
2718 1213 2811 1270 καὶ
2867 1214 3334 1290 περιερχομὲνους
3383 1217 3435 1272 ἐν
3500 1223 3568 1292 τῇ
3601 1217 3773 1275 πόλει

2113 1301 2349 1375 κράζειν,
2410 1303 2538 1365 τοὺς
2593 1303 2878 1376 καλάμους
2936 1303 3288 1376 ἐπισείοντας,
3366 1306 3666 1364 ’Δκώνωπα
3694 1313 3766 1383 τῇ

2111 1389 2297 1448 πόλει.
2331 1391 2431 1446 Καὶ
2486 1391 2660 1456 οὕτως
2711 1389 3136 1466 ἑξηφανίσθησαν
3187 1392 3248 1448 ἐκ
3299 1401 3398 1464 τῆς
3454 1394 3668 1459 πόλεως
3711 1399 3765 1453 οἳ

2113 1501 2173 1536 τε
2201 1481 2455 1556 σκορπίοι
2485 1482 2577 1537 καὶ
2626 1483 2678 1537 οἱ
2729 1485 3012 1546 κώνωπες.
3069 1485 3328 1555 Αῗτηθείς
3384 1483 3442 1542 δὲ
3495 1488 3585 1542 καὶ
3637 1488 3767 1562 περὶ

2113 1574 2222 1624 τῶν
2280 1568 2633 1642 ἐπικειμένων
2689 1571 2826 1646 αὐτῇ
2901 1577 3159 1646 σεισμῶν,
3232 1576 3479 1644 στενάξας
3535 1569 3772 1652 ἔγραψεν

2116 1656 2168 1712 ἐν
2199 1655 2452 1734 διπτύχῳ
2481 1661 2668 1714 ταῦτα·
2702 1659 2837 1718 Οὐαί
2895 1681 3004 1730 σοι,
3063 1659 3293 1717 τάλαινα
3318 1661 3506 1733 πόλις,
3539 1663 3626 1720 ὅτι
3657 1687 3776 1720 σει-

350 1753 512 1824 ripas
543 1769 679 1808 suas
729 1751 991 1807 deﬂebit.
1054 1753 1135 1807 De
1195 1752 1306 1806 hoc
1363 1766 1616 1822 magnus
1661 1748 2008 1804 Anastasius

2117 1753 2306 1820 σμοῖσι
2337 1747 2577 1812 πολλοῖς
2607 1749 2697 1805 καὶ
2745 1755 2974 1825 πυρσοῖς
3029 1755 3428 1828 κατενεχθήσῃ.
3465 1752 3775 1810 Κλαύσεται

349 1840 663 1912 Theopolis
718 1841 1032 1912 episcopus
1091 1840 1174 1895 ita
1229 1839 1470 1894 scribit:
1523 1837 1888 1904 Quibusdam
1946 1837 2010 1891 in

351 1929 500 1984 locis
529 1930 605 1984 ad
633 1931 791 1984 hunc
821 1945 1009 1999 usque
1039 1929 1198 1984 diem
1224 1928 1524 2000 Apollonii
1553 1942 1735 1998 opera
1764 1931 1926 1981 stant
1953 1931 2014 1980 et

349 2033 517 2073 suam
544 2017 765 2072 habent
795 2016 1230 2083 efficacitatem,
1262 2017 1382 2072 alia
1428 2015 1914 2088 quadrupedibus
1944 2030 2012 2070 ac

347 2105 687 2162 volucribus
745 2105 1049 2161 damnosis
1098 2105 1455 2176 avertendis,
1488 2105 1604 2161 alia
1655 2104 1730 2159 ad
1787 2102 2011 2158 inordi-

352 2201 524 2252 natos
545 2195 813 2251 amnium
841 2211 1123 2250 excursus
1147 2194 1653 2264 inhibendos,alia
1675 2193 1809 2249 aliis
1833 2192 2012 2247 rebus

353 2303 484 2357 quae
526 2283 870 2340 hominibus
927 2285 1352 2340 detrimentum
1409 2285 1664 2339 aﬂ‘erent
1715 2281 2008 2337 arcendis.

351 2377 553 2446 Neque
588 2391 654 2429 eo
687 2378 920 2428 tantum
951 2373 1079 2428 vivo
1113 2373 1414 2428 daemones
1463 2389 1569 2444 per
1599 2371 1795 2444 ipsum
1827 2375 1914 2425 tot
1944 2386 2012 2424 ac

348 2464 491 2520 talia
520 2468 786 2534 egerunt,
813 2462 918 2518 sed
939 2463 1068 2534 ipso
1103 2462 1283 2518 etiam
1315 2467 1548 2516 mortuo
1579 2460 1654 2516 ad
1681 2459 2010 2515 monimen-

353 2560 481 2610 tum
531 2553 662 2625 ejus
717 2557 1260 2624 perseveraverunt,
1309 2557 1484 2623 atque
1545 2551 1735 2623 ipsius
1767 2550 2010 2605 nomine

350 2643 644 2700 miracula
672 2641 946 2713 quasdam
1000 2641 1317 2696 ediderunt
1337 2640 1419 2695 ad
1449 2639 1867 2711 decipiendum
1897 2639 2004 2693 mi-

359 2751 524 2790 seros
553 2733 847 2800 homines,
890 2732 991 2802 qui
1048 2731 1220 2786 facile
1270 2729 1613 2802 hujusmodi
1645 2729 1824 2785 rebus
1875 2745 1938 2784 se
1978 2745 2014 2784 a

353 2821 585 2880 diabolo
617 2823 678 2876 in
707 2821 980 2878 fraudem
1035 2820 1238 2876 induci
1296 2821 1624 2892 patiuntur.
1667 2818 1819 2884 Quid
1849 2819 2011 2873 enim

355 2912 550 2968 dicam
581 2911 653 2966 de
685 2909 1056 2966 Manethonis
1104 2909 1348 2980 magicis
1382 2907 1662 2980 operibus
1685 2908 1714 2963 ?
1745 2907 1846 2978 qui
1879 2912 2010 2962 tan-

353 3006 448 3056 tus
476 2999 591 3056 fuit
618 2999 868 3054 istarum
899 2999 1366 3070 imposturarum
1415 2996 1648 3062 artifex,
1679 3000 1748 3051 ut
1779 3011 2014 3066 semper

348 3091 548 3164 palam
580 3091 958 3161 Apollonium
988 3089 1242 3146 irriserit
1270 3095 1336 3145 ut
1383 3105 1504 3144 non
1533 3089 1798 3160 perfecta
1827 3087 2008 3159 hujus

349 3181 635 3240 doctrina)
649 3179 862 3250 peritia
875 3179 1231 3234 instructum
1247 3177 1588 3250 :Oportebat
1600 3178 1758 3232 enim
1769 3176 2004 3244 ,aiebat.

353 3284 510 3335 eum,
545 3266 719 3332 sicuti
778 3283 882 3338 ego
937 3267 1123 3331 soleo,
1166 3266 1310 3320 solis
1339 3265 1532 3320 verbis
1561 3266 1846 3336 perﬁcere
1877 3281 2009 3335 quas

349 3357 549 3422 vellet,
591 3370 714 3409 non
763 3371 1012 3426 operum
1064 3353 1479 3409 effectionibus
1513 3352 1588 3408 ad
1621 3369 1690 3408 ea
1721 3353 1825 3408 uti.
1877 3354 2011 3406 Haac

354 3449 554 3501 autem
571 3443 773 3498 omnia
789 3441 890 3496 Dei
908 3442 1205 3512 permissu
1224 3447 1281 3496 et
1299 3441 1640 3495 daamonum
1663 3440 2010 3496 efficacitate

354 3537 528 3602 ﬁunt,
559 3539 627 3590 ut
654 3531 996 3604 hujusmodi
1033 3531 1209 3587 rebus
1258 3548 1394 3586 vera
1438 3536 1642 3586 nostra
1673 3531 2013 3602 exploretur

359 3623 530 3692 ﬁdes,
561 3623 814 3677 ﬁrmane
845 3637 915 3676 ea
943 3619 1021 3674 sit
1059 3625 1120 3675 et
1146 3620 1262 3675 ﬁxa
1292 3619 1660 3690 Dominoque
1704 3619 1858 3675 488
1906 3619 2011 3674 ad-

357 3713 614 3780 haarens,
645 3727 840 3783 neque
874 3710 947 3766 ab
1005 3726 1074 3765 eo
1133 3726 1194 3764 se
1243 3708 1418 3764 avelli
1459 3709 1664 3764 sinens
1695 3708 2009 3781 praestigiis

357 3801 488 3857 istis
508 3817 576 3856 ac
606 3799 914 3856 diabolicis
943 3797 1248 3871 prodigiis,
1283 3815 1413 3869 quin
1444 3797 1777 3853 ministerio
1809 3814 2008 3852 servo-

355 3906 489 3944 rum
518 3887 918 3960 improbitatis
949 3887 1228 3942 eduntur.
1260 3887 1486 3959 Quippe
1513 3887 1690 3943 etiam
1723 3887 1825 3942 Dei
1857 3903 2011 3958 prai-

355 3984 624 4036 texentes
652 3993 875 4032 nomen
904 3975 1173 4032 nonnulli
1199 3976 1500 4032 vaticinati
1533 3983 1690 4042 sunt,
1717 3982 1784 4031 ut
1804 3976 2006 4031 Balaa-

356 4083 510 4134 mus,
544 4064 754 4122 Saulus
784 4071 842 4120 et
879 4064 1312 4136 Caiaphas.Alii
1371 4065 1560 4120 malos
1608 4064 1812 4138 genios
1868 4064 2010 4120 abe-

353 4161 587 4230 gerunt,
618 4160 684 4211 ut
707 4155 884 4210 ludas
943 4161 1003 4209 et
1060 4155 1166 4210 filii
1228 4156 1443 4211 Scevce.
1479 4158 1563 4211 lta
1593 4156 1783 4227 gratia
1811 4155 2009 4210 divina

355 4247 534 4301 etiam
565 4261 673 4316 per
701 4243 978 4316 indignos
1001 4243 1323 4316 aliquando
1353 4250 1630 4315 operatur
1661 4249 1724 4298 ut
1754 4244 1886 4299 aliis
1911 4243 2009 4298 be-

352 4333 634 4390 nefaciat.
657 4336 804 4390 Nam
827 4333 1140 4388 Balaamus
1163 4349 1357 4403 neque
1373 4338 1534 4388 recte
1555 4333 1789 4388 vivebat
1813 4349 2006 4403 neque

353 4441 490 4480 vera
519 4428 646 4478 erat
677 4423 792 4478 fide
824 4421 1147 4492 praaditus:
1202 4427 1260 4476 et
1309 4427 1511 4477 tamen
1553 4421 1652 4476 Dei
1684 4422 1873 4494 gratia
1903 4437 2010 4493 per

2119 1834 2176 1890 δέ
2206 1857 2264 1892 σε
2290 1837 2379 1892 καὶ
2411 1838 2440 1892 6
2470 1840 2598 1912 παρ’
2628 1837 2908 1914 αἰγιαλοῖς
2963 1835 3249 1915 Ὀρόντης.
3305 1841 3436 1916 Περὶ
3490 1844 3552 1898 οὗ
3589 1844 3777 1917 μέντοι

2116 1925 2206 1982 καὶ
2237 1927 2266 1980 6
2305 1924 2475 2003 μέγας
2507 1927 2858 1991 Ἀναστάσιος
2922 1928 3281 1992 Θεουπόλεώς
3335 1951 3518 2009 φησιν·
3551 1933 3772 1990 Ἀπολ-

2119 2013 2324 2070 λωνίου
2382 2012 2440 2069 δὲ
2499 2017 2668 2094 μέχρι
2727 2020 2818 2071 νῦν
2877 2016 2932 2072 ἓν
2986 2039 3098 2073 τισι
3156 2020 3350 2082 τόποις
3400 2020 3675 2096 ἐνεργοῦσι
3706 2022 3776 2078 τά

2118 2103 2533 2177 ἀποτελέσματα
2617 2105 2894 2178 ἱστάμενα,
2976 2107 3045 2162 τά
3125 2109 3217 2181 μὲν
3296 2109 3371 2172 εἲς
3446 2109 3771 2185 ἀποτροπὴν

2117 2195 2273 2263 ζώων
2323 2191 2670 2269 τετραπόδων
2724 2196 2816 2250 καὶ
2855 2201 3111 2252 πετεινῶν
3163 2197 3425 2274 βλάπτειν
3459 2197 3766 2274 δυναμένων

2115 2280 2458 2356 ἀνθρώπους,
2517 2281 2682 2339 τὰδὲ
2742 2283 2818 2347 εἰς
2897 2283 3112 2361 ἐποχὴν
3171 2287 3455 2362 ῥευμάτων
3512 2295 3774 2364 ποταμοῦ

2115 2369 2379 2458 ἀτάκτωςᾼ
2417 2374 2740 2452 φερομένου,
2797 2374 2890 2430 καὶ
2946 2373 3094 2431 ἄλλα
3149 2375 3226 2439 εἷς
3284 2372 3441 2452 ἔτερα
3478 2377 3570 2432 ἐπὶ
3599 2382 3780 2458 φθορᾷ

2114 2459 2206 2516 καὶ
2238 2455 2420 2535 βλάϐῃ
2448 2461 2747 2538 ἀνθρώπων
2811 2465 3134 2540 ὑπάρχοντα
3196 2467 3541 2540 ἀποτρόπαια
3581 2455 3782 2524 *ἔσταν-

2113 2569 2223 2604 ται.
2256 2549 2365 2604 Μαέ
2425 2549 2486 2604 οὐ
2550 2546 2714 2622 μόνον
2765 2551 2818 2606 ἐν
2874 2557 2943 2627 τῇ
3003 2556 3122 2626 ζωῇ
3177 2555 3346 2610 αὐτοῦ
3388 2559 3556 2612 ταῦτα
3584 2557 3675 2612 καὶ
3705 2558 3778 2614 τά

2113 2637 2337 2695 τοιαῦτα
2388 2638 2706 2718 εἰργάσαντο
2767 2642 2816 2696 οἰ
2883 2640 3140 2716 δαίμονες
3187 2642 3254 2699 δι’
3303 2645 3492 2714 αὐτοῦ,
3540 2645 3689 2702 ἀλλά
3711 2669 3774 2723 γε

2113 2729 2202 2784 καὶ
2265 2729 2400 2801 μετὰ
2457 2731 2558 2800 τήν
2640 2729 2900 2800 τελευτὴν
2988 2731 3153 2788 αὐτοῦ
3236 2733 3636 2808 παραμένοντες
3689 2741 3770 2810 τῷ

2121 2819 2366 2891 μνήματι
2398 2818 2567 2873 αὐτοῦ
2620 2819 2824 2893 σημεῖά
2878 2841 3000 2876 τινα
3057 2818 3107 2893 ἐξ
3167 2821 3442 2895 ὀνόματος
3476 2824 3640 2880 αὐτοῦ
3671 2824 3764 2880 ἒπ-

2118 2907 2364 2962 ετέλεσαν
2393 2907 2530 2982 πρὸς
2579 2906 2788 2979 ἀπάτην
2837 2913 2945 2964 τῶν
3001 2907 3250 2965 ἐλεεινῶν
3307 2911 3622 2986 ἀνθρώπων,
3649 2917 3756 2967 τῶν

2118 2993 2318 3070 ῥᾳδίως
2374 2995 2864 3070 ὑποκλεπτομένων
2931 2997 3006 3060 εἰς
3085 2998 3152 3054 τὰ
3228 3004 3454 3056 τοιαῦτα
3512 3000 3609 3056 ὑπὸ
3659 3005 3757 3056 τοῦ

2121 3079 2408 3142 διαϐόλου.
2439 3082 2502 3138 Τί
2533 3082 2594 3138 ἅν
2639 3105 2724 3147 τις
2775 3083 2924 3141 εἷ’ποι
2971 3087 3092 3162 περὶ
3141 3091 3250 3142 τῶν
3293 3088 3430 3144 κατὰ
3468 3091 3766 3146 Μανέθωνα

2120 3176 2368 3248 μαγικῶν
2398 3169 2570 3249 ἔργων
2598 3193 2612 3244 ;
2644 3175 2704 3237 ’ὀς
2732 3179 2985 3237 τοιοῦτος
3034 3177 3200 3248 ἄκρος
3250 3178 3434 3252 γέγονε
3459 3183 3529 3252 τῇ
3564 3182 3768 3253 μαγικῇ

2119 3261 2295 3336 ἀπάτῃ
2333 3259 2471 3316 ὥστε
2502 3257 2858 3334 ἀεὶκέσκωπτε
2901 3261 3202 3340 προδήλως
3247 3266 3340 3322 τὸν
3388 3267 3768 3324 Ἀπολλώνιον

2117 3350 2194 3412 ὡς
2225 3351 2301 3424 μή
2353 3345 2552 3424 ἀκριϐῆ
2605 3353 2704 3421 τήν
2761 3353 2879 3408 κατ’
2919 3352 3112 3414 αὐτοὺς
3170 3352 3544 3435 φιλοσοφικῆν
3573 3355 3765 3430 ἐμπει-

2118 3438 2232 3513 ρίαν
2262 3437 2560 3514 ἐσχηκὸτα.
2601 3437 2750 3496 Ἐδει
2801 3440 2901 3514 γάρ
2961 3441 3150 3512 αὐτὸν,
3203 3444 3388 3521 φησῖν,
3419 3443 3602 3519 ὥσπερ
3634 3445 3762 3522 ἐγὼν

2119 3526 2272 3602 λόγῳ
2319 3527 2472 3600 μόνῳ
2519 3534 2696 3583 ποιεῖν
2753 3529 2887 3603 ἅπερ
2943 3525 3223 3601 ἐϐούλετο,
3276 3532 3366 3587 καί
3433 3535 3510 3606 μή
3568 3533 3762 3589 ἀποτε-

2118 3613 2380 3688 λέσμασιν
2448 3615 2752 3692 ἐπιτρέπειν
2826 3619 2893 3673 τὰ
2971 3621 3099 3692 παρ’
3175 3618 3339 3676 αὐτοῦ
3394 3623 3767 3696 πραττόμενα.

2114 3709 2292 3760 Ταῦτα
2322 3702 2380 3760 δὲ
2426 3704 2600 3761 πάντα
2658 3709 3007 3784 συγχωρήσει
3064 3707 3161 3763 τοῦ
3219 3713 3352 3765 Θεοῦ
3404 3711 3494 3765 καὶ
3526 3710 3771 3788 ἐνεργείᾳ

2117 3791 2391 3867 δαιμόνων
2437 3795 2678 3872 γίνονται
2728 3798 2864 3872 πρὸς
2913 3797 2976 3853 τὸ
3022 3795 3111 3853 διά
3161 3803 3268 3854 τῶν
3315 3799 3579 3856 τοιούτων
3629 3823 3773 3877 πρα-

2113 3884 2336 3960 γμάτων
2432 3880 2818 3958 δοκιμάζεσθαι
2927 3889 3026 3956 τήι
3122 3887 3393 3964 ἡμετέραν
3477 3889 3766 3966 όρθόδοξον

2113 3975 2319 4040 πίστιν,
2378 3971 2425 4026 εἷ
2479 3970 2667 4048 ὲδραία
2722 3973 2834 4028 ἐστὶ
2889 3975 2978 4030 καὶ
3035 3976 3204 4053 παγία
3268 3978 3648 4052 προσμένουσα
3684 3985 3766 4054 τῷ

2116 4061 2322 4136 Κυρίῳ,
2354 4059 2444 4116 καὶ
2481 4063 2556 4134 μή
2589 4061 2974 4138 ὓποσυρομένη
3011 4065 3115 4120 ὑπὸ
3151 4069 3248 4121 τοῦ
3280 4065 3482 4146 ἐχθροῦ
3518 4066 3608 4124 διά
3655 4073 3765 4124 τῶν

2115 4147 2501 4228 φαντασιωδῶν
2566 4150 2802 4221 τεράτων
2911 4152 3000 4206 καὶ
3067 4159 3363 4210 σατανικῶν
3426 4154 3597 4232 ἔργων
3659 4162 3769 4213 τῶν

2114 4238 2499 4314 πραττομένων
2555 4239 2658 4294 ὑπὸ
2725 4244 2832 4295 τῶν
2892 4238 3105 4296 δούλων
3173 4245 3265 4299 καὶ
3317 4245 3600 4320 ὑπηρετῶν
3671 4255 3772 4316 τῆς

2112 4328 2325 4390 κακίας.
2389 4326 2466 4384 Οὐ
2531 4328 2638 4400 μὴν
2699 4325 2757 4382 δὲ
2807 4327 2956 4384 ἀλλά
3012 4331 3102 4385 καὶ
3162 4336 3244 4404 τῷ
3303 4333 3533 4407 ὁνοματι
3566 4336 3772 4407 Κυρίου

2114 4416 2522 4495 προεφήτευσάν
2584 4437 2750 4485 τινες,
2810 4418 2885 4480 ὡς
2941 4416 3176 4494 Βαλαὰμ
3234 4420 3449 4486 Σαυλὸς
3477 4425 3772 4481 καὶΚαϊά-

356 4526 491 4566 eum
523 4511 645 4582 egit
670 4515 914 4580 propter
942 4509 1197 4564 aliorum
1229 4509 1568 4565 utilitatem.
1599 4509 1732 4564 Fuit
1763 4515 1820 4564 et
1849 4510 2004 4564 Pha-

2115 4529 2236 4589 φας,
2280 4508 2370 4564 καὶ
2421 4505 2680 4582 δαιμόνία
2734 4507 2900 4564 πάλιν
2961 4507 3240 4582 ἐξέϐαλον,
3296 4515 3372 4578 ὡς
3421 4515 3628 4579 Ἰούδας
3681 4520 3770 4573 καὶ

353 4617 456 4656 rao
487 4597 719 4654 malus:
781 4602 956 4667 atque
1018 4597 1154 4650 huic
1213 4600 1412 4652 tamen
1468 4597 1675 4653 futura
1704 4597 2004 4654 indicavit.

352 4691 424 4742 Et
469 4685 829 4756 impiissimo
882 4684 1447 4740 Nabuchodonosori
1497 4685 1887 4741 nihilominus
1937 4703 2006 4742 ea

353 4776 802 4847 pmmonstrata
833 4777 972 4827 sunt
1001 4789 1132 4842 quas
1184 4772 1386 4826 multis
1442 4779 1574 4844 post
1599 4780 1800 4828 essent
1829 4790 2004 4828 even-

353 4873 488 4923 tura
541 4863 835 4920 aatatibus.
885 4864 1049 4919 Unde
1099 4869 1331 4919 constat
1380 4865 1598 4919 multos
1647 4865 1825 4920 etiam
1857 4882 2004 4920 veras

354 4956 632 5012 adversos
685 4953 958 5023 religioni
1007 4952 1116 5008 sub
1148 4952 1364 5007 Christi
1402 4954 1660 5009 nominis
1691 4955 2010 5025 praescrip-

354 5045 516 5100 tione
557 5042 675 5099 alio
707 5041 960 5096 artificio
995 5041 1283 5096 miracula
1312 5041 1488 5097 edere
1518 5042 1590 5096 ad
1623 5041 2006 5112 decipiendos

353 5133 681 5205 imperitos.
715 5130 912 5196 Qualis
943 5130 1056 5184 fuit
1082 5129 1286 5185 Simon
1335 5133 1532 5204 Magus
1581 5135 1640 5187 et
1687 5129 2009 5186 Menander

355 5239 422 5278 ac
451 5227 585 5294 post
614 5237 715 5276 eos
765 5219 866 5274 alii
925 5235 1127 5274 eorum
1185 5219 1432 5285 similes.
1492 5221 1694 5294 Itaque
1725 5220 2007 5292 praeclare

357 5311 580 5366 dictum
611 5313 740 5364 est:
769 5324 961 5378 neque
1007 5307 1198 5380 decipi
1231 5309 1541 5364 miraculis
1573 5309 1866 5376 convenit,
1899 5325 2004 5363 ne-

357 5400 498 5454 dum
521 5397 680 5452 nuda
695 5396 1146 5467 pollicitatione,
1170 5397 1274 5452 sed
1297 5398 1663 5468 exploranda
1686 5404 1774 5453 est
1798 5398 2009 5454 veritas

358 5502 563 5545 eorum
594 5501 725 5556 quae
777 5484 1076 5539 dicuntur.
1117 5487 1198 5540 Ex
1258 5485 1549 5542 fructibus
1609 5487 1768 5542 enim
1803 5503 2009 5541 eorum

345 5571 696 5650 judicabitis
726 5571 911 5642 ipsos,
941 5571 1025 5624 ait
1054 5572 1364 5628 Dominus.

2116 4599 2167 4653 οἱ
2225 4597 2334 4652 υἱοὶ
2395 4597 2586 4653 Σκεόα.
2646 4599 2857 4656 Οὐκοῦν
2927 4601 3017 4655 καὶ
3077 4602 3155 4664 εἰς
3211 4603 3460 4675 ἀναξίους
3517 4609 3552 4676 ἡ
3609 4609 3773 4682 χάρις

2114 4685 2318 4761 ἐνεργεῖ
2375 4682 2670 4754 πολλάκις,
2725 4684 2799 4740 ’ἶν’
2857 4687 3072 4762 ἐτέρους
3124 4689 3470 4768 εὖεργετήσῃ.
3527 4694 3766 4769 Κατγᾶρ

2113 4771 2372 4845 Βαλαὰμ,
2402 4773 2725 4853 ἀμφοτέρων
2783 4773 3076 4850 ἀλλότριος
3123 4777 3212 4847 ἦν,
3265 4779 3388 4854 βίου
3427 4781 3648 4856 ἀρίστου
3675 4783 3762 4837 καὶ

2114 4859 2320 4946 πίστεςσ
2381 4859 2507 4916 ἀλλ’
2567 4863 2720 4934 ὅμως
2787 4861 3079 4940 ἐνήργησεν
3159 4866 3233 4929 εἰς
3285 4868 3447 4923 αὐτὸν
3505 4873 3539 4940 ἡ
3597 4870 3762 4946 χάρις

2115 4945 2207 5004 διὰ
2253 4951 2356 5017 τήν
2408 4950 2602 5024 ἐτέρων
2670 4949 3007 5024 οἰκονομίαν.
3083 4955 3181 5010 Καὶ
3261 4956 3346 5029 [Ρ.
3379 4959 3505 5030 247]
3557 4945 3762 5027 Φαραὼ

2111 5041 2359 5099 τοιοῦτος
2405 5037 2492 5107 ἦν,
2544 5037 2691 5093 ἀλλά
2737 5038 2968 5113 κάκείνῳ
3020 5042 3084 5096 τὰ
3137 5041 3412 5116 μέλλοντα
3469 5043 3764 5120 προέδειξε.

2117 5124 2214 5180 Καὶ
2273 5127 2301 5179 ὁ
2349 5120 2552 5182 Ναϐου’
2619 5123 2643 5143 ’⁵
2711 5126 2736 5182 ό
3033 5153 3044 5167 κ
3163 5132 3216 5164 ’··
3414 5134 3428 5152 ’
3527 5134 3540 5152 “
3752 5135 3765 5152 ⁸

2543 5141 2705 5202 χοοον
2742 5147 2838 5202 σορ
2886 5149 3368 5204 παραιομωιατος,
3404 5131 3550 5190 αλλ).
3586 5155 3649 5211 γε
3679 5155 3768 5188 και

2118 5212 2298 5286 τούτῳ
2325 5215 2392 5268 τὰ
2435 5217 2572 5286 μετά
2617 5213 2834 5279 πολλὰς
2880 5216 3106 5294 ὕστερον
3157 5218 3387 5294 ἐσομενα
3437 5225 3617 5299 γενεάς
3664 5223 3772 5278 άπ-

2119 5301 2394 5360 εκάλυκεν.
2427 5299 2786 5373 ’Ὁθενδῆλον
2841 5304 2924 5361 ὅτι
2979 5307 3186 5363 πολλοὶ
3244 5309 3333 5364 καὶ
3392 5315 3502 5366 τῶν
3533 5309 3774 5366 ἐναντὲον

2118 5391 2358 5467 ἐχόντῶν
2421 5391 2676 5469 φρόνημα
2734 5391 2822 5448 ἐπὶ
2879 5399 2958 5468 τῷ
3008 5401 3369 5472 προσχήματι
3399 5403 3498 5455 τοῦ
3538 5402 3773 5476 Χριστοῦ

2118 5482 2372 5555 τεράστια
2428 5486 2678 5536 ποιοῦςιν
2739 5481 2894 5557 ἒτὲρᾳ
2947 5486 3118 5561 τέχνῃ
3180 5487 3288 5542 τινὶ
3346 5489 3484 5564 πρὸς
3565 5489 3774 5560 ἀπάτην

2121 5569 2416 5645 ἀνθρώπων
2504 5568 2902 5646 ἀπειροκάλων,
2995 5575 3138 5643 οἷος,
3229 5575 3439 5653 ἐγένετο
3497 5577 3684 5651 Σίμων
3744 5579 3772 5632 ὁ

359 5663 521 5736 μάνος
550 5657 640 5713 καὶ
671 5652 980 5728 Μένανδρος
1014 5658 1126 5726 μετ’
1159 5655 1360 5711 ἐκεῖνον
1415 5659 1504 5712 καὶ
1568 5656 1738 5714 ἄλλοι
1803 5659 2069 5728 τοιοῦτοι,
2128 5654 2198 5712 δι’
2256 5653 2350 5721 οὕς
2405 5658 2633 5721 εἰκότως
2693 5652 2795 5734 ἔφη
2842 5661 2917 5732 μή
2952 5659 3218 5735 θαύμασιν
3264 5652 3568 5729 ἀπατᾶσθαι
3599 5684 3778 5742 προσ-
