4118 6288
381 335 499 398 475

1701 341 2104 406 GEORGIO"
2148 344 2497 413 CEDRENI

3679 358 3800 422 476

385 468 527 541 quid
556 469 668 524 iste
701 468 721 524 ἒ
751 469 1058 540 respondit
1077 471 1274 527 Iesus:
1301 471 1358 527 Si
1379 473 1554 529 velim
1596 475 1758 532 hunc
1790 494 2035 533 manere

2159 478 2305 537 ίπισε
2335 525 2372 539 ..
2418 481 2470 539 ἐν
2526 486 3093 544 Κωνσταντινουπόλει
3152 487 3446 564 ἱρωτηθείς
3511 489 3635 565 περὶ
3664 492 3799 547 τού-

382 575 569 628 usque
601 558 673 613 ad
703 557 1019 613 adventum
1053 575 1273 628 meum,
1305 562 1449 631 quid
1496 564 1607 619 hoc
1641 564 1712 619 ad
1744 571 1799 620 te
1826 566 1853 622 ?
1881 569 2035 632 Quo-

382 648 543 705 niam
569 663 705 719 ergo
736 646 1035 718 piscantes
1058 665 1159 705 eos
1190 648 1499 707 oil'endcns
1529 654 1703 709 Petro
1738 654 1846 709 soli
1858 656 2041 727 jussit

386 735 574 805 sequi,
634 735 802 806 isque
856 736 1141 794 Joannem
1181 737 1386 795 volens
1443 742 1723 801 comitem
1794 743 2036 813 habere,

385 825 654 895 qumsivit
685 842 755 880 ex
786 827 1037 884 Domino
1061 828 1203 898 quid
1224 830 1335 885 iste
1368 837 1526 888 esset
1547 839 1806 900 acturus,
1840 835 2040 890 Domi-

383 932 493 970 nus
523 915 892 987 respondens
919 918 1205 975 Joannem
1238 920 1549 991 piscationi
1580 921 2039 984 immoraturum

384 1005 569 1063 dixit:
604 1006 654 1062 si
685 1022 819 1063 eum
850 1007 976 1062 volo
1004 1024 1246 1065 manere
1277 1010 1374 1067 hic
1406 1018 1463 1067 et
1482 1013 1722 1084 piscari,
1755 1015 1897 1070 dum
1920 1015 2041 1070 huc

379 1100 661 1164 revertar,
695 1095 837 1167 quid
886 1101 986 1152 tua
1014 1098 1240 1154 refert?
1273 1104 1331 1154 et
1352 1101 1479 1172 ipse
1510 1103 1767 1158 Joannes
1825 1102 2039 1160 falsam

388 1200 591 1239 eorum
647 1185 1047 1256 suspicionem
1107 1188 1329 1258 optime
1387 1191 1628 1263 corrigit
1676 1193 1769 1247 his
1797 1193 2034 1248 verbis:

382 1274 509 1329 Non
540 1273 770 1329 dixerat
794 1275 1078 1331 Dominus
1122 1277 1280 1334 hunc
1317 1295 1436 1334 non
1467 1296 1594 1336 esse
1650 1282 2039 1337 moriturum.

387 1363 621 1419 Etenim
658 1365 910 1435 apostoli
969 1383 1376 1438 saepenumero
1427 1371 1922 1445 interrogationes
1986 1376 2044 1427 et

380 1454 802 1523 responsiones
833 1454 1046 1511 Christi
1075 1473 1196 1512 non
1254 1461 1513 1514 assecuti
1571 1467 1727 1530 sunt,
1787 1460 2041 1532 ideoque

383 1539 674 1611 ignoratio
730 1542 814 1597 eis
847 1547 938 1598 est
965 1560 1000 1600 a
1042 1545 1314 1617 Magistro
1364 1552 1424 1603 et
1464 1549 1779 1621 stupiditas
1812 1549 2045 1622 objecta

382 1632 569 1690 donec
594 1633 847 1705 Spiritus
861 1640 1100 1691 sanctus
1117 1638 1274 1692 venit
1291 1654 1510 1711 eosque
1524 1641 1687 1696 omni
1702 1642 1945 1714 veritate
1961 1643 2047 1700 in.

383 1724 773 1793 stituit,sicuti
796 1724 1082 1780 Dominus
1102 1728 1478 1797 promiserat.
1504 1730 1723 1795 Quodsi
1747 1734 1883 1804 quis
1907 1750 2046 1789 con-

2143 590 2239 624 του
2271 573 2443 636 οὕτως
2486 574 2809 652 ἀπεκρίνατο
2867 574 3062 654 λέγων’
3121 577 3297 641 Αὐτὸς
3352 580 3612 651 Ἰωάννης
3641 579 3693 636 ἐν
3721 586 3803 655 τῷ

2144 661 2262 715 κατ’
2320 661 2479 719 αὐτὸν
2537 664 2860 742 Εὐαγγελίῳ
2914 666 3051 742 πρὸς
3134 672 3213 739 τῷ
3292 666 3435 723 τέλει
3504 665 3804 749 διεσάφησε

2144 752 2305 805 τοῦτο
2338 754 2557 829 φάσκων
2595 755 2703 811 Καὶ
2750 754 2913 812 τοῦτο
2944 756 3110 811 εἰπών
3152 757 3179 811 6
3221 758 3429 827 Ἰησοῦς
3462 757 3611 833 λέγει
3650 760 3805 834 αύτῷ

2148 839 2413 912 (τουτέστι
2443 846 2523 915 τῷ
2564 843 2793 919 Ηέτρῳ)·
2857 846 3175 902 Ἀκολούθει
3241 865 3356 924 μοι.
3419 847 3805 926 Ἐπιστραφεὶς

2148 925 2205 985 δὶ
2232 929 2260 985 ὁ
2292 931 2494 1006 Πέτρος
2525 930 2718 1009 βλέπει
2747 933 2840 989 τὸν
2897 936 3145 1008 μαθητὴν
3193 936 3251 990 ὅν
3311 935 3500 1012 ἠγάπα
3525 937 3552 991 ὁ
3585 925 3805 1008 Ἰησοῦς

2147 1017 2571 1091 ἀκολουθοῦντα,
2602 1023 2693 1077 καὶ
2757 1023 2917 1103 φησί’
2983 1025 3171 1100 Κύριε,
3239 1022 3396 1087 οὕτος
3454 1022 3512 1081 δὶ
3565 1026 3618 1081 τί
3652 1044 3665 1098 ;
3700 1028 3803 1082 Καὶ

2149 1105 2293 1183 λέγει
2324 1108 2473 1183 αύτῷ
2518 1112 2546 1166 6
2578 1113 2807 1182 Ἰησοῦς
2869 1113 2990 1170 ’Ea‘tv
3044 1113 3204 1168 αὐτὸν
3267 1112 3411 1169 θέλω
3470 1114 3644 1188 μένειν
3695 1111 3803 1179 ἕως

2149 1192 2428 1271 ἔρχωμαι.
2455 1197 2507 1253 τί
2539 1200 2674 1274 πρὸς
2704 1201 2801 1270 σὲς
2864 1199 3014 1258 Ἐπεὶ
3074 1199 3166 1255 οὖν
3224 1200 3540 1264 ἀλιεύοντας
3596 1202 3804 1266 αὐτοὺς

2147 1288 2448 1365 κατείληφε
2481 1332 2494 1359 ,
2574 1294 2654 1362 τῷ
2740 1291 2928 1364 Πιτρῳ
2997 1290 3149 1364 μόνῳ
3201 1290 3517 1367 προτεταξεν
3577 1288 3801 1349 ἔπεσθαι

2148 1374 2312 1447 αὐτῷ.
2346 1377 2402 1429 '0
2435 1374 2491 1431 δὲ
2514 1379 2603 1434 καὶ
2659 1378 2750 1433 τὸν
2805 1379 3059 1450 Ἰωάννην
3120 1379 3554 1454 συμπορεύεσθαι
3590 1380 3802 1456 βουλό-

2151 1484 2309 1538 μενος
2364 1458 2489 1544 ἔφη’
2545 1465 2728 1543 Κύριε,
2798 1466 2954 1531 οὗτος
3023 1466 3080 1523 δὲ
3133 1468 3233 1538 τί;
3294 1469 3392 1526 "Ov
3452 1470 3703 1533 θεσπίσας
3774 1472 3804 1526 6

2151 1556 2365 1623 Ἰησοῦς
2394 1556 2720 1629 προσμένειν
2761 1556 2846 1612 ἐπὶ
2879 1565 2979 1627 τῆς
3008 1556 3216 1620 ἁλιείας
3248 1559 3434 1637 φησίν·
3469 1558 3592 1615 Ἐὰν
3642 1558 3807 1616 αὐτὸν

2151 1640 2297 1697 θέλω
2326 1644 2502 1716 μένειν
2535 1645 2756 1700 ἐνταῦθα
2795 1647 2883 1702 καὶ
2940 1644 3174 1702 ἁλιεύειν
3231 1644 3336 1710 ἕως
3367 1645 3428 1702 ἃν
3461 1648 3805 1724 ὑποστρέψας

2151 1727 2406 1807 ἔρχωμαι
2436 1732 2600 1789 πάλιν
2636 1732 2762 1806 ὧδε,
2801 1734 2854 1790 τί
2910 1736 3048 1810 πρὸς
3105 1734 3208 1807 at;
3270 1737 3407 1792 ὥστε
3465 1738 3560 1792 οὖν
3611 1739 3806 1814 ἄριστα

385 1812 635 1869 tentiose
653 1818 709 1867 et
729 1819 949 1869 temere
965 1831 1161 1871 sacras
1183 1817 1318 1873 illas
1333 1834 1503 1874 voces
1517 1821 1812 1892 arripiens
1830 1824 2038 1879 intem-

2159 1818 2538 1907 διορθούμενος
2569 1825 2667 1893 τὴν
2712 1822 3057 1902 ἓσφαλμὲνην
3114 1826 3288 1881 αὐτῶν
3337 1825 3621 1901 ὑπόνοιαν,
3651 1812 3806 1883 εἰκό-

382 1903 606 1974 pestive
619 1920 688 1958 ex
710 1903 862 1958 486
877 1904 949 1959 iis
967 1906 1244 1977 colligere
1264 1907 1699 1964 velitJoannem
1719 1911 1781 1966 in
1796 1912 1903 1968 hac
1919 1914 2038 1968 vita

386 1992 458 2046 ad
506 1993 894 2063 posteriorem
938 1994 1152 2049 Christi
1189 1995 1503 2053 adventum
1557 2001 2037 2058 annuntiandum

383 2080 604 2136 Enochi
628 2086 686 2135 et
716 2081 851 2136 Elim
883 2083 1154 2155 exemplo
1177 2087 1603 2157 permansisse,
1626 2088 1676 2144 is
1696 2090 2038 2147 sciatioan-

384 2187 521 2225 nem
555 2171 613 2225 in
637 2170 1029 2243 patefactione
1073 2172 1233 2229 solos
1276 2175 1418 2231 istos
1458 2176 1605 2233 duos
1642 2179 1750 2236 sub
1780 2196 2039 2252 persona

388 2266 603 2321 Christi
639 2265 835 2322 dicere
853 2271 1031 2323 testes
1052 2267 1163 2323 sibi
1189 2269 1438 2327 futuros.
1465 2274 1792 2330 Producam
1818 2277 2036 2347 inquit,

395 2355 543 2411 duos
572 2371 737 2410 meos
759 2361 938 2411 testes
968 2359 1271 2414 Enochum
1304 2366 1362 2415 et
1391 2361 1596 2429 Eliam,
1633 2365 1793 2435 iique
1839 2382 2039 2422 saccos

399 2445 598 2501 amicti
620 2447 1097 2503 vaticinabuntur
1117 2448 1242 2506 dies
1269 2452 1405 2505 i260
1423 2450 1490 2508 5°.
1513 2453 1580 2507 Hi
1598 2456 1882 2511 suntdum
1894 2457 2039 2512 olere

399 2540 456 2590 et
487 2536 616 2591 dum
648 2536 925 2592 lucernae.
958 2539 1114 2611 Ignis
1145 2556 1214 2594 ex
1262 2556 1467 2596 eorum
1499 2558 1601 2597 ore
1624 2544 1959 2616 egredietur
1988 2547 2043 2601 ei

395 2626 594 2680 hostes
633 2642 840 2681 eorum
909 2627 1228 2683 devorabit.
1299 2631 1562 2703 Cumque
1635 2636 2042 2691 testimonium

395 2731 567 2769 suum
600 2720 787 2770 totum
818 2716 1093 2786 dixerint,
1124 2717 1317 2774 bestia
1344 2735 1475 2790 quos
1507 2736 1575 2776 ex
1606 2722 1816 2795 abysso
1838 2740 2043 2780 ascen-

396 2804 483 2859 dit
505 2804 727 2860 bellum
762 2807 846 2861 eis
875 2806 1072 2871 faciet,
1116 2807 1425 2881 vincetque
1458 2826 1559 2866 eos
1588 2817 1648 2866 et
1700 2812 2041 2883 interficiet,

395 2899 454 2948 et
483 2894 767 2950 cadavera
795 2911 1000 2951 eorum
1032 2896 1094 2951 in
1124 2898 1318 2968 platea
1357 2898 1523 2955 urbis
1572 2901 1862 2973 jacebunt
1918 2903 2043 2959 dies

395 2985 425 3036 3
458 3001 503 3038 s.
538 2984 858 3055 insepulta,
892 2985 991 3040 ubi
1032 2991 1090 3041 et
1123 2988 1410 3044 Dominus
1468 3006 1674 3046 eorum
1723 2992 2041 3048 crucifixus

394 3079 499 3129 est.
530 3073 771 3129 Frustra
796 3075 975 3147 igitur
998 3082 1296 3148 nugantur
1324 3078 1563 3149 quidam
1592 3081 1879 3137 Joannem
1930 3082 2043 3138 ad-

2149 1931 2257 1974 τως
2286 1905 2409 1989 ἔφη,
2442 1911 2532 1967 καὶ
2564 1914 2665 1969 οὐκ
2694 1913 2840 1968 εἶπεν
2870 1913 3017 1986 αὐτῷ
3062 1915 3089 1970 6
3118 1918 3331 1985 ζΙησοῦς
3365 1917 3449 1971 ὅτι
3510 1915 3609 1971 οὐκ
3664 1916 3803 1973 ἀπο-

2152 2003 2391 2070 θνήσκει.
2426 2002 2528 2058 Καὶ
2567 2003 2672 2079 γὰρ
2728 2003 2778 2057 ἐν
2832 2000 3069 2066 πολλοῖς
3126 2003 3401 2066 πολλάκις
3457 2003 3802 2085 ἐσφάλλοντο

2151 2090 2288 2164 πρὸς
2317 2089 2413 2152 τὰς
2453 2089 2665 2154 πεύσεις
2720 2095 2957 2168 Χριστοῦ
3015 2093 3106 2148 καὶ
3162 2093 3258 2156 τὰς
3317 2094 3648 2170 ἀποκρίσεις,
3708 2093 3804 2151 καί

2152 2179 2376 2249 ἤκουον,
2407 2180 2690 2257 ’Ᾱσύγετοι
2718 2182 2809 2235 καὶ
2843 2179 3060 2256 βραδεῖς
3091 2185 3159 2256 τῇ
3190 2181 3385 2258 καρδίᾳ
3412 2180 3521 2247 ἕως
3550 2183 3706 2249 ἐλθὸν
3741 2185 3807 2239 τὸ

2156 2272 2375 2340 Πνεῦμα
2403 2267 2466 2323 τὸ
2525 2268 2680 2345 ἅγιον
2736 2265 3017 2345 ὡδήγησεν
3078 2270 3280 2332 αὐτοὺς
3331 2270 3407 2334 εἷς
3466 2275 3639 2327 πᾶσαν
3698 2272 3802 2340 τὴν

2153 2356 2411 2427 ἀλήθειαν
2443 2357 2578 2413 κατά
2604 2358 2695 2412 τὸν
2728 2362 2824 2413 τοῦ
2882 2357 3079 2435 Κυρίου
3149 2358 3327 2434 λόγον.
3361 2354 3428 2417 Et
3460 2357 3517 2414 δὲ
3547 2380 3630 2422 τις
3689 2360 3805 2434 ἐρι-

2156 2452 2353 2509 πικῶς
2382 2447 2469 2501 καὶ
2530 2451 2816 2522 προπετῶς
2875 2448 3298 2523 ἀποκρινόμενος
3348 2449 3441 2512 τὰς
3500 2449 3650 2526 ἱερὰς
3674 2449 3813 2505 ταύ-

2155 2557 2249 2599 τας
2300 2538 2479 2613 φωνάς
2531 2534 2623 2591 καί
2682 2535 2978 2613 μαρτυρίας
3027 2536 3267 2613 ἀκαίρως
3325 2536 3483 2608 δῆθεν
3545 2537 3815 2614 συλλογι·

2158 2628 2388 2700 ζόμενος
2448 2625 2596 2701 εἷ’πῃ·
2675 2627 2816 2703 Πρὸς
2871 2628 2936 2682 τὸ
2989 2626 3347 2703 καταγγεῖλαι
3401 2629 3502 2698 τήν
3555 2626 3810 2704 δευτέραν

2158 2719 2391 2791 Χριστοῦ
2421 2718 2723 2792 παρουσίαν
2773 2715 3103 2796 κατελείφθη
3174 2723 3278 2788 ζῶν
3338 2715 3393 2774 ἐν
3450 2720 3608 2794 σαρκὶ
3671 2721 3813 2795 μετά

2159 2807 2341 2881 Ἐνὼχ
2370 2806 2459 2861 καὶ
2497 2804 2682 2875 Ἢλία,
2735 2806 2975 2863 ἀκουέτω
3033 2806 3114 2862 δτι
3169 2826 3268 2880 περ
3328 2808 3527 2881 μόνους
3588 2804 3676 2865 διὰ
3704 2815 3809 2879 τῆς

2160 2894 2559 2970 ἀποκαλύψεως
2623 2895 2781 2959 αὐτὸς
2874 2897 3030 2959 οὗτος
3106 2894 3342 2961 ἐκείνους
3398 2895 3459 2953 ἔκ
3509 2896 3803 2973 προσώπου

2159 2983 2309 3064 λέγει
2342 2985 2543 3060 Κυρίου
2580 2984 2707 3049 τοὺς
2759 2987 2854 3042 δύο
2892 2986 3165 3062 μάρτυρας
3222 2989 3559 3062 γενήσεσθαι,
3613 2988 3803 3067 Ἐνὼχ

2158 3077 2250 3131 καὶ
2309 3074 2496 3131 Ἠλίαν
2530 3119 2544 3147 ,
2600 3072 2787 3131 τοιάδε
2846 3075 3087 3153 φάσκων·
3152 3077 3250 3132 Καὶ
3310 3074 3470 3132 δώσω
3523 3081 3635 3138 τοῖς
3681 3073 3806 3131 δυσὶ

392 3162 508 3216 huc
538 3162 598 3217 in
624 3179 869 3235 corpore
900 3163 1112 3230 vivere,
1145 3181 1350 3220 revera
1377 3166 1721 3239 ignorantes
1770 3171 1913 3241 quid
1951 3171 2042 3226 di-

2159 3163 2385 3241 μάρτυσι
2479 3186 2582 3238 μου
2620 3208 2636 3236 ,
2692 3165 2781 3220 καὶ
2866 3164 3334 3243 προφητεύσουσιν
3393 3167 3609 3243 ἡμέρας
3662 3165 3812 3237 ἀπ-ξ’,

392 3256 527 3307 cant
558 3257 615 3305 et
646 3268 762 3322 qua
788 3252 860 3306 de
892 3270 953 3308 re
1012 3254 1396 3321 contendant,
1432 3256 1504 3312 de
1534 3274 1640 3312 suo
1672 3258 1820 3314 illud
1878 3277 2041 3316 com-

2159 3250 2621 3330 περιϐεϐλημένοι
2678 3256 2934 3317 σάκκους.
3004 3254 3168 3310 Οὗτοι
3228 3254 3361 3311 εἶσιν
3394 3257 3446 3311 αἱ
3480 3253 3577 3311 δύο
3632 3252 3819 3318 ἐλαῖαι

390 3346 660 3394 mentum
688 3341 972 3395 audacter
1017 3343 1282 3412 profecto
1315 3352 1372 3400 et
1427 3346 1797 3402 conﬁdenter
1846 3350 2043 3421 profe-

2159 3342 2245 3398 καὶ
2276 3346 2330 3399 αἱ
2362 3343 2461 3399 δύο
2512 3343 2757 3419 λυχνίαι.
2809 3348 2921 3419 Πῦρ
2981 3343 3330 3419 ἐκπορεύεται
3385 3349 3483 3399 τοῦ
3538 3342 3819 3419 στόματος

392 3432 614 3491 rentes,
647 3444 766 3482 non
799 3444 869 3482 ex
900 3431 1084 3485 sacris
1113 3432 1401 3487 habentes
1428 3434 1872 3506 interpretibus.

2159 3435 2332 3490 αὐτῶν
2359 3433 2449 3489 καὶ
2493 3434 2759 3491 κατεσθίει
2814 3432 2942 3496 τοὺς
2975 3432 3209 3513 ἐχθροὺς
3265 3433 3464 3491 αὐτῶν.
3518 3434 3623 3490 Καὶ
3693 3432 3824 3489 ὅταν

389 3514 651 3569 τελέσωσι
704 3516 803 3585 τὴν
896 3518 1188 3590 μαρτυρίαν
1263 3520 1464 3589 αὐτῶν,
1551 3524 1768 3592 ποιήσει
1842 3524 1904 3578 τὸ
1963 3519 2249 3580 ἀναϐαῖνον
2300 3523 2494 3598 θηρίου
2552 3521 2612 3578 ἑκ
2667 3529 2769 3592 τῆς
2829 3518 3065 3578 ἀϐύσσου
3122 3522 3369 3598 πόλεμον
3432 3523 3548 3596 μετ’
3603 3522 3817 3578 αὐτῶν,

393 3604 485 3659 καὶ
522 3606 737 3676 νικήσει
774 3605 865 3660 καὶ
891 3607 1096 3677 νικήσει
1127 3607 1215 3663 καὶ
1248 3609 1551 3665 ἀποκτείνει
1591 3609 1785 3674 αὐτοὺς
1814 3615 1904 3669 καὶ
1937 3614 2003 3670 τὰ
2033 3614 2303 3688 πτώματα
2331 3611 2506 3667 αὐτῶν
2547 3612 2637 3666 ἐπὶ
2666 3615 2765 3677 τῆς
2804 3608 3065 3674 πλατείας
3120 3619 3220 3682 τῆς
3281 3610 3529 3689 μεγάλης
3587 3610 3816 3674 πόλεως

397 3689 606 3750 ἔσονται
637 3696 849 3769 ἡμέρας
894 3699 1042 3770 τρεῖς
1070 3696 1245 3770 ἥμισυ
1300 3696 1495 3779 ἄταφα,
1564 3698 1701 3756 ὅπου
1747 3701 1838 3757 καὶ
1879 3703 1907 3757 6
1948 3704 2144 3775 Κύριος
2200 3702 2376 3773 αὐτῶν
2432 3699 2768 3777 ἐσταυρώθη.
2812 3700 3002 3772 Μάτην
3053 3700 3143 3755 οῦν
3200 3700 3584 3774 παραΑηροῦσί
3640 3721 3817 3773 τινες,

397 3784 688 3862 φάσκοντες
720 3785 883 3841 αὐτὸν
938 3790 1035 3861 ζῇν
1089 3782 1167 3843 ἔτι
1229 3786 1280 3843 ἐν
1357 3788 1537 3864 σαρκὶ,
1593 3789 1683 3844 καὶ
1745 3793 1822 3867 μή
1891 3796 2140 3855 νοοῦντες
2201 3794 2339 3868 μήτε
2388 3791 2421 3848 ἃ
2471 3790 2690 3866 λέγουσι
2739 3793 2820 3862 τῷ
2878 3786 2993 3845 ὄντι
3054 3792 3195 3863 μήτε
3231 3789 3354 3864 περὶ
3408 3788 3568 3845 τίνων
3624 3785 3814 3846 διαόεο

397 3870 698 3945 ϐαιοῦνται,
759 3872 967 3940 οἴκοθεν
1021 3880 1183 3933 τοῦτο
1240 3877 1330 3934 καὶ
1388 3878 1486 3935 οὐκ
1555 3876 1779 3935 ἔκτινων
1848 3882 2013 3956 ἱερῶν
2083 3881 2356 3957 ἐξηγητῶν
2419 3876 2814 3958 ῥιψοκινδύνως
2870 3899 2930 3934 τε
2972 3879 3063 3935 καὶ
3118 3879 3420 3956 τολμηρῶς
3500 3874 3671 3943 ὅντως
3723 3900 3827 3935 τε-

408 3963 735 4037 ρατευόμενο
746 3985 780 4020 ι.

468 4054 611 4110 Post
638 4056 882 4112 Nervam
913 4057 1524 4131 Trajanusimperavit
1555 4075 1746 4116 annos
1779 4064 1866 4129 19,
1893 4077 2056 4117 men-

406 4160 499 4199 ses
529 4147 581 4213 6,
602 4144 728 4200 dies
757 4149 842 4201 i5.
870 4146 1002 4202 Fuit
1034 4147 1145 4203 iste
1175 4149 1349 4205 malis
1380 4149 1631 4205 infestus
1690 4154 1749 4205 et
1799 4151 2055 4222 justitiaa

395 4249 632 4297 amans.
658 4234 990 4305 Aliquando
1014 4237 1281 4292 strictum
1314 4253 1519 4294 ensem
1541 4239 1602 4293 in
1630 4239 1901 4294 omnium
1920 4256 2054 4311 pro-

401 4340 602 4379 cerum
633 4332 955 4397 conspectu
984 4327 1263 4398 praefecto
1297 4328 1562 4392 tradidit,
1594 4328 1677 4384 ita
1726 4329 2009 4400 inquiens
2035 4344 2051 4385 :

2236 4061 2388 4117 Μετὰ
2438 4057 2495 4114 δὲ
2579 4057 2824 4133 Νέρουαν
2906 4053 3221 4115 ἐϐασίλευσε
3276 4058 3545 4134 Τραϊανὸς
3600 4052 3693 4130 ἔτη
3731 4063 3826 4128 ιθ’,

2168 4156 2344 4223 μῆνας
2404 4148 2469 4218 ς’,
2527 4148 2737 4224 ἡμέρας
2796 4154 2872 4207 ιε’.
2929 4146 3104 4210 Οὗτος
3155 4148 3223 4217 ἦν
3291 4148 3669 4221 μισοπόνηρος
3726 4146 3827 4202 καὶ

2164 4236 2534 4319 φιλοδίκαιος.
2568 4239 2867 4311 Γυμνώσας
2895 4237 3001 4312 γάρ
3059 4257 3192 4292 ποτε
3248 4235 3400 4311 ξίφος
3449 4235 3682 4291 ἐνώπιον
3708 4239 3823 4291 τῶν

2164 4328 2217 4384 ἐν
2267 4327 2413 4384 τέλει
2478 4328 2692 4383 πάντων
2749 4323 2917 4382 ἔδωκε
2970 4327 3050 4399 τῷ
3105 4325 3355 4401 ἐπάρχῳ,
3414 4326 3603 4382 εἰπών·
3666 4327 3821 4399 Δέξαι

401 4416 618 4486 Accipe
647 4416 807 4471 hunc
836 4417 1120 4489 gladium,
1157 4434 1366 4489 eoque,
1403 4419 1452 4474 si
1485 4424 1645 4475 recte
1676 4420 1926 4492 impero,
1950 4437 2046 4491 pro

2166 4422 2350 4477 τοῦτο*
2384 4418 2475 4475 καὶ
2507 4417 2553 4472 εί
2586 4417 2679 4490 μὶν
2699 4414 2885 4481 καλῶς
2923 4417 3104 4492 ἄρχω,
3141 4416 3274 4490 ὑπὲρ
3327 4414 3487 4489 ἰμοῦ,
3527 4415 3572 4473 εἷ
3622 4412 3681 4471 δι
3712 4415 3819 4491 μὴ,

398 4520 514 4572 me,
548 4504 596 4559 si
628 4505 805 4574 male,
834 4512 1041 4562 contra
1069 4523 1163 4562 me
1209 4508 1412 4565 utitor.
1473 4511 1520 4563 A
1549 4510 1735 4565 Nerva
1766 4509 1840 4565 ob
1871 4510 2046 4565 virtu-

2164 4509 2283 4565 κατ’
2305 4506 2440 4581 ἆμοῦ
2460 4504 2607 4580 αύτῷ
2637 4512 2866 4584 χρῆσαι.
2925 4504 3321 4581 Προεχειρίσθη
3380 4501 3439 4559 δὲ
3470 4505 3574 4560 ὑπὸ
3603 4506 3820 4581 Νὲρουα

404 4597 526 4649 tem
556 4597 646 4648 est
684 4593 757 4648 ad
780 4594 1097 4665 imperium
1126 4600 1382 4664 evectus,
1415 4597 1575 4668 quod
1605 4598 1693 4652 vir
1719 4597 2051 4655 bellicosis-

402 4681 589 4737 simus
621 4684 822 4738 Romae
854 4688 912 4739 et
931 4682 1150 4756 ubique
1180 4690 1474 4745 terrarum
1505 4702 1631 4745 rem
1658 4688 1873 4759 saepius
1904 4705 2059 4761 prie-

401 4769 558 4825 clare
587 4770 883 4843 gessisset.
917 4772 1063 4828 Cum
1089 4773 1332 4844 quidam
1363 4776 1692 4830 amicorum
1725 4781 1881 4831 esset
1901 4777 2059 4848 apud

403 4874 540 4914 eum
570 4859 825 4923 delatus.
846 4862 1002 4935 quod
1024 4863 1137 4934 ipsi
1167 4863 1417 4919 insidias
1446 4864 1707 4929 fecisset,
1740 4864 1915 4934 isque
1938 4866 2061 4920 suis

402 4953 553 5013 487
599 4951 876 5011 manibus
907 4952 1018 5007 sibi
1050 4952 1251 5007 oculos
1283 4953 1536 5008 eruisset
1563 4958 1953 5024 mentumque
1975 4971 2063 5011 ra-

402 5046 598 5113 sisset,
632 5044 832 5114 itaque
892 5047 1220 5098 excaacatus
1278 5048 1435 5097 esset
1465 5041 1537 5098 ad
1580 5058 1713 5096 eum
1746 5041 2057 5114 adductus,

398 5135 687 5207 Trajanus
711 5148 923 5204 magno
947 5131 1122 5186 amici
1147 5147 1286 5187 casu
1319 5131 1525 5186 dolore
1556 5135 1833 5202 percepto
1868 5130 2003 5191 urbi
2027 5148 2062 5188 ιι

410 5241 469 5279 se
489 5223 743 5279 conditae
774 5222 1147 5295 Trajan0poli
1182 5236 1316 5276 eum
1350 5220 1633 5292 praefecit,
1678 5236 1865 5291 eoque
1896 5220 2056 5276 able-

407 5319 608 5385 gatum
640 5313 714 5369 ad
743 5320 998 5369 mortem
1042 5329 1230 5384 usque
1261 5312 1423 5367 omni
1483 5311 1645 5366 cultu
1700 5310 1861 5367 fovit.
1896 5310 2059 5366 Idem

408 5401 592 5457 edixit
620 5417 694 5456 ne
726 5402 1041 5459 Christiani
1074 5400 1590 5472 conquirerentur,
1627 5399 1810 5459 oblati
1861 5404 2060 5457 autem

408 5491 785 5562 punirentur.
810 5491 924 5545 Sub
949 5508 1016 5546 eo
1039 5491 1263 5546 Simoni
1295 5492 1497 5563 Magno
1516 5488 1836 5546 Menander
1865 5489 2062 5545 Sama-

480 5647 525 5684 "
552 5646 732 5717 Apoc.
763 5661 841 5712 χι,
881 5644 933 5698 3.

2167 4593 2255 4651 διὰ
2279 4598 2378 4668 τήν
2418 4594 2613 4670 ἀρετήν
2664 4593 2828 4650 αὐτοῦ
2872 4591 2947 4659 ώς
3003 4590 3457 4668 πολεμικώτατος
3508 4593 3598 4653 καὶ
3630 4590 3820 4653 πολλὰ

2166 4685 2570 4762 κατορθώματα
2627 4681 2678 4739 ἐν
2736 4683 2919 4758 Ῥώμῃ
2947 4684 3039 4756 [Ρ.
3072 4682 3199 4758 249]
3255 4682 3346 4739 καὶ
3398 4685 3679 4757 πανταχοῦ
3709 4688 3819 4759 γῆς

2170 4773 2510 4843 πεποιηκώς.
2544 4770 2722 4829 Φίλου
2754 4768 2811 4827 δε
2838 4791 2984 4835 τινος
3014 4772 3180 4829 αὐτοῦ
3235 4792 3367 4829 ποτε
3427 4766 3821 4842 διαϐληθᾶντος

2172 4864 2248 4925 ὡς
2277 4856 2598 4930 ἐπιϐούλου,
2647 4858 2738 4915 καὶ
2786 4861 2914 4922 τοὺς
2937 4880 2996 4916 τε
3026 4858 3350 4940 ὀφθαλμοὺς
3407 4859 3822 4931 ἐκκεντηθέντος

2174 4951 2278 5007 ὑπὸ
2307 4955 2414 5005 τῶν
2449 4946 2601 5004 ἰδίων
2636 4953 2837 5025 χειρῶν
2871 4947 2959 5005 καὶ
2988 4949 3052 5004 τὸ
3105 4948 3308 5023 γένειον
3364 4946 3821 5025 ἀποκειραμένου,

2170 5039 2286 5097 ἐπεὶ
2315 5038 2522 5115 τυφλὸς
2555 5039 2690 5115 πρὸς
2721 5038 2983 5115 Τραϊανὸν
3012 5037 3275 5115 εἰσήχθη,
3315 5036 3501 5095 πολλᾶ
3561 5037 3829 5110 λυπηθεὶς

2170 5127 2258 5184 ἐπὶ
2279 5132 2360 5201 τῷ
2389 5126 2554 5183 αὐτοῦ
2586 5126 2755 5202 φίλῳ,
2788 5125 2949 5184 πόλιν
2983 5125 3048 5194 ἢν
3082 5123 3288 5183 ἔκτισεν
3342 5125 3431 5183 ἐπὶ
3482 5130 3562 5200 τῷ
3594 5126 3825 5198 ὀνόματι

2172 5216 2336 5273 αὐτοῦ
2378 5218 2476 5285 τήν
2528 5220 2617 5271 νῦν
2674 5213 3139 5291 Τραϊανούπολιν,
3205 5219 3396 5271 τοῦτον
3457 5215 3827 5291 κατοικτείρας

2172 5307 2248 5370 ὡς
2304 5302 2569 5377 δεσπότην
2631 5306 2728 5373 τῆς
2803 5302 3019 5366 πόλεως
3072 5300 3242 5358 ἔκεῖσε
3300 5300 3610 5358 ἀπέστειλεν
3662 5305 3819 5376 εἶναι,

2168 5391 2274 5458 ἓως
2333 5399 2433 5464 τῆς
2485 5392 2650 5450 αὐτοῦ
2706 5389 2965 5462 τελευτῆς
3043 5390 3326 5465 θεραπείαν
3412 5391 3580 5447 αὐτοῦ
3646 5398 3820 5451 πᾶσαν

2169 5480 2567 5555 ποιησάμενος.
2618 5481 2790 5543 Οὗτος
2848 5479 3141 5557 προσᾶταξε
3168 5501 3233 5539 το
3272 5481 3592 5556 Χριστιανὸν
3645 5481 3817 5559 φῦλον
