4118 6288
283 363 398 422 477

285 499 359 571 μὴ
448 497 825 566 ἐκζητεῖσθαι,
908 493 1141 567 ἐμπεσὸν
1227 492 1285 549 δὲ
1361 491 1710 563 κολάζεσθαι.

290 586 461 642 αὐτοῦ
495 584 722 657 Σίμωνα
767 583 859 640 τὸν
897 583 1073 660 μάγον
1127 580 1436 657 Μένανδρος
1484 579 1773 654 διεδέξατο,
1800 581 1935 657 γόης

282 674 373 729 καὶ
419 673 693 742 ἀπατεὼν,
756 671 1044 747 Σαμαρεὺς
1098 673 1160 728 τὸ
1210 670 1384 746 γένος,
1453 671 1642 729 ὶαῦτὸν
1695 672 1937 747 Χριστὸν

295 762 599 836 ὀνομάζων.
658 762 763 818 Ἦν
819 759 877 816 δὲ
934 762 1023 815 καὶ
1093 762 1362 836 Κήρινθος
1416 761 1759 836 αἱρεφάρχης
1812 762 1939 816 τότε

288 853 377 907 καὶ
410 849 717 918 Νικόλαος,
745 850 828 913 εἷς
855 854 964 908 τῶν
998 849 1133 908 ἔπτὰ
1166 846 1454 919 διακόνων,
1487 850 1539 903 oi
1590 848 1939 928 αἳρεσιάρχαι

284 942 376 996 καὶ
409 939 601 1015 ἐχθροὶ
632 947 734 1010 τῆς
785 938 1068 1009 ἀληθείας.
1128 939 1251 996 Ἐπὶ
1307 937 1508 995 τούτου
1564 936 1938 1015 ἐμαρτύρησεν

286 1030 315 1086 6
372 1024 530 1104 ἅγιος
590 1028 846 1104 Ἰγνάτιος
906 1029 935 1083 6
990 1026 1250 1106 θεοφόρος
1307 1026 1398 1083 καὶ
1464 1028 1692 1101 Συμεὼν
1747 1029 1775 1081 ὁ
1844 1031 1941 1083 τοῦ

285 1116 538 1176 Κλεόπα.
571 1120 802 1188 Θνήσκει
835 1115 891 1173 δὶ
921 1118 1191 1191 Τραϊανὸς
1246 1114 1529 1192 Ἀδριανὸν
1559 1117 1651 1172 τὸν
1693 1112 1942 1194 γαμϐρὸν

279 1207 453 1262 αὐτοῦ
484 1206 983 1282 προχειρισάμενος
1014 1204 1266 1281 βασιλέα.

352 1293 645 1372 Ἀδριανὸς
730 1295 924 1359 Αἴλιος
977 1291 1319 1353 ἐϐασίλευσεν
1401 1292 1494 1366 ἔτη
1558 1293 1637 1351 κδ’
1722 1297 1822 1352 Ἦν
1886 1293 1943 1351 δὶ

274 1390 492 1462 *Αφρος
551 1386 613 1441 τὸ
669 1383 842 1460 γένος,
898 1383 1228 1461 φιλολόγος,
1287 1382 1597 1455 ἐπιτήδειος
1649 1379 1702 1441 ἔν
1758 1405 1818 1441 τε
1862 1389 1942 1456 τῷ

272 1480 429 1547 πεζῷ
456 1474 608 1552 λόγῳ
657 1476 748 1531 καὶ
805 1480 886 1547 τῷ
943 1474 1223 1549 ἰμμέτρῳ,
1283 1478 1546 1553 συγγενὴς
1604 1476 1697 1531 καί
1756 1477 1942 1531 υἱοπε-

277 1562 595 1636 ποιημὲνος
654 1568 734 1636 τῷ
788 1568 1062 1638 Τραϊανῷ.
1122 1564 1295 1625 Οὗτος
1353 1562 1407 1619 ἂν
1469 1563 1653 1634 Μυσίᾳ
1704 1563 1943 1637 θηράσας

281 1648 622 1725 ᾠκοδόμησε
651 1652 842 1722 πόλιν,
894 1652 985 1707 καὶ
1037 1653 1421 1726 μετωνόμασεν
1450 1652 1620 1721 αὐτὴν
1648 1648 1944 1726 Ἀδριανοῦ

279 1743 468 1814 Θήρας
529 1743 642 1815 (56)
693 1738 744 1795 ἐν
797 1745 914 1803 τοῖς
975 1741 1222 1814 μιτάτοις
1290 1743 1438 1814 (57).
1515 1740 1784 1801 Ὡσαύτως
1848 1753 1942 1804 καὶ

273 1825 470 1903 ἑτέραν
503 1828 672 1884 πόλιν
705 1827 758 1884 ἰν
793 1828 1002 1904 Θράκῃ,
1032 1828 1477 1906 προσαγορεύσας
1516 1828 1684 1897 αὐτὴν
1717 1825 1945 1900 Ἀδρια-
1971 1869 2013 1931 Β

271 1916 570 1985 νούπολιν,
619 1918 709 1974 καὶ
768 1919 895 1975 ναὸν
932 1919 985 1975 ἂν
1039 1919 1280 1991 Κυζίκῳ.
1344 1919 1458 1995 Ἐφ’
1489 1918 1550 1973 οὗ
1616 1917 1935 1973 στασιασάν·

272 2029 388 2063 των
444 2012 557 2063 τῶν
617 2004 896 2064 Ἰουδαίων
955 2009 1044 2065 καὶ
1092 2008 1183 2064 τὸν
1247 2007 1299 2064 ἐν
1350 2006 1756 2083 Ἱεροσολύμοις
1809 2007 1934 2064 ναὸν

272 2096 651 2171 οἷκοδομῆσαι
752 2097 1158 2173 βουληθέντων,
1220 2099 1497 2177 ὀργίζεται
1556 2101 1672 2155 κατ’
1752 2097 1932 2155 αὒτῶν

270 2186 510 2269 σφόδρα,
553 2189 645 2242 καὶ
701 2187 954 2263 πολέμου
1009 2187 1302 2267 γενομένου
1362 2189 1556 2263 μεταξὺ
1614 2187 1824 2244 ἀνεῖλεν
1882 2189 1930 2259 ἐξ

272 2276 456 2333 αὒτῶν
486 2276 541 2333 ἐν
578 2277 753 2352 ἡμέρᾳ
788 2283 885 2351 μιᾷ
928 2276 1189 2353 μυριάδας
1217 2279 1320 2350 νη’.
1383 2279 1487 2335 Καὶ
1541 2279 1608 2335 τὰ
1678 2279 1771 2352 μὶν
1825 2299 1934 2336 πα-

273 2366 408 2423 λαιὰ
439 2365 671 2441 λείψανα
707 2373 809 2438 τῆς
865 2366 1083 2432 πόλεως
1119 2367 1211 2422 καὶ
1265 2372 1363 2423 τοῦ
1418 2372 1551 2425 ναοῦ
1605 2368 1934 2444 κατερειπώ-

275 2477 375 2521 σας
396 2458 572 2526 κτίζει
600 2454 722 2512 νέαν
756 2456 1145 2532 Ἰερουσαλὴμ,
1175 2459 1241 2527 ἢν
1272 2454 1337 2527 δὴ
1393 2457 1483 2513 καὶ
1536 2456 1733 2513 Αἰλίαν
1761 2478 1933 2534 προσ.

277 2547 569 2622 ηγόρευσε.
654 2548 757 2604 Καὶ
811 2549 1012 2618 στήσας
1061 2548 1124 2603 τὸ
1179 2548 1371 2605 ἑαυτοῦ
1428 2544 1658 2603 εἴδωλον
1745 2548 1797 2603 ἐν
1850 2552 1931 2619 τῷ

279 2639 419 2708 ναῷ,
463 2634 631 2690 οἰκεῖν
663 2635 950 2706 ’Έλληνας
1010 2636 1062 2691 ἐν
1108 2638 1177 2710 τῇ
1236 2636 1396 2691 πόλει
1438 2635 1751 2711 προσέταξε.
1813 2643 1928 2707 Ση-

230 2718 235 2722 ’
289 2729 448 2797 μεῖον
475 2720 533 2779 δὲ
563 2723 753 2801 γέγονε
780 2726 881 2793 τῆς
913 2723 1173 2786 ἁλώσεως
1219 2726 1389 2781 αὐτοῦ
1419 2725 1495 2788 ὡς
1523 2726 1585 2780 τὸ
1615 2729 1711 2780 τοῦ
1741 2723 1929 2781 Σολο-

281 2816 499 2885 μῶντος
529 2817 760 2885 σημεῖον
789 2812 1096 2887 αὐτόματον
1158 2810 1504 2885 διαλυθῆναι.
1564 2813 1817 2888 Σίμηλον
1873 2812 1930 2870 δέ

278 2921 397 2958 τινα
429 2894 481 2955 ἔν
513 2921 572 2956 τε
604 2903 859 2976 φρονήσει
918 2902 1010 2958 καὶ
1068 2902 1333 2975 ἰπιεικείᾳ
1387 2904 1478 2958 καὶ
1537 2906 1750 2978 ἀρεταῖς
1787 2901 1931 2958 πολ-

283 2992 406 3053 λαῖς
509 2990 922 3066 κεκοσμημένον
979 2992 1113 3049 πάνυ
1174 2992 1355 3066 ἐτίμα,
1415 2993 1504 3048 καὶ
1589 2992 1641 3050 ἰν
1719 2990 1927 3070 μεγάλῃ

294 3080 438 3158 ἀρχῇ
465 3080 789 3152 κατέστησεν
822 3081 999 3137 αὐτόν’
1033 3080 1158 3138 ἀλλ’
1215 3084 1297 3138 ἄπ’
1357 3080 1540 3157 ὀλίγον
1594 3090 1695 3153 τῆς
1743 3084 1926 3158 ἀρχῆς

289 3173 553 3242 κρατήσας
584 3169 789 3241 ἀπέστη
825 3170 1013 3243 αὐτῆς,
1044 3172 1135 3227 καὶ
1194 3172 1247 3227 ἐν
1303 3173 1459 3249 ἀγρῷ
1514 3172 1650 3229 ἑπτὰ
1680 3171 1774 3240 ἔτη
1808 3171 1925 3229 δια-

1425 356 1976 422 HISTORIABUM
2018 358 2584 422 COMPENDIUM.

1806 492 1929 549 Ἐπὶ
1961 496 2010 563 Α
2044 495 2263 550 riensis
2294 512 2543 567 magnus
2574 498 2749 566 atque
2781 493 3178 567 prtestigiator
3233 493 3539 564 successit,
3597 496 3701 566 qui

3583 358 3704 423 I78

2044 585 2313 656 seipsum
2343 586 2643 642 Christum
2674 584 3023 642 nominavit.
3082 584 3213 642 Fuit
3272 588 3331 640 et
3389 583 3709 644 Cerinthus

2046 691 2116 729 eo
2149 680 2423 746 tempore
2461 680 2520 729 et
2550 674 2845 741 Nicolaus,
2878 691 3031 729 unus
3062 692 3132 730 ex
3154 678 3383 746 septem
3414 672 3703 741 diaconis,

2044 764 2348 836 principes
2379 769 2673 820 sectarum
2705 768 2763 819 et
2792 764 2991 819 hostes
3020 764 3303 819 veritatis.
3340 762 3455 818 Sub
3488 762 3696 818 eodem

2043 854 2328 925 Ignatius,
2360 853 2869 911 divinoinslinctu
2900 853 3184 924 praeditus
3240 852 3346 921 vir,
3410 852 3700 924 supplicio

2045 943 2291 999 ati‘ectus
2322 948 2430 1011 est,
2466 948 2525 997 et
2564 943 2819 1014 Symeon
2880 941 3112 1013 Cleopaa
3172 941 3353 999 illius.
3412 942 3700 1015 Traianus

2045 1033 2307 1089 moriens
2336 1032 2598 1089 Adriano
2621 1047 2838 1105 genero
2876 1031 2983 1088 sub
3015 1032 3329 1102 imperium
3364 1029 3628 1102 reliquit.

2117 1304 2295 1359 Elius
2325 1304 2617 1361 Adrianus
2639 1304 2951 1375 imperavit
2970 1318 3159 1359 annos
3189 1298 3396 1371 viginti
3425 1302 3699 1370 quatuor,

2045 1408 2258 1463 genere
2278 1393 2619 1458 Afer,homo
2643 1392 3039 1462 eruditus,qui
3072 1396 3129 1446 et
3158 1403 3333 1461 prosa
3365 1388 3632 1445 oratione
3646 1393 3706 1445 et

2046 1483 2310 1538 carmine
2343 1483 2656 1538 scribendo
2678 1482 2923 1538 valeret.
2946 1481 3080 1536 Fuit
3097 1479 3224 1551 Traj
3236 1495 3349 1535 ano
3372 1476 3590 1546 afﬁnis,
3623 1476 3696 1534 ab

2047 1587 2234 1641 eoque
2259 1576 2348 1625 est
2396 1570 2730 1642 adoptatus.
2790 1571 2936 1625 Cum
2996 1568 3057 1624 in
3116 1567 3299 1639 Mysia
3352 1569 3696 1633 venaretur,

2046 1659 2255 1715 urbem
2287 1660 2833 1731 condidit,eamque
2854 1658 3098 1715 Adriani
3126 1657 3367 1725 Therae,
3399 1654 3460 1711 id
3491 1659 3577 1713 est
3598 1671 3695 1710 ve-

2045 1749 2349 1804 nationem
2380 1748 2443 1804 in
2473 1749 2698 1805 mitatis
2728 1748 3082 1821 appellavit;
3117 1746 3297 1802 aliam
3341 1760 3576 1815 quoque
3631 1744 3694 1800 in

2045 1836 2292 1893 Thracia
2321 1838 2563 1894 nomine
2603 1836 3077 1909 Adrianopolim,
3135 1840 3193 1891 et
3247 1835 3452 1891 fanum
3484 1832 3691 1905 Cyzici.

2044 1925 2159 1980 Sub
2194 1942 2262 1981 eo
2292 1927 2657 1985 rebellantes
2683 1926 2872 1981 Judaai
2925 1924 3348 1996 Hierosolymis
3405 1922 3696 1993 templum

2041 2019 2287 2074 reficere
2319 2019 2577 2092 aggressi
2613 2023 2769 2073 sunt.
2805 2018 2994 2082 Quare
3027 2014 3361 2072 vehementi
3417 2013 3506 2069 ira
3564 2029 3696 2068 cor-

2042 2112 2244 2179 reptus
2268 2108 2556 2164 Adrianus
2613 2108 2699 2163 eis
2754 2107 2980 2163 bellum
3030 2105 3254 2172 intulit,
3304 2120 3541 2175 unaque
3601 2102 3696 2158 die

2040 2199 2144 2253 580
2174 2198 2365 2254 millia
2394 2198 2709 2255 interfecit.
2746 2197 2915 2254 Urbis
2966 2212 3203 2267 quoque
3231 2200 3288 2250 et
3319 2195 3525 2265 templi
3554 2193 3697 2248 reli-

2040 2286 2210 2356 quias
2240 2302 2449 2342 omnes
2471 2285 2951 2357 complanavit,et
2969 2299 3179 2339 novam
3201 2281 3467 2339 condidit
3484 2280 3695 2336 urbem

2037 2377 2140 2447 ibi,
2172 2379 2265 2432 cui
2297 2377 2456 2432 Elim
2487 2392 2706 2433 nomen
2739 2375 2988 2443 indidit;
3024 2376 3204 2446 inque
3263 2373 3416 2429 438
3471 2371 3693 2443 templo

2039 2483 2145 2522 sua
2174 2472 2369 2523 statua
2399 2467 2611 2540 posita,
2643 2466 2853 2523 urbem
2885 2466 3116 2521 Grmcos
3164 2463 3433 2518 habitare
3485 2462 3688 2534 jussit.

2037 2556 2342 2611 Excidium
2374 2557 2484 2612 hoc
2505 2556 2672 2611 urbis
2704 2554 3006 2627 portendit
3026 2558 3236 2625 sponte
3249 2568 3358 2608 sua
3378 2551 3486 2623 disj
3498 2555 3690 2606 ectum

2038 2645 2371 2701 Solomonis
2403 2647 2861 2701 monimentum.
2926 2643 3188 2699 Plurimo
3229 2643 3455 2697 honore
3496 2639 3694 2698 affecit

2037 2734 2334 2790 Adrianus
2364 2734 2651 2790 Simelum
2676 2732 2998 2806 quemdam
3040 2732 3375 2804 prudentia,
3411 2729 3689 2800 aequitate

2035 2822 2355 2894 multisque
2384 2824 2702 2878 virtutibus
2760 2828 3035 2879 ornatum
3076 2822 3289 2888 virum,
3323 2835 3577 2889 eumque
3612 2817 3688 2873 ad

2036 2927 2314 2984 magnam
2376 2913 2565 2968 evexit
2610 2912 2960 2983 potentiam.
2995 2911 3105 2966 Sed
3140 2908 3395 2963 Simelus
3432 2922 3553 2961 non
3584 2906 3687 2960 diu

2036 3006 2198 3072 gesto
2232 3001 2480 3072 imperio
2513 3017 2615 3055 rus
2647 3016 2709 3055 se
2739 2999 3011 3068 contulit,
3044 2998 3246 3069 ibique
3307 2996 3687 3067 septennium

2036 3089 2299 3160 privatus
2330 3105 2465 3144 cum
2496 3089 2757 3155 vixisset,
2802 3093 3071 3145 mortuus
3120 3092 3228 3155 est,
3278 3101 3413 3141 cum
3445 3083 3685 3155 quidem

2031 3178 2312 3250 jussisset
2335 3193 2440 3233 suo
2472 3178 2744 3249 sepulcro
2761 3177 2887 3232 haec
2912 3175 3156 3231 inscribi
3184 3192 3197 3230 :
3221 3173 3475 3230 Simelus
3487 3172 3582 3227 hic
3599 3176 3689 3227 est

286 3259 481 3332 τρίψας
534 3258 905 3334 ἐτελεύτησεν,
961 3260 1323 3341 ἐπιγραφῆναι
1388 3262 1689 3336 προστάξας
1744 3261 1796 3318 ἐν
1851 3266 1928 3334 τῷ

2041 3226 2311 3250 ,πυ-η-
2335 3226 2435 3233 η-
2473 3226 2738 3249 nr---"
2763 3226 2884 3232 .__-
2913 3226 3156 3231 ____-____
3185 3226 3196 3230 _
3221 3226 3467 3230 _,_--7,-
3614 3226 3619 3227 ,

2041 3267 2207 3335 situs,
2241 3267 2342 3338 qui
2400 3282 2590 3323 annos
2640 3266 2829 3322 atatis
2878 3265 3127 3337 adeptus
3186 3263 3406 3318 multos
3445 3259 3689 3316 nonnisi

284 3348 542 3421 μνημείῳ
570 3347 753 3408 αὺτοῦ.
788 3349 1040 3424 Κίμηλος
1090 3349 1315 3406 ἐνταῦθα
1368 3355 1676 3407 κατάκειται
1727 3352 1931 3427 βιώσας

284 3436 383 3508 μὶν
445 3435 611 3509 ἔτη..,
674 3441 840 3509 ζήσας
906 3437 963 3495 δὶ
1022 3439 1156 3495 ἑπτά
1207 3445 1334 3514 (58).
1416 3441 1590 3503 Οὗτος
1648 3438 1932 3517 ⁷Αδριανὸς

282 3525 464 3600 χρεων
515 3527 739 3603 ὀφειλάς
768 3532 876 3584 τῶν
934 3528 1023 3584 ὑπ’
1053 3530 1215 3585 αὐτὸν
1278 3528 1496 3585 πόλεων
1541 3531 1631 3585 καὶ
1688 3529 1933 3587 πολιτῶν

275 3619 360 3687 τῷ
392 3613 654 3690 δημοσίῳ
687 3616 842 3695 λόγῳ
891 3617 1194 3690 ἀνηκούσας
1249 3619 1488 3693 ἀπέκοψε
1541 3622 1674 3696 (59),
1730 3620 1930 3683 καύσας

272 3705 408 3767 τοὺς
440 3704 670 3780 χάρτας.
739 3707 967 3765 Νίκαιάν
1026 3728 1086 3763 τε
1143 3710 1233 3763 καὶ
1290 3707 1667 3783 Νικομήδειαν
1722 3715 1931 3785 σεισμῷ

273 3795 591 3858 πτωθείσας
648 3797 999 3867 ἀνεκτήσατο.
1072 3798 1197 3854 Ἐπί
1276 3797 1471 3854 τούτου
1533 3801 1821 3862 Ἰουστῖνος
1900 3799 1927 3855 6

273 3884 585 3966 φιλόσοφος
635 3886 773 3942 κατὰ
826 3892 1012 3943 πασῶν
1071 3888 1324 3964 αἱρέσεων
1364 3887 1668 3965 ἠνδρίζετο’
1703 3891 1777 3954 ὡς
1824 3891 1928 3967 γάρ

267 3995 412 4055 φησι
444 3974 686 4048 Κλήμης
716 3977 745 4031 6
778 3978 1161 4053 Στρωματεῦς,
1204 3976 1292 4035 ἐπὶ
1347 3976 1638 4055 Ἀδριανοῦ
1672 3980 1926 4061 ὑπῆρχον

262 4069 617 4142 αἱρεσιῶται,
666 4067 856 4144 ἐχθροὶ
912 4075 1014 4138 τῆς
1062 4072 1171 4124 τῶν
1243 4070 1579 4142 Χριστιανῶν
1664 4071 1924 4140 πίστεως,

263 4160 356 4230 [Ρ.
390 4146 541 4232 250]~
565 4162 912 4230 Σατορνῖνος,
980 4154 1311 4228 Βασιλείδης
1362 4159 1454 4214 καὶ
1510 4161 1922 4236 Καρποκράτης.

263 4246 505 4315 Θνήσκει
538 4242 598 4300 δὲ
629 4242 913 4320 Ἀδριανὸς
946 4244 1041 4320 βίᾳ
1068 4252 1169 4316 τῆς
1198 4246 1385 4317 νόσου,
1441 4248 1647 4321 κράζω’
1678 4252 1745 4305 Ὠ
1798 4254 1922 4318 Ζεῦ,

262 4334 446 4390 πόσον
492 4335 657 4389 κακόν
712 4334 853 4389 ἐστιν
910 4334 1277 4411 ἐπιθυμοῦντά
1323 4357 1442 4391 τινα
1494 4337 1780 4401 ἀποθανεῖν
1832 4339 1922 4393 καὶ

2043 3361 2270 3426 septem
2301 3372 2491 3412 annos
2521 3356 2681 3410 vixit.
2706 3355 2867 3411 Idem
2889 3354 3181 3410 Adrianus
3199 3368 3333 3409 cum
3373 3349 3694 3406 audivisset

2041 3446 2323 3515 rationes,
2358 3450 2647 3517 quantum
2678 3451 2737 3500 et
2764 3445 2944 3501 urbes
2975 3449 3034 3499 et
3062 3444 3217 3499 cives
3267 3440 3476 3497 mrario
3509 3438 3690 3495 debe-

2041 3541 2193 3605 rent,
2226 3536 2427 3591 omnia
2450 3537 2564 3591 ista
2592 3535 2997 3608 debitajussis
3022 3533 3273 3591 cremari
3304 3530 3692 3597 chartis,con-

2040 3625 2300 3683 donavit.
2336 3626 2589 3681 Nicmam
2642 3631 2701 3680 et
2750 3624 3149 3681 Nicomediam
3179 3627 3350 3678 terra)
3382 3626 3546 3675 motu
3586 3619 3692 3674 de-

2031 3716 2222 3789 jectas
2250 3716 2478 3773 refecit.
2527 3718 2608 3772 Eo
2632 3717 2963 3788 imperante
2993 3715 3261 3770 Justinus
3290 3712 3683 3784 philosophus

2035 3805 2269 3861 fortiter
2300 3806 2576 3861 omnibus
2635 3821 2697 3860 se
2730 3804 3058 3859 hteresibus
3088 3804 3383 3875 opposuit.
3418 3804 3562 3858 Nam
3620 3805 3687 3856 ut

2035 3895 2311 3954 Clemens
2336 3895 2536 3966 tradit,
2570 3894 2671 3965 qui
2701 3911 2736 3949 a
2766 3894 3118 3964 scriptorum
3147 3907 3390 3948 suorum
3412 3890 3677 3946 materiae

2034 3985 2316 4040 varietate
2348 3984 2711 4038 Stromateus
2740 3986 3085 4054 usurpatur,
3116 3981 3379 4037 haeretici
3438 3996 3505 4035 eo
3538 3985 3686 4035 tem-

2035 4090 2178 4145 pore
2220 4073 2358 4127 fidei
2415 4072 2764 4127 Christianas
2823 4070 3041 4126 infensi
3090 4076 3277 4139 erant,
3308 4070 3687 4137 Saturninus,

2034 4162 2322 4218 Basilides
2354 4166 2411 4215 et
2443 4160 2839 4232 Carpocrates.
2862 4159 3097 4214 Morbus
3127 4160 3455 4215 Adrianum
3512 4174 3684 4214 neca-

2033 4253 2134 4321 vit,
2158 4267 2291 4306 cum
2318 4267 2439 4323 prta
2469 4251 2521 4305 vi
2554 4249 2683 4321 ejus
2702 4249 3091 4305 exclamasset
3124 4265 3136 4303 :
3164 4250 3207 4304 Ο
3237 4250 3482 4320 Jupiter,
3503 4263 3681 4319 quam

2033 4342 2320 4397 miserum
2346 4345 2436 4395 est
2465 4344 2738 4411 expetere
2760 4343 3013 4393 mortem
3027 4354 3218 4409 neque
3243 4338 3357 4392 voti
3380 4337 3505 4392 ﬁeri
3520 4352 3679 4392 com-

270 4425 354 4497 μὴ
403 4422 709 4499 τυγχάνειν
761 4422 1042 4481 Τελευτῶν
1120 4422 1177 4480 δὲ
1259 4426 1667 4500 προχειρίζεται
1722 4427 1927 4484 Ἀντω-

2041 4429 2268 4503 potem!
2312 4431 2565 4485 Moriens
2586 4428 2954 4483 Antoninum
2984 4428 3095 4482 sibi
3147 4426 3399 4484 suffecit.
3430 4427 3679 4499 Trajano

1448 4547 1826 4609 XYLANDRI
1883 4549 1970 4612 ET
2027 4550 2240 4607 GOARI
2288 4548 2511 4615 NOTJE,

345 4667 814 4742 (50),Confundit
862 4669 1014 4742 hanc
1063 4675 1267 4727 auctor
1320 4686 1442 4729 non
1490 4671 1725 4742 ignotus
1784 4689 1918 4731 cum

266 4739 521 4796 Thracia
549 4739 954 4813 Adrianapoli.
988 4741 1060 4797 At
1090 4742 1307 4813 Mysize,
1340 4758 1461 4798 non
1491 4739 1753 4803 Thraciae
1781 4744 1925 4803 urbs

266 4815 381 4879 est,
416 4816 473 4868 et
498 4828 531 4867 a
561 4812 923 4883 Cuspiniano
957 4829 1029 4867 ex
1059 4812 1244 4869 Diene
1276 4817 1334 4869 et
1365 4813 1643 4875 Suetonio
1690 4815 1925 4875 Adriani

276 4884 549 4956 Venatng
578 4891 739 4956 septa,
762 4888 1161 4956 nuncupatur.
1196 4885 1366 4943 Goxa.

341 4953 455 5029 (ρῗ)
490 4954 609 5011 Hoc
642 4953 787 5029 quid
809 4956 904 5025 sit,
937 4953 1058 5029 non
1088 4956 1267 5029 facile
1281 4955 1579 5029 dixerim,
1605 4957 1777 5029 Apud
1823 4956 1921 5016 Xi—

266 5022 569 5101 philinum
601 5022 1451 5101 ex-Diope;urbsgsimp1iciter
1496 5022 1777 5101 Ἀδριᾶνοῦ
1809 5034 1920 5097 Θῆ-

266 5096 355 5170 ραι
380 5096 830 5170 Ϋᾱὶοἱιμιν,νᾳιιοά
888 5098 1153 5170 Venetiae
1207 5096 1452 5170 Adriani
1480 5096 1656 5170 septa
1686 5117 1920 5159 conver.

265 5169 338 5223 tit
377 5167 619 5242 merula.
654 5167 875 5242 Eodem
907 5169 1082 5242 modo
1112 5168 1367 5242 Zonaras
1398 5167 1595 5242 habet.
1659 5171 1920 5242 Spartia-

261 5238 717 5314 nus:0ppi_du_m
741 5239 1198 5301 Adrianotheras
1221 5241 1282 5301 in
1313 5240 1569 5313 quodam
1602 5238 1919 5314 loco.quod

263 5310 389 5387 illic
416 5310 486 5363 et'
506 5310 760 5387 feliciter
790 5317 946 5387 esset
974 5317 1225 5387 venatus
1249 5316 1306 5367 et
1334 5310 1552 5387 'ursam
1584 5310 1916 5387 occidisset,

261 5381 589 5454 aliquando
618 5382 947 5443 constituit.
982 5382 1130 5454 Quid
1181 5383 1227 5439 si
1289 5381 1535 5454 μιτάτοις
1591 5388 1804 5442 metatis
1837 5381 1920 5446 si;

261 5452 543 5524 gnificare
583 5453 807 5524 debuit,
840 5452 1168 5511 utAdriani
1198 5452 1572 5513 venationem
1590 5457 1768 5514 certis
1800 5474 1919 5515 me~

262 5523 438 5601 ᾕρεειο
498 5523 720 5601 ﬁnibus
756 5524 920 5601 urbis
988 5525 1280 5601 inclusam
1332 5526 1649 5601 designet?
1678 5529 1815 5601 Xva.
1848 5559 1917 5575 -ς

267 5597 488 5665 Mitata,
522 5612 626 5651 seu
660 5595 924 5655 Latinius
954 5596 1159 5664 mavis,
1193 5595 1756 5665 metata,castrorum
1786 5600 1919 5658 loca

272 5666 650 5746 interpretor,
683 5667 742 5746 in
802 5667 1346 5746 quibusstaretvel
1396 5670 1663 5746 longiore
1718 5671 1916 5746 profe-

270 5738 464 5792 ctione
513 5738 787 5810 suscepta
824 5738 1142 5809 paululum
1199 5738 1533 5810 quiesceret
1599 5738 1911 5797 exercitus.

2029 4674 2177 4733 Hinc
2205 4679 2513 4746 metatares,
2536 4673 2610 4729 de
2641 4673 2857 4746 quibus
2888 4674 3162 4746 Vegetius
3188 4692 3247 4745 ιι,
3278 4679 3330 4731 7.
3364 4676 3539 4733 (ὶοΑιι.

2106 4746 2217 4817 (58)
2248 4745 2733 4819 Χὶρὴὶιὶῐιιιωίοῐ
2761 4761 2895 4801 vero
2945 4745 3006 4801 id
3039 4746 3545 4819 quodiperspicue
3575 4764 3681 4819 ve-

2032 4817 2341 4900 rummerat,
2377 4823 2614 4900 secutus
2651 4817 2747 4872 hic
2777 4834 2928 4900 sum.
2962 4817 3113 4900 Nam
3165 4817 3312 4900 illud
3346 4817 3550 4900 Blitea;
3583 4818 3676 4900 μὲν

2033 4884 2141 4962 ἔτη,
2162 4886 2203 4958 ζ’
2223 4893 2334 4962 est
2359 4889 2431 4945 ab
2454 4888 2655 4962 aliquo
2679 4890 2965 4962 positum
3016 4889 3115 4961 qui
3158 4884 3526 4962 elegantiam
3557 4884 3679 4962 in-

2032 4960 2371 5034 scriptionis
2401 4977 2523 5034 non
2550 4960 3434 5034 intellexit._Fuitscribendum
3470 4960 3674 5034 βιώσας

2035 5025 2276 5101 μὶν’ἔτη
2332 5028 2539 5099 πολλὰ,
2586 5031 2695 5099 vel,
2754 5038 2820 5086 ut
2875 5032 3054 5087 habet
3100 5025 3480 5103 Xiphilinus;
3518 5025 3676 5088 τόσά.

2032 5104 2176 5159 Nam
2207 5104 2386 5159 vitam
2410 5103 2528 5158 otio
2562 5108 2620 5157 et
2646 5103 3068 5174 tranguillitate
3091 5108 3550 5174 carentem,cum
3584 5103 3679 5157 in.

2022 5174 2291 5255 jucunda
2317 5174 2545 5240 fuisset,
2574 5174 2976 5255 vitienomine
3007 5190 3152 5255 non.
3184 5173 3536 5255 dignabatur
3562 5193 3576 5240 ;
3610 5190 3678 5230 ac

2031 5246 2152 5316 ζῇν,
2185 5246 2396 5309 vivere,
2430 5261 2536 5316 pro
2561 5244 2817 5316 suaviter
2846 5251 2903 5300 et
2928 5245 3193 5316 jucunde
3220 5244 3407 5301 vivere
3434 5245 3677 5302 demum

2028 5315 2168 5386 poni
2202 5317 2344 5387 satis
2374 5315 2581 5371 natum
2615 5317 2705 5370 est
2732 5315 2824 5370 vel
2850 5315 3373 5387 exepigrammate
3405 5316 3476 5372 de
3514 5316 3677 5374 horis

2029 5386 2277 5512 ἓίμινὲἰδ,
2313 5386 2372 5447 in
2405 5403 2521 5455 quo
2551 5391 2641 5443 est
2662 5389 2842 5443 vivere
2873 5386 3005 5457 post
3032 5386 3157 5443 illas
3188 5387 3377 5444 littera
3410 5391 3556 5457 .Zeta
3573 5393 3674 5461 ju-

2063 5476 2090 5512 e
2122 5500 2132 5510 .
2216 5475 2302 5512 γε.

2063 5475 2132 5512 ει.
2166 5475 2302 5512 AYL.

2098 5530 2205 5599 (59)
2224 5529 2329 5587 Ubi
2361 5527 2662 5599 Cedrenus
2693 5528 2874 5587 refert
2927 5530 3254 5590 Adrianum
3306 5531 3553 5591 urbibus
3583 5540 3670 5588 at-

2027 5616 2139 5695 qu‘e
2172 5600 2394 5695 civibus
2413 5598 2611 5695 debita
2626 5600 3287 5695 dimisisseﬁpmailgine
3310 5605 3674 5695 assignatum

2026 5668 2363 5747 (ᾔεις-,Τοῦτο
2402 5668 2491 5747 καὶ
2555 5670 2583 5726 6
2640 5668 2771 5747 ἐμὸς
2834 5668 3089 5745 βασιλεὺς
3143 5668 3378 5737 ’Ῑσάκιος
3432 5668 3548 5747 ’ἅμα
3602 5678 3671 5747 τῇ

2025 5740 2315 5817 ἀναῤῥήσει
2346 5741 2614 5813 ἐποίησεν.
2647 5740 2785 5799 XYL.
