4118 6288
378 341 496 412 £79

1698 335 2010 400 GEORGII
2058 336 2410 401 CEDRENI

3661 333 3794 395 480

383 480 543 540 enim
569 485 826 547 mortuo,
862 473 1176 550 epistolam
1209 477 1463 532 ﬁnxerat
1493 477 1776 545 tanquam
1817 473 1878 528 in
1900 473 2028 544 ipso

2155 472 2282 524 νῖνον
2315 473 2454 547 (60)·
2515 473 2940 545 τελευτήσαντος
2996 473 3100 551 γὰρ
3154 475 3446 548 Τραϊανοῦ,
3515 466 3791 528 ἐπλάσατο

383 573 665 644 ‘scriptam
685 569 759 625 ad
789 573 1084 635 senatum,
1113 581 1230 638 qua
1258 581 1394 620 eum
1427 563 1618 620 filium
1649 567 1707 618 et
1737 578 2036 618 successo-

381 678 506 717 rem
543 659 894 716 declararet.

457 841 795 896 Antoninus
848 837 1161 909 imperavit
1214 851 1402 890 annos
1458 837 1547 902 24-,
1598 833 1911 904 adoptatus
1965 829 2038 885 ab

381 930 659 987 Adriano.
690 929 793 983 Hic
825 927 1053 999 primus
1083 927 1512 996 imperatorum
1535 923 1673 978 Pius
1705 926 1794 977 est
1823 935 2035 992 cogno-

385 1020 644 1076 minatus
667 1017 740 1074 ob
790 1015 984 1072 omnis
1013 1013 1249 1086 generis
1277 1013 1548 1078 virtutes,
1609 1009 1826 1081 quibus
1883 1009 2037 1064 430

381 1114 509 1166 erat
540 1107 842 1180 praaditus.
879 1105 1095 1161 Scribit
1126 1103 1401 1158 Clemens
1435 1102 1564 1173 ejus
1617 1107 1881 1172 tempore
1914 1101 2036 1154 lio-

383 1216 495 1254 mm
528 1195 759 1251 nobiles
787 1194 970 1249 fuisse
989 1197 1286 1248 sectarum
1308 1191 1610 1263 principes
1639 1188 2037 1255 Valentinum,

383 1286 712 1342 Cerdonem
745 1290 802 1338 et
830 1283 1208 1349 Marcionem,
1250 1286 1309 1336 et
1363 1279 1522 1352 apud
1570 1279 1826 1350 Phryges
1856 1277 2042 1332 Tatia-

380 1391 525 1432 num
557 1379 613 1428 et
645 1372 1063 1436 Bardesanem,
1097 1387 1164 1425 ac
1189 1367 1524 1424 Priscillam
1557 1372 1616 1422 et
1659 1365 2040 1422 Maximillam

379 1465 560 1522 falsas
589 1466 771 1518 vates.
806 1461 938 1516 Fuit
966 1465 1108 1515 tunc
1139 1459 1202 1513 in
1233 1457 1624 1514 admiratione
1657 1455 1829 1511 etiam
1872 1454 2038 1510 Gale-

379 1571 494 1610 nus
522 1551 814 1608 medicus.
846 1553 915 1605 Et
945 1555 1073 1605 erat
1105 1548 1349 1620 quidam
1383 1547 1770 1614 Bardesanes,
1795 1545 2040 1600 natione

379 1644 582 1714 Syrus,
615 1641 952 1712 disputator
983 1637 1411 1694 subtilissimus
1469 1652 1536 1690 ac
1587 1635 1797 1690 doctus
1839 1633 2038 1700 homo,

377 1732 550 1803 cuius
583 1731 654 1787 de
678 1731 800 1786 fato
833 1728 1170 1783 orationem
1229 1725 1568 1782 Antoninus
1618 1724 1875 1779 miratus
1932 1726 2039 1776 est.

381 1820 596 1875 Marcio
611 1819 1008 1892 Polycarpum
1023 1817 1296 1899 Smyrnae
1321 1814 1665 1904 episcopum
1681 1811 1911 1904 obviam
1929 1809 2042 1904 sibi
2075 1839 2120 1904 Β

380 1909 604 1964 factum
635 1894 1054 1977 interrogavit:
1088 1903 1454 1976 Agnoscisne
1505 1919 1635 1970 nos,
1682 1900 1910 1973 egregie
1942 1901 2046 1954 Po-

381 1997 620 2069 lycarpe
634 1997 662 2051 ‘2
675 1993 1002 2066 Respondit
1019 1993 1380 2064 Polycarpus
1395 2008 1408 2047 :
1425 1992 1693 2063 Agnosco
1715 1995 1792 2057 te,
1819 1990 2044 2044 Satanas

385 2079 1816 2158 primogenitum.MoriensAntoninusimperium
1828 2094 2044 2150 genero

385 2191 492 2230 suo
517 2176 587 2230 M.
635 2172 936 2229 Antonino
994 2169 1314 2226 mandavit.
1356 2168 1475 2224 Sub
1536 2185 1604 2225 eo
1661 2167 2044 2239 Polycarpus,

379 2263 620 2320 Joannis
651 2260 1026 2332 evangelista
1086 2257 1437 2329 discipulus,
1463 2262 1522 2312 et
1549 2256 1815 2312 Justinus
1847 2256 2044 2327 philo-

379 2352 625 2424 sophus,
667 2366 733 2406 ac
764 2349 1082 2420 Dionysius
1104 2347 1370 2402 Corinthi
1401 2345 1743 2417 episcopus,
1792 2344 1866 2400 ob
1899 2344 2046 2399 divi-

381 2458 473 2496 nae
489 2439 753 2495 veritatis
784 2436 1218 2509 professionem
1247 2434 1541 2506 supplicio
1573 2439 1714 2489 sunt
1752 2434 1969 2488 affecti.

459 2531 531 2584 Μ.
566 2527 904 2583 Antoninus
935 2525 1247 2597 imperavit
1293 2539 1484 2579 annos
1518 2523 1586 2578 49
1620 2523 1733 2579 :de
1766 2523 1858 2577 his
1909 2539 2044 2578 cum

388 2621 536 2674 Vero
577 2633 796 2691 genero
828 2632 934 2670 suo
966 2631 1156 2670 annos
1190 2617 1276 2680 10,
1309 2628 1546 2668 menses
1577 2614 1629 2667 9.
1662 2613 1716 2668 Is
1761 2627 1896 2668 cum
1939 2611 2045 2668 ad-

385 2723 589 2762 versus
635 2709 960 2761 Germanos
1016 2720 1084 2759 ac
1157 2705 1453 2758 Sarmatas
1512 2701 1737 2757 bellum
1791 2706 2042 2774 gereret.

387 2794 801 2865 exercitusque
841 2792 938 2848 siti
980 2808 1220 2864 pressus
1251 2790 1716 2863 periclitaretur,
1750 2789 2045 2845 Melitenaa

385 2883 642 2954 legionis
672 2882 916 2947 milites,
942 2881 1044 2953 qui
1074 2879 1397 2936 Christiani
1443 2884 1633 2944 erant,
1667 2895 1702 2934 a
1749 2880 1866 2934 Deo
1899 2895 2043 2934 con-

388 2973 569 3028 tentis
599 2971 874 3043 precibus
907 2971 1376 3041 impetraverunt
1402 2973 1469 3024 ut
1498 2967 1748 3023 fulmine
1781 2967 2044 3023 hostium

389 3062 682 3117 exercitus
729 3059 1010 3115 feriretur
1038 3058 1350 3128 imberque
1383 3059 1678 3114 Romanas
1728 3055 1928 3128 copias
1959 3071 2047 3112 re-

393 3154 640 3206 crearet.
682 3150 868 3214 Quam
927 3163 1049 3202 rem
1091 3147 1416 3218 imperator
1469 3145 1638 3202 valde
1695 3145 2044 3216 admiratus,

394 3241 586 3296 edi-sto
616 3237 969 3296 Christianis
999 3237 1257 3291 honores
1284 3235 1516 3303 detulit,
1552 3234 1890 3306 legionique
1917 3234 2046 3290 Ful-

392 3327 723 3385 minatricis
773 3330 1234 3396 cognomentum
1282 3323 1517 3378 indidit.
1603 3325 1743 3395 Ejus
1794 3324 2044 3395 imperio

393 3417 634 3488 quidam
655 3414 939 3469 Hebraeus
951 3429 1059 3485 per
1075 3413 1457 3468 solitudinem
1483 3413 1596 3466 iter
1616 3429 1750 3468 cum
1774 3413 2049 3468 Christia-

389 3505 484 3560 nis
507 3504 753 3567 faciens,
788 3518 923 3556 cum
955 3503 1015 3554 in
1040 3517 1273 3572 gravem
1307 3503 1467 3556 440
1496 3501 1770 3556 morbum
1803 3500 2047 3572 delapso

385 3595 512 3666 jam
543 3593 673 3648 vitae
713 3591 1036 3647 discrimen
1092 3589 1486 3660 impenderet,
1520 3590 1886 3645 Christianos
1943 3607 2051 3661 per

396 3681 498 3736 Dei
531 3696 752 3736 nomen
778 3678 1107 3734 obtestatus
1137 3682 1229 3732 est
1259 3677 1342 3730 uti
1375 3693 1437 3732 se
1491 3676 1872 3749 baptizarent.
1905 3683 2044 3733 Cum

396 3788 533 3826 vero
566 3786 760 3842 neque
792 3785 947 3840 aqua
977 3767 1050 3823 ad
1073 3783 1314 3822 monum
1349 3773 1506 3822 esset
1536 3783 1730 3838 neque
1771 3767 2048 3824 sacerdos

397 3861 793 3928 Christianus,
820 3858 1085 3913 vestibus
1107 3857 1411 3912 hominem
1446 3857 1766 3922 nudarunt,
1801 3864 1860 3912 et
1889 3859 2048 3930 ipso-

398 3966 530 4005 rum
545 3948 786 4020 quidam
807 3947 1081 4002 manibus
1093 3961 1336 4001 arenam
1363 3946 1635 4002 haustam
1657 3947 1894 4002 tertium
1919 3947 2048 4018 ejus

399 4038 578 4109 capiti
596 4035 1081 4100 infudit,tertium
1099 4034 1330 4090 dicens:
1365 4035 2048 4106 BaptizaturTheodorus

396 4128 459 4182 in
485 4127 728 4182 nomine
758 4125 948 4180 Patris
979 4130 1039 4180 et
1067 4124 1198 4179 Filii
1232 4129 1292 4179 et
1337 4123 1588 4196 Spiritus
1611 4126 1820 4180 sancti.
1856 4128 2049 4197 Atque

397 4216 499 4272 ille
521 4215 800 4271 Hebraaus
833 4214 1009 4269 simul
1039 4219 1215 4282 atque
1238 4213 1322 4268 ita
1352 4212 1676 4284 baptizatus
1690 4215 2048 4282 est,cont‘es-

397 4306 506 4361 tim
557 4304 762 4360 morbo
807 4320 913 4358 suo
961 4319 1204 4374 prorsus
1253 4307 1344 4356 est
1391 4289 1695 4357 liberatus.
1730 4305 2047 4374 Postquam

399 4394 832 4450 Alexandream
863 4396 1280 4463 pervenerunt,
1313 4407 1408 4445 res
1440 4407 1510 4446 ea
1540 4391 1822 4462 Dionysio
1879 4411 2046 4464 papas

2141 557 2438 631 ἐπιστολὴν
2469 562 2542 625 ὡς
2575 560 2737 634 δῆθεν
2768 565 2897 639 παρ’
2955 563 3122 620 αὐτοῦ
3167 570 3457 642 γραφεῖσαν
3483 566 3623 640 πρὸς
3686 567 3790 636 τὴν

2144 647 2378 723 βουλὴν,
2413 648 2536 716 ἔνθα
2562 651 2678 706 υἱὸν
2707 651 2797 708 καὶ
2836 649 3096 729 διάδοχον
3157 659 3260 724 τῆς
3321 653 3601 728 βασιλείας
3659 653 3800 709 ὠνό-

2146 759 2331 812 μασεν.

2215 831 2541 895 Ἀντωνῖνος
2585 828 2892 900 ὀΕ·Ϊισεϐἢς
2951 826 3295 888 ἐϐασίλευσεν
3350 830 3442 900 ἔτη
3503 829 3609 900 κδ’,
3681 834 3805 887 υἱο-

2141 918 2392 988 ποιηθεὲς
2420 923 2504 992 τῷ
2531 918 2824 994 Ἀδριανῷ,
2881 920 2971 976 καὶ
3029 925 3248 996 πρῶτος
3307 920 3660 998 αᾶίτοκρατωρ
3689 922 3808 978 Εὐ-

2144 1003 2308 1076 σεϐὴς
2390 1006 2694 1080 ἐπεκλήθηο
2758 1015 2929 1065 πᾶσαν
3003 1011 3104 1086 γὰρ
3176 1011 3372 1086 ἀρετὴν
3443 1011 3804 1080 ἐπεκτήσατο.

2139 1103 2231 1158 Ὠς
2261 1117 2394 1176 φησι
2431 1094 2489 1152 δέ
2521 1097 2639 1168 Κλτς
2653 1119 2784 1171 μης,
2816 1101 2900 1154 ὅτι
2933 1099 3021 1154 ἐπὶ
3052 1098 3217 1156 αὐτοῦ
3274 1099 3656 1168 Οὖαλεντῖνος,
3707 1099 3806 1154 καὶ

2145 1183 2518 1262 Κέρδων,καὶ
2569 1188 2833 1263 Μαρκίων
2893 1187 2946 1242 ἐν
3007 1189 3192 1262 Ῥώμῄ
3255 1187 3806 1267 αἳρεσιὰρχαιέγνωο

2146 1276 2384 1350 ρίζοντο,
2414 1274 2505 1330 καὶ
2538 1278 2818 1347 Τατιανὸς,
2849 1278 2938 1332 καὶ
2983 1274 3321 1350 Βαρόισᾶνης
3375 1281 3510 1350 (61),
3541 1277 3632 1332 καὶ
3667 1283 3800 1352 Πρι-

2146 1364 2348 1421 σκίλλα
2379 1366 2470 1420 καὶ
2501 1366 2822 1439 Μαξιμίλλα
2855 1369 2907 1422 αἱ
2948 1365 3471 1445 ψευδοπροφῆτιδες,
3497 1371 3604 1422 τῶν
3659 1368 3804 1422 κατὰ

2147 1453 2368 1530 Φρύγας
2425 1453 2808 1530 ἐγνωρίζοντο.
2869 1459 2967 1510 Καὶ
3035 1453 3286 1527 Γαληνὸς
3345 1459 3374 1512 ὁ
3439 1457 3622 1530 ἱατρὸς
3675 1455 3808 1512 τότε

2150 1543 2505 1617 ἐθαυμάζετο.
2541 1544 2645 1600 Καὶ
2681 1541 3020 1619 Βαρδισᾶνης
3052 1542 3110 1600 δέ
3147 1567 3230 1608 τις
3288 1545 3466 1620 Σύρος
3522 1542 3806 1600 διαλεκτια

2147 1633 2395 1694 κώτατος
2451 1632 2540 1688 καὶ
2605 1635 2772 1708 σοφὸς
2827 1634 2916 1704 ἦν,
3004 1629 3145 1690 ὥστε
3213 1636 3576 1709 θαυμάζεσθαι
3635 1633 3810 1690 αὐτοῦ

2148 1721 2288 1797 πρὸς
2317 1725 2415 1776 τοῦ
2473 1721 2792 1780 Ἀντωνίνου
2849 1723 2944 1779 τὸν
3013 1725 3154 1779 κατά
3218 1723 3557 1799 εὶμαρμένης
3616 1723 3810 1800 λόγον.

2151 1807 2515 1884 ῙΙολύκαρπος
2544 1806 2602 1865 δὲ
2650 1808 2946 1874 ἐπίσκοπος
3003 1810 3261 1884 Σμύρνης
3315 1810 3394 1874 είς
3451 1807 3574 1886 ὄψιν
3632 1809 3816 1876 ἐλθὼν

2153 1897 2438 1974 Μαρκίωιι
2501 1896 2752 1968 ἤκουσεν·
2816 1901 3232 1975 Ἐπιγινώσκεις
3319 1903 3490 1975 ἡμᾶς,
3549 1902 3594 1956 ὦ
3666 1899 3813 1956 καλέ

2153 1987 2480 2066 ΙΙολύκαρπε
2515 2007 2529 2056 ;
2560 1990 2622 2046 Ὀ
2663 1986 2738 2045 δὲ·
2767 1991 3154 2065 Ἐπιγινώσκω
3204 2011 3282 2063 σε,
3341 1987 3471 2065 ἔφη,
3519 1991 3611 2046 τὸν
3643 2011 3810 2066 πρω-

2152 2077 2375 2134 τότοκον
2402 2082 2503 2134 τοῦ
2537 2085 2764 2135 Σατανᾶ.
2827 2082 3057 2150 Θνήσκει
3115 2076 3173 2135 δὲ
3230 2080 3547 2142 Ἀντωνῖνος
3590 2075 3812 2155 προϐα-

2154 2165 2388 2241 λόμενος
2436 2167 2513 2230 εἷς
2575 2167 2802 2243 βασιλέα
2855 2169 3075 2245 Μάρκον
3135 2170 3454 2226 Ἀντωνῖνον
3509 2169 3602 2225 τὸν
3660 2167 3820 2224 ’ίδιον

2151 2249 2424 2330 γαμϐρόν.
2461 2255 2581 2312 Ἐπὶ
2610 2255 2810 2312 τούτου
2842 2255 3207 2332 Πολύκαρπος
3235 2259 3264 2312 ὁ
3327 2259 3576 2330 μαθητὴς
3611 2257 3818 2315 Ἰωάν-

2152 2365 2248 2398 νου
2271 2348 2369 2399 τοῦ
2399 2342 2791 2423 εὐαγγελιστοῦ
2819 2346 2909 2400 καὶ
2957 2347 3245 2410 Ἰουστῖνος
3278 2347 3306 2402 ὁ
3359 2345 3663 2423 φιλόσοφος
3718 2349 3818 2402 καὶ

2153 2433 2431 2497 Διονύσιος
2463 2435 2490 2489 ὁ
2521 2433 2818 2500 ἐπίσκοπος
2857 2436 3117 2511 Κορίνθου
3147 2434 3553 2512 ἐμαρτύρησαν.

2222 2525 2442 2600 Μάρκος
2475 2526 2794 2587 Ἀντωνῖνος
2825 2519 3168 2582 ἐϐασίλευσεν
3222 2522 3316 2596 ἔτη
3371 2533 3456 2597 ιθ⁸,
3521 2527 3658 2600 μετὰ
3711 2528 3812 2599 μὲν

2151 2609 2400 2689 Σεϐγςρου
2428 2619 2522 2669 τοῦ
2554 2609 2813 2689 γαμϐροῦ
2842 2609 3007 2670 αὐτοῦ
3032 2613 3126 2685 ἐτη
3165 2623 3193 2670 ι’
3231 2616 3326 2670 καὶ
3361 2622 3536 2688 μῆνας
3566 2617 3614 2670 θ’
3664 2619 3808 2691 (62).

2152 2701 2538 2775 ΙΙολεμοῦντος
2571 2700 2629 2757 δὲ
2661 2703 2968 2778 Γερμανοὺς
3025 2703 3118 2758 καὶ
3177 2705 3492 2778 Σαρμάτας,
3525 2702 3674 2778 δίψει
3705 2707 3811 2773 τῆς

2153 2797 2404 2866 στρατιᾶς
2462 2793 2792 2865 πιεζομένης
2850 2791 2940 2848 καὶ
2999 2789 3090 2848 διὰ
3137 2797 3301 2849 τοῦτο
3358 2789 3806 2864 κινδυνευούσης,

2151 2881 2278 2942 τοὺς
2309 2880 2398 2936 ἐπὶ
2435 2887 2537 2950 τῆς
2571 2878 2878 2952 Μελιτηνῆς
2907 2879 3050 2936 οὕτω
3101 2879 3453 2955 καλουμένης
3513 2880 3794 2957 λεγεῶνας,

2150 2970 2522 3045 Χριστιανοὺς
2579 2966 2760 3041 ὄντας,
2843 2970 2914 3026 δι’
2973 2970 3146 3047 εὐχῆς
3197 2971 3446 3033 ἐκτενοῦς
3498 2971 3629 3046 πρὸς
3697 2971 3792 3026 τὸν

2153 3059 2282 3114 Θεὸν
2312 3057 2610 3135 γενομένης
2659 3058 2786 3122 τοὺς
2849 3061 2944 3132 μὲν
3005 3059 3313 3132 πολεμίους
3363 3063 3598 3135 κεραυνῷ
3653 3058 3800 3134 βλη-

2075 3182 2119 3249 C
2159 3150 2338 3218 θῆναι,
2389 3143 2586 3249 ὄμϐρῳ
2644 3145 2702 3203 δὲ
2745 3146 2872 3210 τοὺς
2927 3147 3236 3220 Ῥωμαίους
3291 3149 3806 3224 παραμυθήσασθαι.

2155 3239 2328 3312 ’Όπερ
2411 3233 2660 3316 σφοδρῶς
2740 3235 3092 3306 καταπλῆξαν
3147 3239 3242 3292 τὸν
3304 3236 3554 3312 βασιλέα,
3613 3236 3813 3313 γράφει

2151 3330 2315 3399 τιμᾷν
2375 3326 2750 3400 Χριστιανοὺς,
2807 3326 2908 3394 τήν
2991 3323 3049 3380 δὲ
3106 3325 3342 3399 λεγεῶνα
3397 3320 3850 3402 ΚεραυνοϐόλονΓ

2157 3419 2608 3490 προσαγορεῦσαι.
2668 3416 2788 3472 Ἐπὶ
2855 3414 3052 3471 τούτου
3111 3411 3366 3491 Ἐϐραῖός
3418 3437 3502 3477 τις
3592 3413 3817 3471 συνοδοι

2157 3508 2342 3578 πορῶν
2395 3505 2738 3578 Χριπιανοῖς
2769 3503 2906 3558 κατὰ
2957 3505 3057 3574 τῆν
3115 3501 3322 3578 ἔρημον
3381 3503 3474 3558 καὶ
3531 3504 3818 3580 ἆρῥωστίᾳ

2157 3591 2438 3668 συσχεθεὶς
2471 3593 2764 3667 βαρυτάτῃ,
2820 3589 3146 3648 κινδυνεύειν
3207 3589 3314 3664 ἤδη
3372 3590 3622 3667 μέλλων,
3679 3613 3823 3664 παρ-

2158 3682 2339 3739 εκάλει
2390 3680 2518 3744 τοὺς
2579 3683 2937 3756 Χριστιανοὺς
2987 3681 3223 3756 ἐνορκῶν
3281 3681 3356 3744 εἰς
3411 3682 3474 3737 τὸ
3531 3686 3630 3737 τοῦ
3671 3687 3813 3736 Θεοῦ

2157 3768 2330 3841 ὄνομα
2380 3766 2638 3842 βαπτίσαι
2692 3767 2878 3824 αὐτόν.
2934 3764 3162 3828 Ὕδατος
3219 3765 3278 3822 δὲ
3336 3769 3412 3840 μὴ
3474 3765 3632 3828 ὄντος
3668 3769 3814 3840 μήτε

2157 3856 2346 3931 ἱερέως
2397 3862 2504 3911 τῶν
2564 3857 2902 3931 Χριστιανῶν
2963 3853 3347 3912 ἀποδυσάντων
3399 3855 3585 3928 αὐτὸν,
3619 3857 3694 3920 εἷς
3755 3855 3813 3927 ἐξ

2157 3946 2336 4002 αὐτῶν
2385 3943 2603 4016 πλήσας
2655 3946 2752 4007 τὰς
2807 3951 2996 4020 χεῖρας
3047 3944 3280 4018 ψάμμου
3333 3945 3393 4000 ἐκ
3436 3945 3621 4020 τρίτου
3708 3943 3816 4000 ἐπ-

2159 4039 2309 4112 έχεεν
2341 4035 2428 4090 ἐπὶ
2460 4037 2559 4104 τήν
2618 4033 2885 4114 κεφαλὴν,
2945 4033 3128 4109 τρίτον
3185 4032 3380 4111 λέγων·
3417 4059 3443 4086 ‹‹
3478 4035 3816 4104 Βαπτίζεται

2159 4123 2436 4198 Θεόδωρος
2467 4123 2542 4186 εἰς
2572 4123 2636 4178 τὸ
2666 4121 2843 4197 ὄνομα
2871 4128 2969 4179 τοῦ
3003 4125 3236 4199 Πατρὸς,
3275 4124 3366 4179 καὶ
3405 4128 3502 4178 τοῦ
3535 4125 3684 4190 Υἱοῦ,
3719 4124 3817 4178 καὶ

2155 4219 2254 4272 τοῦ
2323 4214 2482 4289 ἁγίου
2537 4213 2872 4285 ΙῘνεύματος.
2923 4213 3026 4269 Καὶ
3094 4217 3442 4288 παραχρῆμα
3493 4211 3812 4288 ἀνερῥώσθη

2159 4306 2188 4360 ὁ
2217 4303 2523 4377 ἅνθρωπος,
2553 4301 2766 4358 τελείαν
2815 4299 3140 4378 ἀπαλλαγὴν
3209 4309 3310 4371 τῆς
3354 4302 3521 4356 νόσου
3577 4301 3814 4376 εὑράμε-

2157 4411 2272 4452 νος.
2304 4389 2612 4454 ἘΛθὸντων
2645 4385 2704 4443 δὲ
2759 4387 2935 4443 αὐτῶν
2996 4387 3046 4444 ἐν
3102 4385 3508 4462 Ἀλεξανδρείᾳ,
3566 4387 3655 4442 καὶ
3718 4409 3814 4442 συ-

396 4483 470 4538 ad
503 4479 952 4554 dijudicandum
985 4479 1252 4549 exposita
1281 4483 1389 4534 est.
1431 4480 1486 4533 Is
1518 4479 1817 4536 hominem
1853 4481 2043 4538 denuo

2159 4483 2438 4553 ζητήσεως
2471 4478 2617 4553 παρὰ
2663 4481 2760 4533 τοῦ
2811 4476 2962 4532 πάπα
3019 4478 3302 4532 Διονυσίου
3369 4478 3454 4549 [1).
3499 4479 3624 4550 231]
3653 4497 3815 4552 γενο-

1627 4577 1992 4637 XYLANDRI
2021 4585 2112 4639 ET
2141 4582 2358 4640 GOARI
2391 4579 2618 4634 NOTAE.

468 4676 580 4749 (60)
605 4677 736 4749 Haec
767 4690 961 4749 neque
993 4673 1064 4728 de
1093 4673 1608 4749 Antoninoaccipi
1633 4683 1910 4749 possunt
1937 4696 2042 4735 ne-

397 4744 513 4820 que
541 4744 788 4820 omnino
819 4744 932 4820 huc
958 4745 1278 4820 pertinent,
1313 4744 1417 4820 sed
1438 4745 1520 4820 ad
1553 4745 1907 4820 Adrianum.
1943 4751 2044 4820 qui

397 4815 552 4874 {istis
578 4835 611 4873 a
643 4818 876 4873 Platina
899 4815 1406 4890 Augustalitteris
1436 4816 1686 4890 Trajano
1730 4815 2046 4890 adoptatus

395 4891 526 4946 fuit.
555 4892 797 4946 Constat
821 4890 933 4944 hoc
958 4886 1024 4942 ei
1057 4886 1382 4959 Xiphilino,
1435 4887 1766 4957 Spartiano,
1823 4886 2048 4947 Zonara

399 4968 575 5018 atque
607 4962 758 5017 aliis.
794 4963 932 5016 XYL.

501 4979 575 5018 ue
607 4979 758 5017 ams.
794 4979 932 5016 Λῑι..

463 4979 583 5160 ἴθι)
614 5033 928 5106 Perspicue
963 5029 1108 5085 falso
1151 5029 1248 5084 hic
1280 5027 1630 5084 Bardesanis
1677 5047 1898 5090 nomen
1957 5034 2044 5088 in-

463 5111 687 5160 tcatur.
742 5102 1021 5160 hominis.
1080 5108 1147 5156 ut
1203 5099 1363 5154 aliud
1413 5100 1567 5154 nihil
1630 5101 1845 5160 dicam.
1897 5106 2044 5160 Svri.

399 5099 687 5175 culca'tur,
742 5099 1021 5176 Hominis,
1080 5108 1147 5156 ut
1203 5099 1363 5176 aliud
1397 5100 1567 5176 nihil
1630 5101 1845 5165 dicam.
1897 5106 2045 5176 Syri.

400 5171 735 5248 Legendu'm
766 5175 918 5246 apud
954 5171 1562 5248 Phrygesl'riscillani,
1599 5179 1710 5248 etc.
1772 5176 1852 5230 De
1911 5171 2052 5232 Bar—

396 5243 616 5303 desane
642 5248 774 5303 vide
798 5243 990 5302 Euseb
1039 5245 1158 5300 fine
1190 5243 1325 5296 libri
1359 5244 1552 5313 quarti
1613 5247 1800 5301 Histor
1851 5249 2047 5303 Baetes.

396 5318 468 5372 de
500 5320 908 5390 Cataphrygon
940 5314 1465 5390 hmresi,_lldont_ani
1512 5319 1571 5368 et
1627 5316 1911 5372 falsarum
1945 5336 2049 5375 va-

397 5395 525 5513 t\um
557 5386 841 5446 Priscilla:
871 5407 941 5444 ac
970 5386 1329 5452 Maximilla),
1363 5386 1520 5441 idem
1551 5404 1604 5451 ν,
1667 5391 1730 5442 16
1779 5396 1838 5444 et
1878 5391 2049 5448 alias.

403 5494 420 5513 ι
457 5477 542 5513 vL.

403 5477 450 5515 ΑΚ
457 5477 542 5514 ΫῙη

475 5531 711 5604 (6'2)__In
769 5531 1044 5604 margine,
1093 5530 1220 5583 haec
1276 5527 1551 5604 stabant:
1613 5527 1740 5604 Ἐπὶ
1799 5527 1892 5584 τοῦ
1949 5531 2054 5604 πρὸ

404 5595 572 5654 αὐτοῦ
601 5595 1133 5675 Ἀντονίνομῗςιοῦτο⁵
1171 5595 1416 5675 γενέσθαι
1471 5598 1498 5651 ὁ
1534 5600 1875 5675 ’σοφώτατος
1920 5595 2054 5675 γρα-

403 5692 490 5750 ιρει
521 5671 831 5744 Θεμίστιος,
864 5667 1051 5729 ἄλλως
1092 5667 1148 5722 δὲ
1185 5667 1292 5722 ’καὶ
1344 5667 1456 5740 οὐχ
1503 5667 1698 5731 οὓτως.
1752 5667 2050 5745 Αροιόέίω

2112 4739 2118 4744 ,
2153 4679 2368 4736 Justini
2399 4676 2677 4746 martyris
2708 4675 2984 4730 secundm
3026 4675 3343 4747 subjuncta
3373 4681 3463 4730 est
3509 4691 3579 4730 ea
3627 4675 3697 4730 de
3743 4692 3807 4730 re

2155 4748 2655 4823 ipsiusAntonini
2688 4747 2939 4823 epistola
2971 4763 2985 4801 :
3022 4748 3126 4802 sed
3165 4747 3356 4823 u_trius
3388 4763 3456 4802 ea
3477 4818 3488 4823 _
3511 4747 3606 4808 sit.
3641 4747 3805 4823 Piine

2156 4818 2231 4877 an
2264 4819 2630 4890 Philosophi,
2662 4818 2880 4890 ambigi
2908 4825 3122 4890 potest.
3185 4820 3266 4872 Ex
3323 4818 3530 4874 Oresio
3586 4835 3683 4886 vn,
3722 4821 3810 4880 15,

2157 4893 2302 4948 satis
2332 4897 2494 4964 patet
2523 4889 2639 4964 sub
2663 4889 3018 4964 Philosopho
3050 4906 3182 4944 eam
3203 4905 3338 4964 rem
3369 4890 3810 4964 gestam,_ite_m-

2157 4980 2273 5035 que
2305 4959 2642 5035 e'xAEusebii
2673 4959 3096 5035 narrationum
3115 4961 3345 5035 ordine,
3379 4959 3439 5035 et
3461 4959 3652 5035 _quod
3700 4961 3811 5035 fra-

2157 5031 2309 5088 t'rem
2336 5033 2581 5088 alterius
2614 5033 2895 5087 Antonini
2931 5031 3236 5104 (nimirum
3272 5033 3424 5104 Veri)
3461 5033 3816 5104 Marcuniait

2158 5105 2380 5161 bellum
2414 5104 2824 5160 Germanicum
2867 5102 3117 5175 gessisse
3171 5102 3621 5175 ethhriStianis
3677 5120 3816 5174 pre-

2160 5175 2434 5232 cantibus
2465 5191 2620 5245 aqua
2652 5173 3013 5246 potitumi(v,
3045 5175 3120 5245 5).
3155 5173 3264 5228 Sed
3313 5181 3370 5229 et
3427 5174 3625 5246 Melite
3655 5173 3812 5246 apud

2161 5246 2440 5303 eumdem
2473 5245 2665 5318 paulo
2680 5251 2816 5301 ante
2849 5245 3087 5302 Adriani
3120 5251 3397 5317 nepotem
3424 5245 3707 5318 appellat,
3739 5263 3814 5314 ιν,

2160 5322 2250 5374 26.
2286 5318 2632 5389 Xiphilinus
2656 5333 2892 5388 quoque
2923 5324 2983 5372 et
3037 5319 3290 5389 Zonaras
3329 5333 3414 5389 ex,
3457 5319 3640 5372 Dione
3679 5318 3813 5372 Phi-

2160 5388 2395 5460 1050phi
2427 5388 2676 5460 imperio
2709 5405 2824 5444 rem
2858 5395 3122 5444 narrant.
3153 5388 3344 5443 Julius
3403 5388 3542 5443 item
3573 5389 3818 5460 Capito-

2163 5459 2321 5516 linus
2351 5464 2410 5514 et
2433 5459 2846 5516 Germanicum
2880 5460 3539 5530 Marcomannicumque
3570 5459 3726 5515 bella
3745 5461 3818 5515 ab

2161 5533 2273 5588 hoc
2303 5537 2467 5603 gesta
2498 5531 2716 5586 diserte
2749 5531 2990 5599 indicat,
3024 5538 3083 5586 et
3138 5547 3272 5585 eum
3329 5531 3580 5603 fulmen
3613 5538 3816 5587 contra

2163 5601 2424 5674 hostium
2457 5603 3004 5674 machinamentum
3026 5618 3360 5674 aquamque
3381 5603 3505 5658 suis
3536 5601 3632 5658 siti
3659 5603 3816 5659 labo-

2166 5673 2438 5730 rantibus
2465 5673 2740 5732 elicuisse
2772 5675 3050 5748 precibus
3075 5673 3386 5730 memorat.
3418 5675 3557 5730 XYL.
