4118 6288
281 436 395 496 481

1419 429 1972 494 HISTORIABUM
2018 429 2530 492 COMPENDIUM

3574 429 3692 501 482

289 569 453 641 μένης
481 567 607 639 περὶ
665 567 886 638 τούτου,
942 565 1107 621 πάλιν
1169 561 1464 636 ἐϐαπτίσθη
1498 562 1567 620 δι’
1598 564 1815 628 ὕδατος
1841 564 1932 620 τὸν

2056 582 2203 638 aqua
2223 566 2504 637 baptizari
2527 565 2708 637 jussit
2735 581 2748 630 ;
2782 568 2958 636 atque
3013 579 3148 620 eum
3180 564 3279 635 qui
3312 579 3495 620 arena
3520 563 3693 619 illum

285 655 340 712 δὲ
421 651 866 732 προϐαπτίσαντα
942 654 1100 710 αὐτὰν
1156 651 1248 710 διὰ
1321 662 1422 724 τῆς
1475 656 1729 729 ψάμμου,
1781 652 1931 724 ἄξιον

286 747 620 822 ὑπάρχοντα,
682 744 932 801 διάκονον
990 744 1469 820 ἐχειροτονήσατο.
1540 745 1642 801 Καὶ
1683 743 1928 806 εἰκότως·

284 836 311 890 6
364 836 469 910 γάρ
533 831 700 908 μέγας
759 834 1061 910 Γρηγόριος
1130 833 1501 909 ἀπαρίθμησιν
1558 833 1931 904 ποιησάμενος

279 928 389 979 τῶν
459 925 786 997 βαπτισμῶν
846 921 1019 984 οὕτως
1076 921 1271 999 φησίν·
1343 917 1635 978 Ἐϐάπτισε
1692 922 1932 989 Μωϋσῆς

278 1012 331 1068 ἐν
361 1010 541 1079 ὕδατι,
589 1013 678 1067 καὶ
731 1010 838 1086 πρὸ
895 1011 1092 1066 τούτου
1152 1011 1204 1065 ἐν
1264 1010 1463 1090 νεφέλῃ
1518 1010 1610 1065 καὶ
1671 1007 1929 1081 θαλάσσῃο

279 1096 537 1156 ἐϐάπτισε
592 1100 681 1154 καὶ
744 1100 1020 1170 Ἰωάννης,
1067 1098 1245 1155 οὐκέτι
1308 1101 1400 1172 μὲν
1464 1096 1800 1160 Ἰουδαϊκῶς·
1871 1096 1933 1151 οὗ

276 1191 379 1265 γὰρ
424 1188 476 1244 ἐν
513 1187 667 1244 ὕδατι
735 1184 924 1261 μόνον,
983 1187 1128 1243 ἀλλὰ
1174 1189 1265 1243 καὶ
1323 1189 1399 1250 εἰς
1460 1187 1745 1261 μετάνοιαν
1798 1188 1931 1261 (63).

280 1278 533 1347 Βαπτίζει
592 1278 678 1331 καὶ
741 1278 978 1347 Ἰησοῦς,
1038 1275 1161 1332 ἀλλ’
1220 1275 1272 1332 ἐν
1333 1276 1621 1350 πνεύματν
1680 1279 1843 1331 τοῦτο
1898 1276 1934 1342 ἡ

276 1365 582 1437 τελειότης·
620 1364 743 1421 οἶδα
773 1371 865 1419 καὶ
895 1365 1151 1439 τέταρτον
1212 1366 1514 1440 βάπτισμα,
1571 1366 1635 1421 τὸ
1678 1362 1767 1419 διὰ
1800 1382 1936 1437 μαρ-

274 1456 469 1533 τυρίου
498 1455 590 1511 καὶ
623 1456 875 1529 αἳματος.
910 1452 1053 1512 Οἶδα
1110 1455 1198 1510 καὶ
1254 1455 1524 1529 πέμπτον,
1585 1455 1648 1510 τὸ
1676 1457 1784 1509 τῶν
1843 1448 1940 1506 δα-

274 1549 481 1623 κρύων.
518 1548 726 1605 Οὐκοῦν
778 1545 867 1602 διὰ
909 1547 973 1602 τὸ
1035 1545 1333 1621 μηδέτερον
1393 1546 1599 1603 τούτων
1659 1545 1795 1600 εἶναι
1857 1539 1942 1597 δι-

273 1636 449 1699 καίως
502 1638 564 1692 οὐ
618 1633 937 1714 παρεδέχθη
1000 1638 1132 1709 (64).
1193 1636 1318 1693 Ἐπὶ
1362 1636 1557 1691 τούτου
1588 1635 1678 1689 καὶ
1709 1636 1941 1692 Ὀππια-

275 1726 367 1789 νὸς
422 1729 522 1797 τήν
568 1725 915 1794 Ἀλιευτικήν
995 1726 1387 1801 συνεγράψατο.
1424 1725 1598 1787 Οὗτος
1656 1725 1685 1779 6
1718 1724 1940 1798 Μάρκος

276 1817 557 1895 πάνσοφος
588 1815 655 1885 ἦν
685 1816 776 1870 καὶ
808 1814 1081 1891 ἐνάρετος,
1112 1815 1202 1870 καὶ
1257 1816 1356 1883 τὴν
1412 1814 1635 1887 Ῥώμην
1668 1812 1727 1869 ἐκ
1774 1812 1941 1869 πολε-

282 1927 402 1978 μων
426 1904 841 1978 διασωσάμενος
872 1906 1139 1980 ἠγαπήθη
1203 1901 1413 1978 σφόδρα
1455 1903 1559 1959 ὑπὸ
1614 1907 1721 1957 τῶν
1773 1901 1941 1958 πολι-

275 1999 412 2050 τῶν.
477 1995 738 2058 Ἀπέθανε
796 1991 853 2048 δὲ
912 1994 1313 2073 φαρμακευθεὶς
1384 1992 1487 2048 ὑπὸ
1543 1990 1797 2066 Κομόδου
1841 1995 1939 2045 τοῦ

278 2081 424 2138 ἰδίου
456 2085 601 2140 υἱοῦ.
623 2084 737 2151 Τήν
772 2080 831 2137 δὲ
864 2084 1086 2156 μνήμην
1115 2089 1215 2152 τῆς
1246 2082 1442 2157 ἀρετῆς
1470 2078 1634 2136 αὗτοῦ
1690 2083 1724 2150 ἡ
1763 2080 1938 2155 βουλή

278 2169 489 2252 ἔχουσα
533 2172 670 2245 μετά
720 2173 819 2241 τὴν
875 2170 1040 2226 αὐτοῦ
1094 2169 1355 2241 τελευτὴν
1415 2174 1608 2246 χρυσῷ
1664 2168 1943 2246 ἀνδριάντι

277 2261 445 2316 αὐτὸν
479 2258 730 2333 ἐτίμησε.

354 2346 612 2422 Κόμοδος
639 2348 756 2410 υἱὸς
813 2346 1038 2423 Μάρκου
1096 2342 1413 2402 ἐϐασίλευσε
1479 2342 1570 2418 ἔτη
1636 2348 1726 2423 ιβ’,
1771 2353 1942 2421 μῆνας

281 2444 349 2503 θ’.
413 2437 593 2499 Οὗτος
649 2437 769 2511 εἶχε
815 2437 1014 2514 τρίχας
1073 2436 1279 2506 ξανθὰς,
1352 2436 1670 2509 εἰκασμένας
1728 2440 1938 2514 χρυσῷ.

279 2532 382 2583 Ἦν
416 2524 474 2581 δὲ
506 2524 880 2605 φιλοκύνηγος
929 2524 1019 2579 καὶ
1062 2527 1469 2599 μοιχικώτατος
1517 2524 1678 2594 πάνυ,
1719 2523 1776 2577 ὃν
1852 2524 1943 2580 καί

282 2637 440 2695 φασιν
492 2615 549 2670 ἐν
586 2619 684 2687 μιᾷ
728 2613 912 2689 ἡμέρᾳ
964 2610 1175 2669 δώδεκα
1235 2613 1460 2676 λέοντας
1518 2617 1790 2688 φονεῦσαι.
1851 2612 1942 2668 Γέ-

288 2726 416 2782 γονε
448 2704 507 2760 δὲ
553 2705 645 2759 καὶ
706 2702 992 2779 ποδαλγὸς
1049 2704 1139 2758 καὶ
1190 2699 1537 2779 κατωϐαρής.
1600 2699 1807 2773 Συνὲϐη
1887 2700 1944 2757 δὲ

289 2792 480 2849 πολλὰ
559 2794 697 2849 κακὰ
755 2796 946 2849 παθεῖν
1003 2795 1104 2864 τήν
1162 2795 1380 2868 Ῥώμην
1459 2793 1510 2849 ἐν
1560 2798 1678 2856 ταῖς
1705 2792 1938 2869 ἡμέραις

288 2884 472 2940 αὐτοῦ·
517 2883 689 2957 λιμοῦ
716 2883 815 2959 γὰρ
846 2883 1144 2958 γενομένου
1179 2881 1452 2962 δισχίλιοι
1510 2883 1561 2938 ἐν
1627 2888 1724 2957 μιᾷ
1754 2883 1936 2956 ἡμέρᾳ

291 2973 665 3043 ἐτελεύτησαν.
728 2974 1052 3049 ’Λνρρικανὸς
1115 2970 1172 3026 δὲ
1232 2993 1394 3050 φησιν
1455 2973 1482 3027 6
1555 2971 1941 3050 χρονογράφος

297 3060 490 3116 Sui-iri
521 3060 720 3115 τούτου
774 3058 1023 3132 Κλήμης
1079 3060 1106 3113 6
1159 3060 1523 3133 Στρωματεὺς
1582 3057 1635 3113 ἐν
1695 3058 1945 3127 Ἀλεξαν-

305 3146 448 3223 δρείᾳ
481 3148 823 3225 ἐγνωρίζετοο
858 3146 1182 3221 Κλημεντος
1225 3145 1282 3202 δὲ
1338 3149 1606 3225 φοιτητής
1658 3148 1941 3222 Ὠριγένης

304 3236 524 3315 ἐγένετο.
555 3236 733 3293 Ἀλλὰ
786 3238 877 3293 καὶ
930 3238 1200 3299 Μοντανὸς
1258 3236 1618 3312 αἰρεσιάρχης
1670 3236 1795 3292 τότε
1849 3237 1941 3310 ἦν,

2035 656 2450 727 baptizaverat,
2484 653 2804 708 diaconum
2836 658 2902 708 ut
2939 670 3006 708 eo
3036 670 3282 709 munere
3314 653 3557 725 dignum
3588 652 3693 707 de-

2037 746 2197 817 legit.
2221 747 2424 816 Neque
2454 746 2563 799 hoc
2619 743 2857 814 injuria.
2918 745 3155 816 Magnus
3188 743 3349 798 enim
3380 741 3692 814 Gregorius

2036 835 2469 905 baptismorum
2528 848 2750 905 genera
2799 831 2883 887 sic
2969 837 3298 887 enumerat.
3375 831 3694 902 Baptizavit

2037 925 2224 978 Moses
2245 939 2418 994 aqua,
2442 927 2619 993 atque
2648 921 2877 977 antein
2914 921 3070 976 nube
3094 926 3152 976 et
3178 921 3358 987 mari;
3380 920 3693 992 baptizavit

2039 1018 2096 1067 et
2113 1013 2390 1078 Joannes,
2422 1028 2543 1067 non
2567 1010 2693 1081 jam
2724 1009 2966 1065 Judaico
2982 1026 3145 1066 more
3160 1026 3356 1080 neque
3372 1008 3497 1065 sola
3512 1026 3687 1080 aqua,

2038 1118 2241 1157 verum
2280 1099 2353 1157 ad
2410 1100 2910 1172 resipiscentiam.
2944 1100 3206 1171 Baptizat
3254 1104 3313 1153 et
3366 1100 3552 1165 Jesus,
3586 1097 3690 1153 sed

2040 1191 2289 1263 spiritu:
2322 1208 2393 1247 ea
2422 1196 2512 1246 est
2540 1190 2848 1261 perfectio.
2883 1189 3022 1244 Novi
3056 1193 3115 1243 et
3138 1193 3417 1259 quartum
3461 1187 3690 1259 baptis-

2040 1298 2227 1348 mum,
2251 1282 2351 1352 qui
2383 1281 2451 1336 ﬁt
2478 1297 2614 1335 cum
2645 1280 2717 1335 ob
2758 1280 3018 1335 veritatis
3080 1278 3520 1334 confessionem
3565 1293 3695 1331 san-

2041 1371 2168 1440 guis
2200 1370 2489 1424 funditur.
2516 1369 2653 1425 Novi
2680 1374 2737 1424 et
2766 1368 3041 1440 quintum
3071 1384 3180 1436 per
3210 1368 3521 1437 lacrymas.
3549 1366 3695 1436 Ergo

2044 1460 2184 1529 quia
2211 1459 2362 1513 nihil
2418 1460 2629 1514 horum
2682 1458 2814 1522 fuit,
2862 1458 3025 1529 juste
3075 1474 3195 1511 non
3254 1461 3344 1511 est
3398 1458 3693 1526 receptus.

2044 1548 2118 1603 M.
2154 1548 2453 1603 Antonino
2484 1547 2813 1618 imperante
2853 1547 3158 1618 Oppianus
3209 1562 3356 1616 Opus
3407 1559 3581 1599 suum
3627 1543 3697 1596 de

2041 1638 2311 1692 Piscibus
2342 1637 2694 1709 composuit.
2724 1638 2952 1690 Marcus
2986 1636 3095 1690 iste
3129 1634 3453 1690 admodum
3477 1632 3591 1687 fuit
3614 1647 3702 1685 sa-
3748 1698 3753 1703 _

2044 1726 2214 1797 piens
2239 1743 2306 1782 ac
2334 1727 2648 1781 virtutibus
2671 1730 2936 1791 ornatus,
2968 1740 3152 1795 reque
3184 1726 3452 1779 Romana
3485 1720 3698 1777 multis

2046 1816 2221 1871 bellis
2254 1821 2597 1872 conservata
2626 1816 3014 1872 charissimus
3045 1814 3270 1869 civibus
3300 1813 3432 1868 fuit.
3457 1813 3698 1865 Veneno

2051 1910 2141 1961 est
2170 1910 2474 1960 necatusa
2504 1906 2627 1960 ﬁlio
2670 1922 2778 1960 suo
2837 1901 3178 1960 Commodo.
3239 1903 3387 1957 441
3447 1902 3699 1955 Senatus

2048 1992 2338 2048 memoria
2374 1993 2611 2046 virtutis
2663 1993 2794 2063 ejus
2853 1996 3087 2045 mortuo
3147 1994 3404 2044 statuam
3453 2000 3698 2041 auream

2049 2080 2294 2136 honoris
2325 2096 2504 2136 causa
2533 2081 2752 2151 posuit.

2118 2351 2476 2407 Commodus
2533 2352 2709 2406 Marci
2768 2351 2928 2407 filius
2980 2368 3171 2407 annos
3242 2353 3555 2424 imperavit
3612 2359 3700 2425 12,

2047 2456 2284 2495 menses
2307 2444 2358 2496 9.
2390 2440 2600 2496 Fulvos
2649 2441 2700 2495 is
2733 2441 2929 2496 crines
2959 2441 3186 2504 habuit,
3247 2457 3392 2497 auro
3452 2443 3699 2500 similes.

2047 2530 2184 2585 Erat
2216 2529 2516 2585 studiosus
2548 2530 2875 2585 venationis
2907 2535 2965 2585 et
2992 2530 3053 2584 in
3098 2530 3242 2585 feris
3289 2533 3703 2604 oppugnandis

2048 2619 2371 2675 admodum
2401 2626 2679 2676 strenuus
2700 2620 2929 2675 :ferunt
2958 2637 3094 2676 eum
3124 2637 3244 2676 una
3273 2620 3368 2675 die
3387 2620 3702 2678 duodecim

2044 2709 2251 2764 leones
2280 2724 2546 2765 necasse.
2580 2709 2908 2765 Laborabat
2950 2714 3151 2765 autem
3211 2726 3283 2765 ex
3335 2710 3609 2781 pedidus,
3643 2715 3705 2766 et

2049 2798 2361 2854 inferiores
2388 2804 2587 2870 partes
2621 2798 2878 2853 habebat
2906 2814 3129 2869 graves.
3166 2798 3349 2853 Multa
3388 2815 3456 2853 eo
3515 2800 3707 2872 impe-

2046 2893 2216 2943 rante
2241 2887 2485 2942 adversa
2516 2890 2715 2942 Romae
2742 2891 3088 2942 evenerunt.
3121 2888 3191 2940 Et
3222 2886 3379 2942 inter
3399 2888 3517 2942 alia
3538 2893 3705 2944 tanta

2046 2975 2160 3030 fuit
2188 2976 2372 3047 pestis
2401 2980 2466 3032 ut
2487 2992 2606 3031 una
2637 2975 2731 3031 die
2762 2975 2878 3030 duo
2910 2975 3104 3030 millia
3160 2976 3476 3030 hominum
3514 2977 3706 3047 perie-

2046 3065 2187 3119 rint.
2218 3064 2531 3120 Africanus
2562 3065 2624 3118 in
2656 3063 2988 3119 Annalibus
3047 3069 3254 3120 auctor
3309 3068 3400 3118 est
3450 3064 3557 3119 sub
3589 3066 3704 3121 hoc

2048 3154 2413 3209 Clementem
2429 3154 2824 3209 Stromateum
2836 3153 3209 3209 Alexandria:
3228 3152 3706 3226 ﬂoruisse,quem

2057 3243 2281 3300 audivit
2301 3244 2603 3316 Origenes.
2638 3243 2769 3298 Fuit
2794 3248 2935 3298 tunc
2967 3244 3146 3298 etiam
3177 3243 3493 3301 Montanus
3524 3244 3708 3300 habre-

294 3304 356 3390 δέ
385 3326 568 3380 ἑαυτὸν
600 3323 959 3402 Ηαράκλητον
987 3319 1168 3400 ἔλεγεν
1201 3304 1356 3380 εἶναι.
1416 3304 1591 3386 Οδτος
1625 3325 1652 3378 ὁ
1687 3304 1941 3397 Κόμοδος

2056 3334 2207 3387 ticus
2239 3332 2577 3404 primarius,
2613 3333 2714 3403 qui
2748 3349 2808 3388 se
2862 3332 3231 3388 Paracletum
3272 3349 3401 3388 esse
3418 3333 3702 3405 jactabat.

286 3421 384 3471 τοῦ
445 3413 498 3469 ἐν
546 3412 721 3487 Ῥόδῳ
800 3413 1071 3470 κολοσσοῦ
1127 3414 1226 3483 τὴν
1297 3411 1543 3489 κεφαλὴν
1600 3411 1816 3490 ἀφελὼν
1875 3417 1944 3486 τῇ

287 3505 480 3560 ἑαυτοῦ
517 3500 698 3578 στηλῃ
729 3504 1059 3578 προσέπηξε.
1092 3505 1295 3559 Τοῦτον
1354 3500 1657 3578 Νάρκισσός
1714 3522 1798 3564 τις
1836 3505 1943 3556 τῶν

286 3591 506 3647 οἷ’κείων
535 3592 703 3647 αὐτοῦ
733 3591 784 3646 ἐν
819 3591 1037 3666 λουτρῷ
1067 3590 1339 3660 ἀπέπνιξε.

358 3682 620 3757 Περτίναξ
655 3676 998 3736 ἐϐασίλευσεν
1032 3680 1241 3754 ἡμέρας
1302 3680 1408 3750 πζ’,
1470 3700 1610 3752 μητε
1691 3680 1792 3748 τήν
1849 3702 1946 3753 γυ-

283 3777 448 3826 ναῖκα
511 3790 651 3842 μητε
706 3770 773 3824 τὰ
823 3771 980 3825 τὲκνα
1038 3768 1114 3830 εἷς
1171 3768 1233 3823 τὸ
1300 3767 1564 3823 παλάτιον
1623 3768 1943 3845 εἰσαγαγὼν,

285 3858 419 3914 ἀλλ’
451 3859 612 3921 ἐάσας
658 3860 803 3933 παρὰ
859 3864 938 3930 τῷ
985 3856 1190 3930 πάππῳ
1256 3854 1579 3921 διαιτᾶσθαι.
1640 3858 1765 3914 Ἐπὶ
1819 3857 1946 3912 τού-

287 3974 411 4022 του,
467 3949 543 4014 ὤς
604 3972 767 4028 φησιν
802 3946 1087 4021 Εὐσέϐιος,
1144 3950 1213 4020 ἦν
1272 3951 1301 4005 6
1361 3950 1695 4028 Σύμμαχος,
1730 3953 1806 4013 εἷς
1837 3954 1945 4005 τῶν

286 4041 642 4115 ἑρμηνευτών
702 4044 803 4106 τῆς
871 4045 979 4095 τῶν
1038 4035 1305 4115 Ἐϐραίων
1352 4045 1594 4116 Γραφῆς,
1627 4034 1946 4102 Ἐϐιωναῖος

288 4131 393 4198 τὴν
427 4129 658 4204 αἳρεσιν.
721 4128 894 4186 Ἀλλᾶ
942 4130 1033 4184 καὶ
1103 4129 1413 4207 Πορφιόριος
1471 4129 1499 4182 ὀ
1560 4127 1866 4206 φιλόσοφος
1920 4130 1947 4183 ὁ

286 4222 429 4278 κατὰ
471 4222 814 4296 Χριστιανῶν
864 4219 1092 4296 γράψας,
1151 4220 1239 4274 καὶ
1300 4218 1623 4296 Ἀφρικανὸς
1680 4220 1707 4273 ὁ
1748 4239 1947 4294 χρονο-

287 4310 522 4387 γράφος.
584 4309 708 4367 Ἐπὶ
760 4330 956 4364 τουτου
1016 4304 1293 4377 Λεωνίδης
1353 4307 1381 4360 6
1436 4310 1534 4362 τοῦ
1614 4309 1949 4385 κακόφρονος

292 4400 604 4477 Ὠριγένους
620 4400 800 4468 πατὴρ
833 4395 1224 4473 ἐμαρτύρησεν.
1256 4394 1424 4457 Οὗτος
1456 4394 1709 4470 Περ-πίναξ
1740 4394 1947 4474 ἐσφάγη

292 4488 401 4543 ὕπὸ
430 4493 539 4543 τῶν
573 4490 936 4562 στρατιωτῶν.

368 4577 673 4641 Ἰουλιανὸς
732 4575 913 4639 Δίδιος
967 4571 1309 4632 ἐϐασίλευσεν
1358 4577 1568 4650 ἡμέρας
1619 4574 1711 4645 ξς’.
1771 4572 1950 4636 Δίδιος

2052 3422 2409 3478 Commodus
2458 3427 2634 3493 caput
2690 3422 2906 3477 colossi
2956 3421 3170 3477 Rhodii
3220 3422 3522 3478 sublatum
3585 3441 3707 3480 sum

2054 3515 2261 3567 statuas
2292 3511 2595 3583 imposuit.
2627 3511 2936 3566 Narcissus
2966 3527 3123 3580 eum,
3156 3528 3313 3567 unus
3360 3529 3433 3567 ex
3462 3513 3704 3567 domes-

2053 3600 2207 3674 ticis,
2236 3600 2299 3656 in
2328 3600 2544 3656 balneo
2573 3600 2983 3673 strangulavit.

2126 3689 2402 3744 Pertinax
2442 3689 2752 3760 imperavit
2808 3687 2935 3742 dies
2981 3691 3070 3742 87.
3103 3691 3159 3743 Is
3216 3705 3409 3759 neque
3458 3705 3706 3745 uxorem

2052 3795 2245 3849 neque
2286 3778 2507 3833 liberos
2544 3779 2606 3833 in
2660 3778 2950 3849 palatium
3000 3777 3353 3845 introduxit,
3389 3778 3493 3832 sed
3548 3779 3711 3848 apud,

2054 3882 2227 3921 avum
2251 3867 2515 3938 reliquit.
2551 3866 2669 3921 Sub
2720 3867 2832 3921 hoc
2878 3865 3166 3920 Eusebius
3218 3866 3302 3920 ait
3328 3865 3515 3921 fuisse
3549 3867 3716 3937 Sym-

2052 3956 2352 4024 machum,
2372 3972 2561 4010 unum
2594 3971 2665 4009 ex
2695 3954 3120 4025 interpretibus
3144 3953 3567 4010 Hebraicarum
3600 3955 3714 4010 Lit-

2056 4059 2341 4111 terarum,
2374 4050 2536 4099 secta
2563 4043 2927 4098 Ebionaaum.
2959 4043 3092 4097 Fuit
3112 4049 3238 4098 tum
3270 4048 3329 4097 et
3355 4044 3718 4116 Porphyrius

2055 4132 2469 4204 philosophus,
2516 4132 2616 4203 qui
2671 4138 2878 4187 contra
2924 4132 3298 4186 Christianos
3355 4133 3611 4203 scripsit,
3661 4138 3721 4188 et

2055 4220 2369 4276 Africanus
2399 4220 2721 4275 Annalium
2753 4219 3047 4275 conditor.
3073 4221 3232 4275 Tunc
3291 4225 3349 4274 et
3404 4221 3715 4288 Leonides,

2056 4309 2336 4364 vascordis
2393 4309 2662 4380 Origenis
2741 4313 2928 4381 pater,
2986 4308 3292 4380 religionis
3362 4308 3715 4364 Christianas

2058 4415 2237 4455 causa
2267 4398 2627 4470 supplicium
2659 4397 2925 4470 pertulit.
2953 4397 3223 4452 Pertinax
3248 4415 3281 4454 a
3313 4399 3605 4455 militibus
3627 4404 3715 4453 est

1944 4553 1955 4558 _
2051 4490 2384 4563 jugulatus.

2130 4581 2287 4637 442
2319 4579 2589 4635 Julianus
2648 4579 2854 4635 Didius
2912 4580 3240 4650 imperator
3274 4580 3390 4635 fuit
3447 4579 3572 4635 dies
3627 4583 3715 4635 66.

298 4668 357 4725 δὲ
385 4668 667 4740 ἐπεκληθη
703 4667 792 4723 διά
818 4668 881 4723 τὸ
913 4668 1015 4723 ὑπὸ
1066 4664 1259 4741 δώρων
1292 4661 1478 4722 λαϐεῖν
1511 4667 1610 4735 τήν
1646 4666 1941 4739 βασιλείαν.

2056 4671 2212 4727 Didii
2239 4674 2697 4744 cognomentum
2720 4669 2929 4725 habuit
2952 4669 3111 4741 quod
3133 4670 3343 4726 dandis
3363 4670 3717 4727 muneribus

298 4757 651 4820 Φαυλότατος
683 4754 739 4811 δὲ
769 4758 834 4826 ἦν
856 4760 973 4818 τοῖς
1003 4756 1252 4831 τρόποις,
1293 4755 1384 4810 καὶ
1437 4759 1554 4816 τοῖς
1584 4748 1765 4829 ἔργοις
1817 4754 1943 4809 tivo-

300 4850 558 4927 σιουργὸς
612 4850 700 4905 καὶ
762 4849 1069 4925 χρημάτων
1111 4849 1367 4922 ἐραστὴς·
1395 4844 1455 4908 ὅς
1484 4843 1573 4901 διὰ
1599 4846 1662 4901 τὸ
1700 4845 1944 4922 αἰσχρῶς

307 4939 457 5015 βιοῦν
481 4939 572 4995 καὶ
606 4938 982 5011 ἀπανθρώπως
1038 4937 1140 4991 ὑπὸ
1197 4943 1298 5007 τῆς
1354 4932 1564 5011 βουλῆς
1614 4935 1828 5009 θανάτῳ
1853 4957 1952 4991 κα-

301 5028 660 5109 ταψηφισοεὲς
691 5026 895 5104 ἐσφάγη
908 5071 920 5085 .

376 5113 624 5194 Σεϐἦρος
658 5118 738 5190 [Ρ.
781 5121 908 5188 252]
964 5109 1303 5171 ἐϐασίλευσεν
1362 5108 1454 5184 ἔτη
1524 5115 1606 5184 ιζ’,
1653 5116 1828 5187 μῆνας
1880 5121 1949 5186 η’.

2057 4764 2376 4835 imperium
2399 4768 2817 4835 comparasset.
2852 4761 3109 4817 Moribus
3141 4770 3267 4817 erat
3324 4761 3714 4834 pravissimis,

2060 4853 2566 4925 ﬂagitiosissimus
2598 4857 2657 4908 et
2673 4869 2902 4908 avarus.
2940 4855 3143 4923 Itaque
3178 4852 3251 4906 ob
3287 4860 3524 4925 turpem
3559 4858 3616 4907 et
3639 4854 3724 4907 in-

2060 4943 2388 4999 humanam
2420 4943 2602 4998 vitam
2633 4958 2668 4998 a
2700 4946 2911 4997 senatu
2950 4941 3161 4996 mortis
3194 4940 3511 4998 damnatus
3543 4946 3631 4995 est
3662 4947 3720 4995 et

2059 5030 2395 5103 jugulatus.
2728 5082 2733 5087 .

2135 5120 2381 5175 Severus
2410 5118 2724 5190 imperavit
2754 5133 2941 5172 annos
2976 5119 3063 5183 17,
3113 5131 3354 5171 menses
3385 5116 3441 5170 8.
3475 5117 3721 5172 Severus

1498 5242 1861 5299 XYLANDRI
1907 5245 1994 5298 ET
2033 5245 2251 5300 GOARI
2292 5245 2514 5300 ΝΟΤιΕ.

379 5362 852 5435 (63)_Hzereticus
910 5362 983 5416 ad
1037 5359 1471 5435 resipiscgntiam
1500 5357 1949 5429 interpretatur,

328 5431 691 5490 orthodoxus
723 5434 795 5487 ad
825 5434 1223 5503 paenitentiam.
1248 5431 1422 5485 GOAR.

385 5504 497 5577 (64)
530 5505 798 5577 Narratio
825 5500 898 5558 de
933 5519 999 5558 eo
1045 5503 1158 5577 qui
1207 5517 1398 5577 arena
1436 5500 1778 5577 baptizatus
1824 5502 1957 5577 fuit,

1278 5577 1374 5655 est.
1394 5571 1545 5655 “sed
1605 5571 1730 5654 hinc
1761 5574 1956 5655 verba,

319 5664 444 5718 ergo
473 5642 607 5717 quia
636 5647 806 5713 nihil,
842 5651 976 5713 elc.,
1008 5646 1152 5718 quid
1181 5644 1294 5699 sibi
1320 5642 1526 5709 velint,
1558 5644 1781 5699 nescio.
1818 5642 1956 5701 XYL.

318 5750 384 5764 —-
411 5720 481 5775 Se
494 5719 692 5791 ipsum
711 5720 912 5791 itaque
942 5734 1062 5773 non
1090 5715 1389 5788 intelligit.
1409 5714 1629 5771 Planus
1650 5720 1739 5771 est
1762 5721 1961 5773 tamen

322 5572 734 5647 ex'Nicephori
768 5576 886 5630 fine
918 5575 1059 5630 tomi
1075 5572 1248 5647 tertii
1266 5577 1374 5647 est.
1394 5572 1503 5647 __Se

2061 5360 2374 5415 verborum
2461 5375 2690 5414 sensus.
2750 5362 2896 5428 Ergo
2942 5363 3076 5430 quia
3151 5359 3294 5414 nihil
3352 5360 3547 5414 horum
3608 5360 3720 5428 fuit

2067 5447 2273 5503 arenas
2293 5430 2719 5503 baptismus,ut
2748 5431 2848 5501 qui
2880 5431 2953 5485 ad
2988 5430 3360 5503 ﬁgurativum
3391 5430 3721 5502 Moysi,paa-

2065 5501 2439 5557 nitentialem
2470 5501 2731 5567 Joannis,
2767 5501 3260 5558 sacramentalem
3302 5501 3541 5567 Christi,
3579 5518 3719 5557 san-

2064 5573 2347 5644 guinequ
2377 5577 2705 5645 martyrum
2762 5574 3024 5629 revocari
3074 5575 3370 5645 nequiret,
3412 5575 3562 5644 juste
3609 5590 3720 5628 non

2064 5649 2141 5700 est
2159 5649 2423 5713 receptus,
2467 5644 2566 5715 qui
2600 5650 2942 5717 susceperat
2997 5644 3504 5702 illumiﬂebrmus.
3538 5645 3714 5699 ρυλε.
