4118 6288
297 410 416 471 485

1438 392 1972 462 Ηιδτοιιυιιιυυ
2019 394 2555 465 COMPENDIUM.

3587 410 3705 472 486

299 540 425 610 πνίᾳ
482 537 573 595 καὶ
640 536 946 614 γυμνότητι
1003 536 1190 592 δαυτὸν
1253 534 1454 604 πιίζων
1518 536 1777 588 τοσοῦτον
1828 549 1950 584 κατ-

2078 530 2236 603 Vino,
2269 534 2396 591 oleo
2425 537 2791 609 reliquisque
2823 537 2882 595 id
2904 554 3090 612 genus
3119 541 3712 613 abstinens,pectoris

298 628 534 703 εὸάμασε
587 631 688 700 τήν
745 628 930 703 ἆκμήν
986 632 1082 684 τοῦ
1140 627 1398 701 σώματος
1448 625 1522 686 ὡς
1554 623 1782 699 ὁρᾶσθαι
1813 641 1953 675 παν-

296 719 469 781 τελῶς
528 716 688 775 αότὸν
738 715 1163 787 ἀπεσκληκέναι·
1236 712 1387 771 οἳνου
1458 713 1561 789 γὰρ
1615 712 1706 768 καὶ
1768 708 1955 766 ἆλαίου

298 810 388 865 καὶ
417 810 524 863 τῶν
556 806 767 864 λοιπῶν
819 805 1162 884 ἀπεχόμενος
1211 804 1521 878 ἀνατροπὴν
1580 806 1667 877 [Ρ.
1700 802 1828 873 253]
1861 800 1957 854 τοῦ

301 897 550 971 θώρακος
624 896 888 975 μεγίστην
973 895 1283 968 ὓπίμεινεν.
1340 894 1526 950 Ἔνθεν
1579 893 1640 969 γὲ
1694 911 1782 946 τοι
1839 885 1956 943 δια-

303 981 505 1057 ϐόητος
563 986 854 1061 γενόμενος
914 985 989 1047 ὡς
1068 982 1379 1059 διαπρίπων
1436 976 1583 1058 ἔργῳ
1616 980 1737 1071 Anni
1786 979 1958 1071 λόγῳ,

302 1075 549 1138 πολλοὺς
601 1073 883 1145 Ἓλληνας
939 1075 1041 1143 τήν
1099 1071 1527 1147 εἰδωλομανίαν
1576 1068 1959 1145 βδελύττεσθαι

304 1166 490 1230 πείσας
593 1163 893 1240 μαρτυρίου
1004 1160 1258 1241 στέφανον
1352 1159 1719 1233 ἀναδήσασθαι
1815 1178 1959 1233 παρ-

304 1253 574 1313 εσκεύασε.
613 1253 836 1324 Πολλῆς
870 1253 963 1309 οὖν
1019 1256 1213 1330 φήμης
1267 1253 1392 1326 περὶ
1445 1250 1613 1307 αὐτοῦ
1650 1248 1960 1324 τρεχούσης

302 1345 393 1400 καὶ
449 1342 683 1400 πολλῶν
743 1344 1008 1418 μακρόθεν
1062 1343 1196 1417 πρὸς
1252 1342 1415 1398 αὐτὸν
1481 1339 1836 1414 συῤῥυέντων,
1897 1336 1959 1392 οὐ

308 1434 473 1508 μόνον
503 1431 780 1503 Ἓλληνας
837 1431 1173 1511 φιλοσόφους
1229 1432 1319 1486 καὶ
1379 1427 1685 1505 αἶ’ρετικοὺς
1737 1425 1962 1504 ἐλλογί-

309 1544 445 1595 μους
476 1523 615 1597 πρὸς
643 1516 916 1577 εὐσέϐειαν
974 1518 1240 1589 εἵλκυσεν,
1298 1517 1448 1575 ἀλλὰ
1503 1518 1594 1574 καὶ
1643 1518 1771 1579 τοὺς
1803 1513 1960 1578 ὄντας

307 1612 668 1688 Χριστιανοὺς
726 1609 942 1683 μᾶλλον
999 1609 1361 1685 στοιχειώσας
1420 1603 1831 1663 ἐπεϐεϐαίωσεν.
1864 1606 1958 1663 Ὃν

307 1702 334 1757 6
363 1699 699 1777 προλεχθεὶς
730 1694 1065 1773 ’Λμϐρόσιος
1095 1698 1374 1761 ἱκετεύσας
1414 1695 1602 1752 πολλᾶ
1647 1694 1739 1752 καὶ
1785 1713 1958 1770 παρα-

307 1786 636 1863 ϐιασάμενος
720 1787 775 1843 ἐν
862 1789 1175 1863 Καισαρείᾳ,
1242 1787 1334 1843 καὶ
1407 1786 1796 1863 ταχυγράρους
1867 1784 1961 1856 μὶν

2066 623 2385 679 maximam
2435 625 2879 683 subversionem
2910 629 3172 700 pertulit.
3208 630 3305 686 His
3347 630 3527 687 rebus
3558 634 3711 688 444

2065 711 2197 768 vitas
2220 712 2624 785 doctrinaeque
2648 716 2930 772 eximium
2954 733 3177 773 nomen
3198 722 3723 783 consecutus,eil‘e-

2067 802 2148 856 cit
2176 808 2242 858 ut
2263 804 2434 859 multi
2459 806 2642 860 ρι’ωοί
2666 803 2950 861 falsorum
2976 807 3220 863 deorum
3242 809 3467 863 cultum
3493 809 3718 865 abomi-

2067 895 2281 948 nantes
2302 909 2585 949 coronam
2615 896 2747 950 fuso
2772 896 2831 949 in
2853 894 3116 951 veritatis
3138 898 3548 954 testimonium
3581 915 3722 954 san—

2067 980 2246 1051 guine
2278 987 2675 1040 mererentur.
2708 985 2913 1055 Itaque
2944 984 3169 1057 ingenti
3200 987 3329 1057 ejus
3358 987 3719 1058 praestantia!

2065 1067 2226 1125 fama
2256 1070 2372 1126 late
2403 1070 2720 1144 divulgata,
2753 1073 3077 1144 multisque
3111 1074 3185 1131 ad
3216 1090 3350 1129 eum
3382 1092 3450 1130 ex
3476 1076 3721 1130 remotis

2066 1158 2213 1214 locis
2242 1161 2702 1230 conﬂuentibus,
2738 1176 2863 1217 non
2912 1167 3144 1218 tantum
3192 1164 3422 1219 Graecos
3454 1164 3723 1235 philoso—

2068 1249 2219 1319 phos
2231 1254 2290 1304 et
2301 1251 2613 1307 bmreticos
2624 1253 2955 1324 praecipuos
2968 1252 3042 1308 ad
3057 1269 3254 1308 veram
3268 1252 3471 1325 religio
3482 1268 3603 1309 nem
3614 1259 3727 1309 tra-

2069 1337 2366 1405 duxit,sed
2388 1346 2447 1396 et
2465 1341 2624 1413 ipsos
2645 1342 3011 1398 Christianos
3032 1342 3218 1414 magis
3244 1342 3436 1398 solida
3455 1344 3727 1399 doctrina

2069 1428 2465 1484 confirmavit.
2511 1430 2599 1484 Ab
2659 1431 2771 1486 hoc
2828 1431 3200 1497 Ambrosius,
3234 1448 3412 1502 quem
3445 1431 3724 1498 diximus,

2070 1517 2350 1573 Cmsareaa
2382 1518 2589 1574 multis
2615 1517 2893 1591 precibus
2932 1536 3001 1575 ac
3049 1526 3281 1576 tantum
3336 1538 3456 1577 non
3486 1522 3537 1575 vi
3571 1521 3727 1576 obti-

2070 1606 2221 1674 nuit,
2253 1607 2538 1664 adhibitis
2559 1609 2614 1664 ei
2637 1614 2865 1681 septem
2891 1610 3187 1666 celeribus
3219 1610 3631 1682 scriptoribus,
3656 1627 3725 1665 ac

2069 1697 2340 1768 pluribus
2362 1701 2463 1771 qui
2487 1700 2788 1774 eleganter
2809 1702 3159 1772 scriberent,
3187 1707 3254 1757 ut
3274 1718 3507 1758 sacram
3538 1702 3730 1773 Scrip-

2072 1790 2265 1843 turam
2295 1790 2811 1861 interpretaretur.
2844 1792 3081 1864 Origeni
3126 1792 3477 1847 Ambrosius
3510 1807 3731 1847 neces-

309 1879 454 1952 αὖτῷ
507 1879 858 1954 παραστήσας
912 1879 1046 1934 ἒπτὰ
1127 1876 1359 1940 πλοίους
1414 1874 1472 1931 Si
1521 1873 1953 1954 καλλιγράφους,

2078 1877 2227 1932 saria
2257 1879 2463 1935 omnia
2493 1880 2910 1952 suppeditavit,
2944 1881 3113 1951 isque
3145 1897 3252 1951 per
3280 1881 3468 1937 otium
3498 1881 3729 1936 versio-

310 1970 634 2044 ὶρμηνεῢσαι
689 1969 784 2032 τὰς
840 1969 985 2030 θειας
1043 1968 1257 2047 Γραφᾶς
1315 1965 1475 2022 αὐτὸν
1531 1965 1818 2034 πεποίηκε.
1853 1963 1957 2021 Καὶ

2078 1980 2206 2020 nem
2233 1967 2526 2022 celeribus
2554 1968 2941 2039 scriptoribus
2962 1969 3200 2025 dictavit
3227 1984 3240 2023 :
3274 1970 3502 2025 librarii
3525 1974 3725 2025 autem

310 2060 339 2114 6
373 2060 468 2132 μὶν
519 2061 620 2128 τήν
682 2055 903 2112 δίουσαν
966 2058 1156 2133 χρείαν
1214 2056 1361 2128 αύτῷ
1414 2060 1698 2134 παρεῖχεν,
1729 2056 1757 2112 ὁ
1787 2051 1846 2109 δὶ
1876 2052 1964 2109 ἔπὶ

310 2143 528 2219 σχολῆς
610 2143 901 2219 γενόμενος
979 2142 1323 2218 ὑπηγόρευσε
1383 2147 1502 2206 τοῖς
1569 2140 1964 2217 ταχυγράφοις,

309 2235 400 2291 καὶ
430 2235 483 2291 οἱ
516 2227 911 2310 βιϐλιογράφοι
966 2232 1058 2288 σὺν
1110 2233 1350 2308 γυναιξὶν
1383 2230 1638 2307 ἔγραφον,
1667 2229 1967 2307 καλλιγραο

311 2328 429 2401 φεῖν
490 2321 874 2394 ἇξησκημίνοι.
945 2321 1125 2378 Ηᾶσάν
1176 2341 1235 2375 τε
1291 2321 1438 2385 θείαν
1514 2320 1730 2397 Γραφήν
1786 2319 1970 2392 ἡρμή-

313 2431 497 2468 νευσεν
519 2409 608 2465 ἐπὶ
641 2408 735 2481 ἔτη
797 2411 888 2480 ιη’·
944 2410 1167 2485 Λέγεται
1224 2407 1282 2465 δὲ
1340 2409 1423 2464 ὅτι
1480 2406 1850 2484 ὶξακισχιλίας
1882 2405 1966 2482 βί-

314 2496 483 2562 ϐλους
515 2498 782 2570 συνέταξε.
814 2504 1085 2556 Τοσοῦτον
1117 2499 1220 2576 γὰρ
1251 2496 1423 2568 ξῆλον
1479 2497 1554 2560 εἷς
1581 2500 1681 2567 τὴν
1712 2497 1966 2573 ἐξήγησιν

314 2596 421 2647 τῶν
481 2592 642 2646 θείων
691 2588 873 2664 λόγων
928 2590 956 2644 6
1017 2584 1348 2664 Ἀμϐρόσιος
1408 2580 1770 2659 ἔπεδείκνυτο,
1830 2586 1969 2642 ὥστε

315 2684 416 2751 τὴν
466 2678 689 2749 πολλὴν
747 2682 917 2736 αὐτοῦ
1004 2677 1246 2749 σπουδὴν
1342 2680 1619 2754 Ὠριγὲνης
1680 2681 1966 2753 μαρτυρῶν

318 2770 511 2849 γράφει
555 2768 691 2845 πρός
746 2790 867 2825 τινα
923 2767 1122 2844 λὲγων·
1176 2770 1233 2822 ’0
1289 2769 1435 2844 ἱερὸς
1464 2768 1555 2823 καὶ
1585 2772 1702 2840 θεῷ
1729 2766 1968 2844 γνησίως

320 2860 674 2933 ἀνακείμενος
753 2853 1082 2934 Ἀμϐρόοισς
1167 2856 1356 2914 πολλὰ
1438 2855 1830 2933 προσαγορεύει
1891 2874 1968 2911 σε·

319 2947 468 3011 ὅστις
525 2948 764 3021 νομίξων
828 2967 897 3020 με
953 2945 1253 3024 φιλόπονον
1311 2947 1449 3003 εἶναι
1504 2947 1593 3002 καὶ
1644 2946 1782 3001 πάνυ
1814 2943 1971 3019 διψᾷν

325 3044 421 3093 τοῦ
453 3039 604 3102 θείου
631 3036 821 3112 λογου,
853 3035 1049 3114 ἤλεγξε
1075 3042 1145 3112 τῇ
1173 3036 1283 3109 ἰδίᾳ
1311 3035 1611 3111 φιλοπονίᾳ
1635 3041 1715 3109 τῷ
1742 3036 1878 3111 πρὸς
1905 3034 1973 3090 τὰ

334 3126 456 3201 ’ἅγια
505 3128 799 3201 μαθήματα
841 3122 1023 3202 ἔρωτι.
1074 3127 1231 3183 Ὅθεν
1278 3125 1367 3181 ἰπὶ
1413 3125 1672 3181 τοσοῦτόν
1733 3145 1801 3195 με
1839 3145 1973 3200 παρα

334 3214 589 3285 ελήλυθεν
642 3214 782 3271 ὥστε
837 3213 1156 3271 κινδυνεύειν
1212 3212 1454 3286 ἇπαυδᾷν
1508 3214 1646 3289 πρὸς
1682 3215 1777 3275 τὰς
1808 3213 1973 3269 αὐτοῦ

327 3308 632 3382 προτάσεις.
668 3303 808 3365 Ούτε
858 3304 962 3382 γὰρ
1021 3304 1282 3377 δεπνῆσαι
1339 3300 1480 3361 ἔστιν
1537 3308 1672 3379 ἡμῖν
1718 3300 1972 3360 ἀντιϐάλ-

319 3393 537 3467 λουσιν,
604 3393 728 3452 οὔτε
793 3393 1141 3467 δειπνήσασιν
1211 3394 1378 3466 ἔξεστι
1452 3401 1815 3469 περιπατῆσαι
1881 3394 1973 3449 καὶ

320 3482 679 3542 διαναπαῦσαι
728 3484 795 3541 τὰ
850 3485 1099 3559 σώματα,
1159 3483 1307 3540 ἀλλὰ
1360 3483 1451 3540 καὶ
1506 3483 1559 3539 ἐν
1612 3488 1731 3546 τοῖς
1760 3488 1972 3558 καιροῖς

318 3572 548 3637 ἐκείνοις
577 3572 898 3653 φιλολογεῖν
940 3575 1032 3629 καὶ
1063 3569 1323 3649 ἀκριϐοῦν
1364 3572 1434 3629 τὰ
1482 3572 1778 3649 ἀντίγραφα
1808 3571 1976 3645 ἀναγ-

316 3664 620 3738 καζόμεθα.
653 3662 789 3719 Οὔτε
821 3664 928 3736 μὴν
988 3661 1128 3732 ὃλην
1182 3661 1268 3718 ἐπὶ
1312 3663 1569 3736 θεραπείᾳ
1590 3666 1689 3718 τοῦ
1720 3662 1973 3734 σώματος

318 3754 422 3823 τήν
450 3753 614 3809 νύκτα
641 3748 839 3824 ἔξεστιν
868 3755 1006 3827 ἡμῖν
1034 3754 1350 3826 κοιμᾶσθαι,
1382 3752 1471 3807 ἐπὶ
1503 3750 1651 3807 πολὺ
1697 3758 1797 3820 τῆς
1828 3748 1978 3805 εσπὲ-

325 3861 422 3917 ρας
452 3848 569 3921 τῆςΔ
587 3840 913 3921 φιλολογίας
943 3841 1394 3916 παρατεινούσης.
1424 3843 1537 3898 Ἐῶ
1568 3836 1625 3895 δὲ
1677 3839 1855 3916 λέγειν
1883 3835 1977 3894 καὶ

321 3932 392 3987 τὰ
441 3918 610 3986 ιωθάκὶ
640 3918 815 4010 μὲχριί
853 3932 951 4001 τῆς
1005 3932 1071 3998 θ’,
1119 3924 1222 3986 ἔσθ’
1270 3931 1361 3986 ’ὁτε
1407 3935 1498 3986 καί
1548 3928 1778 4000 δεκάτης
1809 3929 1975 4004 ὥρας’

326 4020 521 4081 πάντες
582 4021 684 4097 γὰρ
770 4022 822 4075 οἱ
875 4020 1123 4085 θέλοντες
1205 4022 1518 4099 φιλοπονεῖν
1573 4021 1698 4083 τοὺς
1754 4014 1978 4092 καιροὺς

327 4109 572 4174 ἰκεινους
597 4115 668 4184 τῇ
699 4109 929 4179 ἆξετάσει
971 4114 1083 4166 τῶν
1137 4108 1292 4174 θείων
1353 4107 1562 4186 λογίων
1593 4109 1680 4164 καὶ
1711 4113 1829 4171 ταῖς
1859 4107 1982 4162 ἀνω

321 4201 582 4274 γνώσεσιν
638 4198 963 4258 ἀνᾶτιθίασι.
1023 4205 1201 4263 Πᾶσας
1260 4200 1440 4255 τοίνυν
1493 4199 1825 4274 ἑρμηνεύσας
1881 4198 1982 4267 τὴν

324 4288 471 4345 θείαν
532 4289 751 4367 Γραφὴν
804 4287 1149 4360 ἂτελεύτησεν
1207 4288 1339 4345 ἐτῶν
1399 4290 1495 4362 ξθ’.
1557 4288 1687 4364 Περὶ
1736 4288 1799 4341 οὗ
1830 4287 1919 4342 καὶ
1951 4287 1979 4341 6

327 4379 497 4455 μέγας
527 4377 845 4455 Ἐπιφάνιος
894 4379 948 4434 ἐν
995 4384 1113 4441 τοῖς
1167 4378 1463 4453 Παναρίοις
1520 4376 1692 4450 λέγει·
1738 4376 1851 4434 Τοῦ
1886 4377 1981 4448 μὶν

2070 2059 2128 2109 et
2152 2056 2459 2125 mulieres,
2485 2057 2629 2112 scite
2651 2056 2913 2113 scribere
2936 2059 3212 2125 scientes,
3237 2059 3298 2113 in
3321 2059 3489 2130 plura
3513 2058 3725 2114 exinde

2071 2145 2437 2217 exemplaria
2457 2147 3222 2205 transcribebant.Absolvit
3245 2164 3371 2204 eam
3395 2149 3727 2203 versionem

2071 2234 2246 2289 annis
2269 2236 2357 2290 18.
2391 2236 2600 2291 Fertur
2654 2252 2830 2308 porro
2861 2237 3150 2293 librorum
3210 2253 3313 2293 sex
3368 2237 3560 2292 millia
3590 2252 3732 2292 con-

2073 2324 2385 2395 scripsisse
2441 2325 2748 2397 Origenes.
2807 2328 3057 2383 Tantum
3118 2333 3318 2383 autem
3375 2327 3487 2382 fuit
3516 2343 3584 2382 ac
3609 2331 3729 2382 tam

2073 2413 2290 2470 ardens
2308 2415 2606 2471 Ambrosii
2637 2417 2816 2487 hujus
2838 2417 3101 2473 studium
3125 2418 3523 2473 enarrationis
3544 2433 3735 2473 sacra-

2074 2520 2207 2561 rum
2241 2507 2615 2579 Litterarum,
2642 2513 2710 2562 ut
2730 2508 3012 2581 Origenes
3034 2509 3087 2565 ei
3113 2508 3370 2580 quadam
3398 2508 3461 2563 in
3483 2506 3738 2579 epistola

2074 2594 2421 2667 hujusmodi
2478 2596 2629 2652 ferat
2674 2597 3132 2653 testimonium:
3196 2601 3444 2654 Sanctus
3494 2599 3734 2669 Deoque

2077 2684 2306 2740 sincere
2365 2685 2600 2741 deditus
2658 2686 3008 2742 Ambrosius
3067 2687 3321 2742 multam
3356 2688 3462 2741 tibi
3493 2687 3549 2745 S.
3583 2686 3646 2741 D.
3686 2687 3738 2740 is

2076 2786 2212 2827 eum
2243 2788 2337 2829 me
2374 2774 2673 2830 existimet
2699 2775 2972 2831 laborum
3008 2776 3363 2831 tolerantem
3398 2791 3525 2830 esse
3557 2779 3617 2830 et
3644 2791 3739 2828 sa-

2078 2876 2191 2916 cres
2223 2861 2540 2933 Scriptura
2572 2864 3001 2935 cognoscendae
3033 2864 3289 2932 avidum,
3328 2879 3433 2918 suo
3469 2862 3737 2919 laborum

2076 2951 2272 3007 studio
2302 2954 2360 3005 et
2388 2966 2590 3007 amore
2621 2967 2819 3008 sacras
2868 2968 2963 3007 res
3012 2952 3281 3008 discendi
3308 2952 3367 3006 id
3394 2952 3735 3023 exploravit.

2076 3041 2259 3094 Tanto
2309 3044 2506 3097 autem
2563 3055 2660 3096 me
2716 3047 2851 3113 post
2908 3058 2971 3097 se
3024 3041 3268 3114 reliquit
3302 3040 3641 3108 intervallo,
3673 3045 3740 3095 ut

2076 3130 2411 3200 periculum
2461 3132 2540 3186 sit
2587 3147 2665 3186 ne
2718 3132 2791 3187 de
2845 3131 3144 3188 solvendis
3185 3137 3475 3203 quotquot
3506 3132 3556 3188 is
3589 3130 3735 3186 mihi

2005 3260 2048 3331 α
2086 3220 2369 3292 proponit
2417 3221 2848 3292 quaestionibus
2920 3222 3239 3295 desperare
3298 3238 3492 3295 cogar.
3544 3222 3744 3292 Neque

2093 3324 2314 3331 --μμ
2348 3324 2456 3331 ____
2493 3310 2911 3331 ,μημιηεμῷ
3195 3326 3245 3331 μ-
3583 3309 3717 3331 nus.

2086 3324 2319 3365 camare
2348 3324 2458 3365 nos
2488 3310 2921 3382 exemplarium
2978 3312 3136 3367 inter
3189 3326 3252 3367 se
3309 3306 3546 3366 collatio
3580 3309 3741 3378 sinit,

2080 3399 2234 3457 445
2270 3414 2465 3470 neque
2490 3414 2524 3455 a
2554 3416 2721 3455 coena
2778 3400 3085 3457 ambulare
3139 3404 3240 3456 aut
3293 3416 3508 3473 corpus
3538 3402 3739 3471 quiete

2080 3487 2349 3543 relaxare
2366 3487 2670 3556 datur,sed
2690 3488 2793 3545 illo
2813 3488 2990 3545 etiam
3010 3492 3276 3562 tempore
3299 3488 3513 3546 litteris
3529 3505 3734 3545 vacare

2082 3580 2141 3632 et
2170 3576 2490 3632 emendare
2513 3577 2875 3649 exemplaria
2905 3579 3191 3651 cogimur.
3214 3579 3415 3649 Neque
3446 3594 3580 3633 vero
3612 3594 3739 3633 cor-

2080 3665 2241 3737 poris
2273 3665 2580 3721 reficiendi
2613 3683 2792 3722 causa
2815 3670 3001 3722 totam
3024 3665 3197 3722 nobis
3221 3671 3453 3723 noctem
3476 3666 3737 3721 dormire

2082 3753 2447 3823 conceditur,
2494 3754 2697 3810 labore
2743 3756 2803 3809 in
2852 3754 3103 3810 multam
3159 3760 3393 3809 noctem
3437 3769 3499 3809 se
3533 3760 3739 3810 exten-

2082 3845 2260 3899 dente
2291 3862 2304 3899 :
2332 3861 2406 3899 ne
2438 3844 2633 3900 dicam
2682 3845 2753 3900 de
2799 3845 3112 3901 matutinis
3165 3844 3491 3911 laboribus,
3526 3845 3625 3915 qui
3664 3844 3739 3900 ad

2083 3949 2328 4001 nonam,
2361 3947 2793 4004 nonnunquam
2825 3948 2961 3988 vero
2987 3932 3282 3989 decimam
3313 3933 3520 3988 horam
3554 3932 3745 4005 porri-

2082 4028 2320 4096 guntur.
2363 4024 2710 4094 Quicunque
2770 4025 2932 4080 enim
2986 4025 3193 4081 volunt
3252 4025 3745 4097 occupationibus

2087 4112 2216 4168 istis
2246 4113 2554 4184 inservire,
2600 4118 2871 4186 tempora
2918 4114 3035 4170 ista
3088 4114 3502 4170 examinandis
3533 4113 3749 4169 divinis

2086 4202 2345 4258 oraculis
2377 4207 2435 4258 et
2463 4203 2707 4258 lectioni
2738 4202 3111 4276 impendunt.
3137 4205 3418 4275 Origenes
3451 4220 3585 4277 ergo
3609 4219 3744 4261 cum

2085 4292 2426 4347 universam
2456 4306 2686 4347 sacram
2718 4292 3083 4364 Scripturam
3113 4297 3269 4349 esset
3299 4291 3743 4363 interpretatus,

2087 4385 2358 4437 mortuus
2392 4385 2481 4437 est
2511 4396 2700 4437 annos
2731 4387 2906 4437 natus
2952 4383 3040 4437 69.
3076 4382 3155 4438 De
3186 4384 3298 4438 hoc
3328 4396 3577 4453 magnus
3608 4379 3748 4453 Epi—

324 4464 672 4545 Ἀμὸροσίου
710 4467 777 4522 τὰ
831 4468 968 4543 πρὸς
1020 4470 1229 4546 τροφὴν
1290 4466 1436 4539 αότῷ
1490 4482 1549 4520 τε
1604 4463 1838 4529 καὶτοῖς
1868 4464 1971 4534 ὀξυ

2089 4469 2347 4542 pbanius
2378 4468 2440 4525 in
2472 4468 2741 4526 Panariis
2773 4469 2858 4527 sic
2892 4470 3135 4526 scribit:
3174 4470 3579 4545 Suppeditavit
3607 4471 3748 4525 Am-

325 4559 565 4638 γράφοις
621 4557 712 4612 καὶ
770 4561 885 4618 τοῖς
944 4557 1304 4632 ὑπηρετοῦσιν
1361 4555 1733 4630 ἰξαρκοῦντος,
1775 4552 1971 4629 χᾶρτας

2095 4558 2331 4615 brosius
2362 4558 2650 4614 alimenta
2680 4563 2740 4614 et
2768 4561 2903 4631 ipsi,
2935 4566 2991 4615 et
3015 4558 3430 4632 scriptoribus,
3465 4565 3521 4615 et
3551 4559 3756 4616 minis-

447 4632 539 4703 καί
597 4645 776 4703 τᾶλλα
829 4650 938 4701 τῶν
993 4645 1392 4720 ἀναλωμάτων,
1423 4649 1519 4700 τοῦ
1576 4642 1634 4699 δὲ
1685 4642 1971 4720 Ὠριγένου‹

2101 4649 2226 4718 tris,
2259 4648 2529 4719 aliosque
2584 4654 2855 4721 sumptus
2905 4648 3233 4706 liberaliter
3279 4650 3438 4705 fecit.
3474 4650 3754 4722 Origenes

326 4737 386 4794 ἔν
441 4759 503 4795 τε
552 4738 855 4815 ἀγρυπνίας
894 4737 985 4794 καὶ
1043 4736 1352 4801 πολιτείαις
1392 4731 1868 4812 ὑπερϐαλλούσαις
1897 4733 1987 4789 καὶ

327 4826 520 4905 σχολῇ
572 4826 795 4905 μεγίστῃ
829 4829 920 4886 τὸν
968 4828 1093 4905 περὶ
1140 4835 1243 4899 τῆς
1293 4832 1508 4905 Γραφῆς
1557 4824 1864 4888 διανύοντος
1896 4818 1987 4880 κά-

332 4937 530 4994 ματον,
583 4919 675 4973 καὶ
733 4923 906 4974 πᾶσαν
970 4920 1073 4989 τὴν
1133 4917 1485 4991 καλουμένην
1542 4920 1650 4973 τῶν
1700 4913 1984 4986 Ἑξαπλῶν

326 5009 708 5083 πραγματείαν
742 5008 832 5063 καὶ
862 5012 971 5063 τῶν
1022 5007 1235 5063 λοιπῶν
1290 5007 1317 5061 6
1373 5006 1512 5081 ἀνὴρ
1575 5005 1710 5081 μετὰ
1736 5005 1985 5081 καμάτου

326 5095 790 5177 πεφιλοτίμηται.
852 5096 924 5151 Ού
980 5097 1142 5170 μόνον
1196 5096 1300 5172 γὰρ
1356 5094 1449 5158 τὰς
1503 5095 1806 5168 ἐπισήμους
1840 5093 1984 5149 ἐκδό-

328 5206 443 5249 σεις
488 5184 628 5243 κατὰ
656 5186 851 5243 ταυτὸν
909 5187 1233 5263 συνήγαγεν,
1274 5183 1419 5240 ἀλλὰ
1472 5184 1563 5238 καὶ
1611 5180 1867 5257 πέμπτην
1897 5183 1987 5238 καὶ

324 5273 494 5347 ἓκτην
542 5275 681 5333 κατὰ
727 5275 853 5338 τοὺς
908 5272 1142 5352 χρόνους
1187 5271 1413 5336 τούτους
1461 5271 1512 5331 ἐν
1562 5270 1782 5352 Ἰεριχὼ
1823 5293 1990 5349 παρα-

328 5368 519 5443 τυχὼν
548 5365 602 5423 ἔν
633 5387 740 5424 τινι
770 5367 936 5440 πίθῳ,
992 5367 1188 5428 ταύτας
1246 5365 1537 5435 συνίταξεν.
1594 5365 1678 5438 [Ρ.
1710 5363 1836 5437 254]
1866 5364 1989 5421 Ἐπί

326 5457 529 5514 ταυτὸν
590 5456 683 5513 οὖν
735 5457 909 5521 πάσας
968 5457 1316 5536 συναγαγὼν,
1375 5453 1575 5514 διελὼν
1617 5454 1675 5512 δὲ
1719 5456 1815 5511 καὶ
1846 5456 1989 5512 ἀντι-

329 5544 597 5620 παραθεῖς
652 5544 921 5618 ἀλλὴλων
1001 5548 1135 5624 μετὰ
1204 5546 1374 5619 αὐτῆς
1426 5552 1526 5616 τῆς
1576 5540 1848 5621 Ἐϐραίων
1898 5566 1993 5616 οη·-

2099 4742 2299 4793 autem
2327 4736 2543 4810 vigiliis
2574 4753 2642 4793 ac
2674 4736 2972 4794 inductria
3003 4738 3456 4795 incredibilibus
3487 4755 3637 4811 opus
3670 4737 3755 4792 di-

2096 4828 2245 4882 vince
2275 4827 2591 4898 Scriptura;
2642 4825 3000 4897 elaboravit;
3062 4846 3130 4885 ac
3187 4844 3316 4901 quae
3376 4827 3755 4901 appellantur

2082 4916 2375 4988 ‘Hexapla,
2412 4919 2470 4971 et
2501 4915 2735 4988 reliqua
2766 4917 2967 4972 omnia
2994 4932 3209 4990 magno
3242 4916 3445 4972 labore
3475 4914 3751 4971 confecit.

2096 5008 2223 5063 Non
2252 5006 2411 5063 enim
2441 5010 2674 5063 tantum
2706 5007 2971 5078 insignes
3002 5006 3145 5061 istas
3179 5006 3471 5061 editiones
3494 5004 3751 5075 collegit,

2099 5096 2203 5152 sed
2235 5101 2292 5151 et
2324 5095 2594 5168 quintam
2626 5101 2683 5150 et
2714 5102 2940 5152 sextam
2968 5097 3307 5151 Jerichunte
3338 5096 3399 5149 in
3432 5093 3590 5149 dolio
3624 5098 3750 5149 tum

2098 5184 2371 5242 inventas
2401 5182 2661 5255 adjecit;
2694 5183 3092 5257 omnibusque
3116 5184 3178 5240 in
3201 5200 3384 5240 unum
3408 5180 3751 5254 compositis

2100 5271 2544 5346 dispositisque,
2605 5270 2688 5328 ita
2745 5277 2811 5328 ut
2865 5274 3074 5330 ordine
3127 5274 3284 5329 inter
3312 5289 3375 5329 se
3405 5272 3606 5329 omnia
3637 5271 3751 5327 sibi

2100 5362 2505 5430 Hebraicoque
2536 5360 2716 5416 etiam
2741 5377 2918 5432 quem
2941 5360 3196 5417 addebat
3216 5362 3402 5417 textui
3432 5360 3754 5433 responde-

2099 5455 2255 5517 rent,
2287 5448 2548 5521 Hexapla
2577 5448 2693 5506 ista
2722 5450 2867 5506 scite
2888 5451 3208 5507 admodum
3232 5456 3410 5525 atque
3442 5452 3612 5507 docte
3643 5468 3750 5524 pro

2103 5560 2210 5601 sua
2239 5541 2454 5616 peritia
2480 5540 2877 5602 concinnavit.

337 5634 626 5708 μειώσεως
678 5632 746 5691 τὰ
805 5636 913 5691 τῶν
972 5633 1288 5712 λεγομένων
1348 5629 1630 5706 Ἐξαπλῶν
1686 5631 2031 5713 ἀντιγράφων
2090 5630 2300 5711 εὐφυῶς
2359 5625 2500 5683 υάλα
2552 5627 2647 5684 καὶ
2703 5627 3094 5704 ἐπιστημόνως
3141 5629 3201 5687 ix
3230 5628 3593 5704 πολυπειρίας
3625 5646 3753 5685 κατι

332 5722 642 5783 εσκεύασεν.
