4118 6288
383 401 503 462 487

457 538 584 592 Non
611 541 812 590 tamen
842 533 1030 606 gloria
1060 533 1188 604 ejus
1219 533 1326 587 viri
1366 533 1440 588 ad
1489 533 1671 588 ﬁnem
1701 547 1892 602 usque
1923 527 2038 584 illi-
2067 527 2122 593 Α

386 625 526 680 bata
558 623 903 694 permansit.
939 623 1080 676 Nam
1113 621 1216 676 illa
1280 626 1400 677 tam
1432 621 1781 692 multiplicis
1811 617 2038 691 peritiae

391 712 712 768 efﬁcacitas
739 711 812 766 ad
846 715 1174 766 extremum
1194 711 1536 782 gravissimo
1558 725 1693 764 eum
1725 725 1866 765 casu
1895 707 2042 763 afﬂi-

384 803 508 866 xit;
565 800 890 871 multisque
948 799 1308 854 olfendiculo
1338 799 1450 854 fuit
1505 805 1566 855 et
1618 799 1780 854 exitii
1812 802 2036 853 auctor.

377 893 531 948 Dum
564 891 724 946 enim
754 889 907 944 nihil
941 889 1011 944 de
1045 890 1198 944 446
1233 889 1416 944 sacris
1449 889 1680 943 Litteris
1711 885 2038 958 inexplica-

383 985 506 1035 tum
537 980 662 1034 vult
687 978 1050 1050 relinquere,
1084 994 1146 1033 se
1175 981 1372 1048 ipsum
1407 978 1468 1032 in
1511 983 1818 1049 peccatum
1851 976 2037 1029 intro-

383 1069 550 1124 duxit
572 1067 867 1138 verbaque
893 1066 1137 1120 lethalia
1159 1065 1414 1136 scripsit.
1439 1067 1582 1120 Nam
1605 1065 1676 1120 ab
1701 1081 1767 1120 eo
1787 1069 1846 1120 et
1866 1063 2039 1118 Arius

385 1174 592 1214 ansam
613 1157 702 1212 sui
730 1155 948 1212 erroris
976 1159 1277 1211 mutuatus
1301 1159 1476 1218 est,et
1499 1155 1713 1226 reliqui
1737 1153 2036 1224 deinceps,

387 1250 488 1320 qui
517 1249 734 1304 Filium
767 1248 925 1303 Patri
958 1247 1216 1302 similem
1271 1247 1658 1318 ejusdemque
1693 1245 2038 1301 substantia)

382 1342 619 1410 negant,
655 1343 713 1394 et
741 1336 864 1392 alii.
900 1337 1196 1408 Principio
1231 1336 1392 1390 enim
1431 1337 1711 1407 Origenes
1741 1351 1921 1390 ausus
1953 1339 2040 1388 est

383 1427 510 1482 haec
531 1426 706 1482 verba
727 1442 948 1498 ponere
971 1442 983 1479 :
1011 1425 1359 1498 Unigenitus
1379 1425 1563 1480 Filius
1585 1426 1818 1479 Patrem
1841 1423 2038 1478 videre

383 1533 504 1572 non
537 1519 746 1588 potest,
781 1532 976 1586 neque
1008 1514 1222 1569 Filium
1253 1514 1505 1586 Spiritus
1549 1519 1810 1581 sanctus,
1843 1528 2037 1582 neque

383 1606 580 1678 angeli
612 1605 897 1676 Spiritum
929 1609 1224 1672 sanctum,
1248 1619 1444 1674 neque
1467 1603 1741 1659 homines
1773 1602 2037 1674 angelos.

383 1697 566 1767 Negat
596 1694 774 1750 etiam
805 1693 1020 1748 Filium
1047 1693 1120 1748 de
1153 1698 1368 1749 natura
1399 1693 1588 1748 Patris
1622 1708 1772 1758 esse,
1803 1691 1906 1746 sed
1946 1707 2042 1747 as-

384 1785 530 1840 serit
559 1800 694 1838 eum
727 1789 990 1838 creatum
1027 1799 1178 1850 esse,
1211 1798 1278 1838 ac
1311 1782 1469 1853 quod
1511 1781 1694 1836 Filius
1725 1779 2043 1845 dicatur,id

1743 393 2062 458 GEORGII
2107 391 2454 455 CEDRENI

3677 397 3798 459 488

2205 523 2384 587 ,Ἀλλ’
2425 527 2528 582 οὐκ
2556 525 2632 589 εἰς
2662 525 2826 588 τέλος
2858 521 3116 582 ἄσϐεστον
3179 525 3344 582 αὐτοῦ
3401 525 3465 583 τὸ
3521 525 3685 590 κλέος
3715 525 3804 584 δι-

2151 615 2350 688 έμεινε.
2386 609 2715 688 Συμὸέϐηκε
2743 615 2847 692 γὰρ
2877 615 3026 688 αύτῷ
3054 617 3117 672 τὸ
3147 623 3246 685 τῆς
3273 613 3635 685 πολυπειρίας
3668 615 3802 692 δρα-

2149 704 2371 778 στήριον
2404 710 2608 778 πτῶμα
2633 778 2636 780 γ
2659 702 2912 775 ἐξαίσιον,
2960 705 3052 760 καὶ
3105 703 3290 778 μέντοι
3327 701 3626 761 σκάνδαλον
3658 705 3807 762 πολ-

2148 789 2271 854 λοῖς
2301 793 2394 848 καὶ
2422 791 2704 856 ἀπωλείας
2757 793 3016 868 πρόξενος
3067 794 3270 870 γέγονε.
3313 793 3665 868 Βουλόμενος
3695 797 3801 871 γὰρ

2153 881 2321 956 μηδὲν
2376 883 2528 940 έᾶσαι
2602 889 2709 939 τῶν
2787 883 2944 940 θείων
3027 889 3252 961 Γραφῶν
3309 883 3664 960 ἀνεεήγητον,
3724 885 3804 952 εἰς

2149 973 2438 1050 ἐπαγωγὴν
2489 975 2680 1030 ἑαυτὸν
2729 969 3046 1050 περιέϐαλεν
3102 972 3368 1050 ἁμαρτίας
3407 973 3496 1028 καὶ
3528 975 3802 1049 θανάσιμα

2148 1063 2456 1137 ἐξηγήσατο
2487 1063 2729 1141 ῥήματα.
2790 1065 2875 1134 Ἐξ
2932 1065 3097 1120 αὐτοῦ
3151 1064 3255 1141 γὰρ
3311 1063 3400 1119 καὶ
3451 1071 3672 1138 ’Ἄρειος
3699 1066 3798 1126 τὰς

2147 1154 2399 1232 ἀφορμὰς
2463 1154 2660 1231 ε’ἰληφε
2723 1155 2815 1210 καὶ
2872 1155 2925 1210 οἳ
2981 1155 3210 1224 καθεξῆς
3277 1153 3534 1228 ἀνόμοιοί
3603 1177 3655 1210 τε
3703 1156 3800 1211 καὶ

2147 1243 2358 1298 ἀνόσιοι
2388 1245 2497 1316 (67)
2527 1243 2618 1298 καὶ
2669 1245 2720 1299 οἱ
2774 1241 2966 1300 λοιποὶ
3021 1245 3240 1306 πάντες.
3275 1240 3477 1299 Φάσκει
3504 1242 3609 1320 γὰρ
3640 1245 3802 1306 οὗτος

2145 1329 2436 1405 τολμήσας
2466 1333 2603 1387 κατὰ
2623 1334 2724 1402 τῆν
2756 1331 2935 1408 ἀρχὴν
2978 1333 3060 1388 ’ὁτι
3121 1334 3150 1387 ὁ
3185 1334 3484 1407 μονογενής
3513 1333 3636 1396 Υἱὸς
3667 1333 3800 1407 ὁρᾷν

2146 1421 2238 1476 τὸν
2270 1421 2482 1496 Ηατέρα
2511 1423 2574 1477 ού
2608 1418 2848 1492 δύναται,
2882 1417 3003 1476 οὔτε
3041 1421 3134 1477 τὸν
3193 1421 3318 1475 Υἱὸν
3367 1421 3430 1476 τὸ
3489 1422 3708 1495 Πνεῦμα
3735 1423 3802 1477 τὸ

2149 1509 2320 1585 ἅγιον,
2353 1507 2478 1564 οὔτε
2509 1511 2560 1565 οἰ
2588 1507 2814 1584 ἄγγελοι
2869 1509 2934 1564 τὸ
2963 1513 3201 1582 Πνεῦμα,
3233 1509 3358 1564 οὕτε
3413 1510 3463 1563 οἱ
3522 1506 3791 1584 ἄνθρωποτ

2148 1599 2276 1662 τοὺς
2331 1597 2620 1676 ἀγγέλους.
2681 1599 2784 1656 Καὶ
2839 1597 2900 1654 ἐκ
2953 1605 3050 1668 τῆς
3113 1597 3298 1660 οὐσίας
3352 1601 3449 1654 τοῦ
3495 1598 3702 1672 Ιίατρὸς
3734 1597 3802 1652 οὐ

2150 1684 2296 1742 θέλει
2347 1687 2485 1741 εἶναι
2543 1687 2635 1742 τὸν
2694 1687 2838 1753 Υἱὸν,
2899 1683 3045 1741 ἀλλὰ
3094 1685 3318 1758 κτίσμα,
3348 1684 3441 1740 καὶ
3471 1685 3608 1740 κατὰ
3637 1684 3804 1760 χάριν

2153 1777 2275 1830 rte»
2305 1774 2575 1852 λέγεσθαι,
2631 1777 2732 1845 τὴν
2794 1773 2854 1830 δὲ
2905 1775 3238 1850 ἀνθρωπίνην
3295 1776 3481 1849 ψυχὴν
3513 1775 3806 1850 προϋπάρ-

383 1873 540 1928 dono
571 1873 898 1945 accepisse.
929 1873 1109 1926 Docet
1139 1872 1322 1926 etiam
1353 1871 1616 1926 animam
1649 1868 1914 1924 hominis
1945 1869 2036 1923 ho-

2152 1885 2292 1940 χειν,
2323 1865 2414 1920 καὶ
2443 1869 2551 1920 τῶν
2602 1861 2882 1938 δαιμόνων
2919 1865 3020 1933 τὴν
3079 1863 3157 1928 είς
3205 1855 3270 1918 τὸ
3325 1864 3560 1939 ἀρχαῖον
3593 1862 3804 1918 ἀποκα-

383 1961 543 2016 mine
574 1961 740 2032 prius
773 1960 1048 2028 existere,
1079 1958 1350 2014 diabolos
1384 1959 1446 2012 in
1476 1957 1796 2030 pristinum
1823 1961 2044 2010 statum

383 2051 725 2107 restitutum
757 2050 831 2104 iri
888 2067 957 2106 ac
1016 2049 1198 2104 ﬁnem
1239 2049 1366 2104 fore
1425 2047 1756 2120 supplicio;
1807 2046 2044 2116 aliaque

386 2146 676 2212 praeterea
703 2139 886 2211 impie
917 2139 1116 2194 tradit.
1148 2139 1215 2192 In
1246 2137 1494 2209 quodvis
1524 2142 1725 2193 autem
1765 2136 2042 2191 volumen

389 2229 668 2301 Origenes
697 2227 888 2283 multa
913 2227 1226 2300 congessit.
1251 2228 1316 2281 In
1333 2226 1550 2297 quibus
1575 2225 1677 2281 ubi
1708 2225 1884 2280 certis
1907 2241 2041 2280 cum

385 2317 731 2372 hominibus
753 2317 1111 2388 colloquitur
1130 2320 1233 2372 aut
1249 2315 1548 2387 praefando
1571 2315 1643 2370 de
1665 2315 1952 2380 moribus,
1967 2313 2040 2369 de

384 2407 614 2464 naturis
645 2406 1038 2462 animantium
1061 2410 1120 2460 et
1140 2405 1371 2461 ratione
1393 2405 1722 2460 carentium
1755 2403 2036 2475 disputat,

386 2495 650 2551 medium
687 2502 896 2550 tenens
958 2511 1370 2566 saepenumero
1428 2493 1728 2566 eleganter
1775 2493 2036 2549 disserit.

387 2584 499 2640 Ubi
529 2589 729 2640 autem
759 2583 832 2639 de
862 2583 980 2638 ﬁde
1012 2583 1249 2639 decreta
1277 2582 1500 2651 condit,
1552 2583 1634 2638 ibi
1683 2583 1890 2653 quovis
1920 2582 2037 2638 alio

381 2672 699 2729 absurdior
728 2677 835 2728 est.
867 2671 1116 2728 Videtur
1144 2678 1344 2728 autem
1377 2672 1559 2727 etiam
1602 2673 1780 2727 vitam
1813 2689 1944 2747 quae
1975 2672 2038 2726 in

381 2762 684 2818 domando
716 2779 962 2834 corpore
993 2765 1320 2834 occupatur
1347 2761 1680 2833 amplexus,
1713 2767 1772 2816 et
1801 2761 1875 2816 ad
1906 2777 2036 2816 eam

381 2868 510 2907 rem
541 2851 771 2922 aliquid
803 2851 1180 2924 excogitasse.
1214 2852 1362 2906 Nam
1394 2849 1637 2920 quidam
1676 2851 1863 2918 aiunt,
1899 2866 2036 2906 eum

381 2940 494 2996 sibi
523 2957 768 2997 nervum
799 2940 1162 3012 praecidisse,
1195 2956 1271 2995 ne
1316 2939 1426 2994 sibi
1461 2956 1496 2994 a
1526 2939 1823 3011 voluptate
1853 2955 2036 3012 nego-

383 3031 529 3086 tium
561 3029 960 3098 exhiberetur,
993 3029 1095 3086 alii
1128 3046 1265 3084 eum
1295 3028 1574 3099 genitalia
1599 3028 1878 3100 imposito
1909 3045 2036 3083 me-

381 3117 718 3174 dicamento
749 3118 1116 3184 exsiccasse;
1148 3117 1250 3172 alii
1283 3116 1401 3172 alia
1430 3116 1484 3171 ei
1517 3115 1842 3184 ascribunt,
1858 3115 2033 3186 quale

382 3207 600 3274 ethoc,
661 3206 820 3278 quod
869 3205 1114 3261 herbam
1171 3205 1468 3260 invenerit
1525 3222 1643 3276 qua
1681 3205 2030 3260 memoriam

379 3301 637 3352 acueret.
671 3296 881 3350 Fertur
909 3293 1123 3350 Christi
1153 3295 1342 3367 gratia
1393 3295 1583 3350 multa
1624 3311 1752 3350 esse
1784 3311 2032 3366 perpes-

381 3399 502 3451 sus,
533 3383 750 3454 quippe
789 3383 967 3437 homo
1018 3383 1225 3438 doctus
1256 3387 1314 3437 et
1343 3383 1407 3437 in
1438 3383 1700 3438 Ecclesia
1729 3383 2030 3439 educatus.

382 3471 493 3526 Sed
523 3486 660 3525 cum
689 3470 847 3542 apud
881 3470 1260 3542 magistratus
1290 3486 1398 3542 per
1428 3470 1792 3526 calumniam
1832 3471 2032 3526 tradu-

382 3565 509 3616 ctus
541 3564 717 3628 esset,
750 3559 1064 3615 diabolicis
1119 3561 1266 3616 447
1331 3559 1558 3614 artibus
1607 3559 1914 3614 inventum
1945 3564 2035 3614 est

383 3649 680 3720 quomodo
737 3649 1174 3705 circumventus
1230 3665 1266 3705 a
1320 3653 1482 3704 recto
1543 3647 1776 3703 detrudi
1809 3653 2032 3720 posset.

383 3737 866 3794 Subornaverunt
912 3737 1074 3792 enim
1149 3735 1470 3809 quemdam
1525 3737 1718 3792 virum
1776 3742 2032 3808 turpem,

381 3827 734 3898 EthiOpem,
767 3827 867 3898 qui
901 3827 1028 3899 ejus
1061 3830 1329 3898 c'orpore,
1355 3826 1404 3882 si
1429 3825 1764 3881 sacriﬁcare
1797 3825 2034 3881 abnuis-

379 3921 491 3982 set,
523 3915 598 3970 ad
629 3915 949 3970 obscenam
997 3915 1344 3970 abuteretur
1371 3913 1702 3970 libidinem.
1737 3915 1878 3970 Eam
1911 3920 2032 3970 tur-

383 4004 714 4076 pitudinem
745 4005 926 4076 hujus
954 4005 1412 4060 machinationis
1444 4021 1566 4060 non
1602 4004 1802 4060 ferens
1833 4005 2036 4075 Orige-

386 4109 514 4158 nes,
553 4109 688 4148 cum
747 4099 904 4148 esset
953 4094 1005 4148 ei
1065 4093 1261 4150 soluta
1311 4094 1493 4166 optio,
1527 4094 1590 4149 in
1643 4093 1796 4149 hanc
1828 4111 2033 4150 vocem

384 4183 598 4256 erupit,
631 4183 774 4239 velle
823 4201 884 4239 se
934 4183 1288 4240 sacriﬁcare.
1341 4185 1668 4255 Statimque
1719 4185 1772 4238 ei
1808 4185 1941 4240 thus
1973 4184 2034 4238 in

386 4289 599 4328 manus
631 4277 720 4328 est
748 4273 1056 4345 injectum.
1091 4272 1249 4344 quod
1275 4273 1374 4328 ille
1396 4273 1454 4328 in
1477 4289 1684 4346 rogum
1705 4290 1822 4328 arm
1845 4273 2035 4328 immi-

385 4361 480 4415 sit.
521 4363 848 4432 Eapropter
877 4377 912 4416 a
929 4360 1234 4434 judicibus
1265 4377 1299 4416 a
1329 4361 1594 4431 martyrii
1629 4360 1910 4432 dignitate
1941 4378 2032 4417 re-

384 4449 592 4522 pulsus
622 4449 1003 4520 Ecclesiaque
1035 4450 1278 4520 ejectus,
1313 4465 1446 4504 cum
1478 4448 1737 4504 dedecus
1768 4450 1882 4504 hoc
1910 4467 2032 4505 non

379 4538 584 4609 ferret,
617 4537 978 4593 Alexandria
1008 4537 1214 4592 relicta
1259 4537 1319 4591 in
1367 4536 1633 4592 Iudaeam
1665 4554 1726 4593 se
1757 4539 2030 4594 contulit.

385 4629 532 4683 Cum
561 4632 759 4700 autem
787 4627 1195 4698 Hierosolyma
1236 4627 1620 4698 pervenisset,
1655 4629 2030 4684 sacerdotum
2061 4617 2108 4678 ι)

382 4715 455 4770 ab
487 4731 555 4770 eo
587 4715 902 4788 collegium
925 4720 996 4770 ut
1024 4715 1264 4770 homine
1295 4715 1468 4770 docto
1497 4721 1675 4786 atque
1706 4717 2030 4790 interprete

385 4802 688 4876 ﬂagitavit,
721 4805 807 4859 uti
855 4803 1081 4875 aliquid
1141 4821 1245 4875 pro
1294 4803 1577 4859 concione
1609 4803 1872 4860 diceret:
1905 4812 2036 4863 erat

381 4893 544 4948 enim
575 4893 904 4966 presbyter.
951 4895 1155 4964 Itaque
1212 4909 1347 4952 cum
1406 4893 1726 4949 admodum
1755 4901 2036 4968 urgerent

2150 1954 2428 2024 τάστασιν,
2471 1955 2562 2010 καὶ
2618 1953 2778 2017 τέλος
2835 1960 2936 2024 τῆς
2994 1951 3296 2022 κολάσεως,
3325 1952 3414 2007 καὶ
3447 1951 3514 2006 τὰ
3542 1951 3662 2024 ἑξῆς
3691 1954 3804 2006 τῶν

2156 2042 2528 2122 βλασφημιῶν
2569 2042 2754 2099 αὐτοῦ.
2787 2039 3014 2111 Πολλὴν
3074 2046 3204 2119 γοῦν
3260 2041 3530 2111 πεποίηκε
3563 2039 3808 2113 σύνταξιν

2153 2133 2228 2196 εἷς
2288 2133 2515 2205 ἑκάστην
2572 2133 2810 2210 Γραφῆν,
2867 2131 2959 2187 καὶ
3005 2131 3106 2187 ὅσα
3165 2132 3259 2205 μὲν
3317 2129 3372 2186 ἐν
3411 2127 3810 2204 προσομιλίαις

2150 2225 2240 2280 καὶ
2272 2222 2361 2280 διὰ
2389 2226 2700 2300 προοιμίων
2759 2224 2834 2287 εἷς
2893 2223 2998 2294 ἤθη
3055 2243 3115 2279 τε
3165 2223 3255 2278 καὶ
3311 2221 3390 2284 είς
3430 2219 3614 2300 φύσεις
3649 2219 3807 2290 ζώων

2149 2335 2208 2369 τε
2255 2313 2344 2370 καὶ
2401 2311 2620 2391 ἀλόγων
2677 2311 2862 2389 εἴρηκε
2935 2313 3098 2386 μέσος
3154 2310 3472 2391 φερόμενος,
3526 2307 3804 2371 πολλάκις

2149 2403 2446 2478 χαριέντως
2489 2400 2810 2479 διηγήσατο·
2861 2403 2960 2457 ὅσα
3025 2398 3083 2456 δὲ
3119 2400 3242 2476 περὶ
3291 2399 3525 2464 πίστεως
3562 2395 3810 2473 ἐδογμά-

2148 2513 2284 2565 τισε,
2342 2497 2448 2548 τῶν
2512 2495 2724 2547 πάντων
2800 2489 3146 2566 ἀτοπώτερος
3227 2489 3546 2564 εὑρίσκεται.
3609 2485 3806 2557 Ἔδοξε

2149 2579 2208 2636 δὲ
2237 2582 2326 2636 καὶ
2378 2581 2670 2654 ἀσκητικὸν
2726 2579 2842 2656 βίον
2899 2578 3276 2656 ἐπανῃρῆσθαι
3333 2578 3471 2652 (68),
3523 2576 3616 2631 καὶ
3664 2575 3806 2630 κατᾶ

2148 2670 2211 2726 τὸ
2269 2673 2548 2745 σωμάτιον
2605 2669 3010 2740 ἐπινενοηκέναι
3063 2689 3140 2738 τι,
3199 2669 3252 2722 οἱ
3311 2667 3406 2740 μὲν
3467 2664 3552 2720 ὅτι
3609 2669 3802 2740 νεῦρον

2147 2759 2583 2834 ἀποτετμηκέναι
2616 2756 2706 2814 διὰ
2732 2759 2796 2815 τὸ
2853 2760 2926 2832 μὴ
2971 2763 3040 2833 τῇ
3101 2754 3272 2831 ἡδονῇ
3316 2753 3802 2834 παρενοχλεῖσθαι,

2147 2849 2199 2902 οἱ
2251 2845 2309 2903 δὲ
2363 2847 2645 2926 φάρμακον
2702 2846 3013 2916 ἐπιτεθῆναι
3064 2851 3183 2908 τοῖς
3241 2843 3455 2919 μορίοις
3487 2844 3638 2900 εἶπον
3669 2852 3802 2916 παρ’

2146 2936 2309 2992 αὐτοῦ
2361 2938 2451 2992 καὶ
2510 2937 2866 3014 ἀποξηρᾶναι.
2927 2933 3128 2993 Ἄλλοι
3192 2931 3248 2990 δὲ
3303 2931 3450 2990 ἄλλα
3503 2933 3576 2996 εἰς
3633 2932 3797 2986 αὐτὸν

2145 3025 2522 3104 ἀναφέρουσιν,
2555 3026 2629 3089 ὡς
2661 3025 2746 3081 ὅτι
2791 3025 2880 3081 καὶ
2933 3025 3166 3100 βοτάνην
3219 3023 3467 3100 ἰατρικὴν
3499 3023 3616 3096 εὗρε
3649 3023 3789 3094 μνή-

2149 3138 2256 3190 μης
2311 3116 2488 3172 ἓνεκα.
2547 3115 2715 3178 Οὗτος
2773 3112 2960 3170 πολλὰ
3016 3111 3234 3190 λέγεται
3287 3111 3602 3168 πεπονθέναι
3659 3109 3796 3184 ὑπὲρ

2144 3205 2405 3280 Χριστοῦ,
2463 3203 2656 3279 λόγιος
2711 3201 2786 3258 ὣν
2842 3199 3050 3278 σφόδρα
3106 3201 3197 3257 καὶ
3262 3203 3315 3256 έν
3370 3205 3439 3275 τῇ
3501 3197 3804 3270 Ἐκκλησία

2144 3292 2640 3370 ἀνατεθραμμένος.
2705 3293 2897 3366 Φθόνῳ
2962 3289 3020 3346 δὲ
3095 3287 3414 3358 διαϐληθεὶς
3471 3289 3610 3364 πρὸς
3667 3287 3803 3350 τοὺς

2139 3385 2240 3448 τῆς
2326 3382 2564 3452 ἐξουσίας
2649 3383 2944 3460 ἄρχοντας,
3009 3378 3400 3454 κακομηχανίᾳ
3466 3372 3802 3446 διαϐολικῆς

2139 3469 2382 3533 ἐπινοίας
2436 3472 2512 3534 εἰς
2570 3470 2928 3546 αἴσχρότερον
2979 3465 3146 3544 ἄνδρα
3203 3468 3361 3548 φασὶν
3437 3465 3802 3536 ἐπινοηθῆναι

2139 3559 2287 3633 παρᾶ
2341 3563 2450 3614 τῶν
2505 3567 2606 3630 τῆς
2660 3558 2851 3620 κακίας
2903 3556 3145 3635 ἔργατῶν
3221 3555 3414 3612 τοῦτον
3469 3550 3792 3610 ὑπολαϐεῖν.

2141 3647 2378 3712 Αἰθίοπα
2434 3649 2537 3726 γὰρ
2604 3647 2752 3720 αὐτῷ
2817 3646 3216 3722 παρεσκεύασαν
3277 3645 3354 3707 εἷς
3439 3643 3796 3722 παράχρησιν

2137 3741 2236 3792 τοῦ
2267 3737 2522 3811 σώματος
2553 3735 2742 3794 αὐτοῦ.
2799 3737 2860 3793 Ὁ
2920 3733 2979 3792 δὲ
3039 3737 3116 3810 μή
3183 3737 3361 3814 φέρων
3391 3733 3490 3802 τήν
3520 3731 3796 3801 τοσαύτην

2143 3823 2410 3900 βδελυρὰν
2469 3825 2709 3881 ἐπίνοιαν
2766 3822 2958 3900 ἔῤῥηξε
3010 3826 3192 3902 φωνὴν
3266 3823 3592 3901 ἀμφοτέρων
3647 3821 3801 3892 αὐτῷ

2139 3913 2504 3990 προτεθέντων
2558 3915 2910 3991 πραγμάτων.
2975 3913 3126 3972 Ἐπεὶ
3201 3911 3260 3970 δὲ
3314 3918 3476 3968 τοῦτο
3536 3913 3798 3984 καθωμο-

2142 4003 2347 4080 λόγησε
2403 4009 2578 4076 θῦσαι,
2639 3999 2895 4066 ϐαλόντες
2955 4003 3042 4059 ἐπὶ
3097 4008 3261 4080 χεῖρα
3316 4003 3485 4058 αὐτοῦ
3547 3995 3799 4069 λίϐανον,

2141 4092 2216 4157 είς
2273 4095 2372 4162 τὴν
2432 4094 2528 4148 τοῦ
2589 4095 2784 4168 βωμοῦ
2841 4093 3014 4168 πυράν
3071 4099 3296 4164 καθῆκε,
3354 4091 3446 4146 καὶ
3507 4089 3651 4144 οὕτω
3696 4093 3799 4144 τοῦ

2144 4179 2444 4257 μαρτυρίου
2509 4181 2616 4236 ἀπὸ
2676 4186 2784 4236 τῶν
2841 4179 3136 4256 κρινάντων
3194 4175 3486 4250 ἀπεϐλήθη
3542 4177 3635 4233 καὶ
3691 4184 3796 4246 τῆς

2139 4268 2470 4341 Ἐκριλησίας
2519 4269 2749 4342 ἐξώσθη.
2802 4272 2912 4340 Τὴν
2963 4266 3374 4344 Ἀλεξάνδρειαν
3405 4265 3462 4324 δὲ
3493 4266 3670 4324 λιπὼν
3706 4263 3799 4322 διὰ

2137 4360 2202 4414 τὸ
2233 4355 2440 4422 ὄνειδος
2492 4362 2591 4430 τὴν
2647 4356 2908 4416 Ἰουδαίαν
2953 4353 3270 4415 κατέλαϐεν.
3324 4360 3404 4431 [Ρ.
3438 4359 3563 4430 255]
3597 4353 3794 4411 Ἀνελ-

2141 4449 2246 4502 θὼν
2278 4445 2335 4502 δὲ
2367 4447 2441 4511 εἰς
2471 4445 2828 4523 Ἱεροσόλυμα
2857 4447 2934 4512 ὡς
2971 4446 3242 4524 ἐξηγητής
3296 4446 3386 4502 καὶ
3444 4444 3632 4522 λόγιος
3663 4463 3798 4519 προ-

2142 4537 2394 4613 ετρέπετο
2425 4535 2533 4592 ἀπὸ
2561 4541 2658 4592 τοῦ
2689 4535 2928 4612 ἱερατίου
2961 4535 3050 4591 ἐπὶ
3099 4541 3198 4604 τῆς
3239 4532 3571 4605 Ἐκκλησίας
3601 4532 3793 4588 εἰπεῖν·

2139 4622 2500 4702 πρεσϐύτερος
2545 4626 2650 4702 γὰρ
2709 4632 3061 4702 προϋπῆρχε.
3120 4624 3224 4682 Καὶ
3281 4621 3470 4680 πολλᾶ
3526 4643 3795 4696 καταναγ-

2139 4716 2356 4781 κασθεὶς
2415 4715 2518 4770 ὑπὸ
2571 4719 2678 4770 τῶν
2735 4715 2948 4790 ἱερέων,
3007 4713 3234 4776 ἀναστὰς
3289 4713 3384 4768 καὶ
3428 4717 3592 4769 τοῦτο
3627 4712 3792 4785 μόνον

2137 4807 2201 4862 τὸ
2233 4805 2398 4882 ῥητὸν
2431 4804 2620 4860 εἷ’πών·
2651 4808 2746 4876 Τῷ
2777 4801 2834 4858 δέ
2863 4801 3181 4880 ἁμαρτωλῷ
3227 4803 3374 4858 εἶπεν
3426 4803 3456 4856 ὁ
3495 4801 3647 4864 Θεός’
3678 4803 3794 4856 Ἵνα

2139 4894 2193 4952 τί
2222 4895 2285 4950 σὺ
2317 4891 2548 4970 ἐκδιηγῇ
2604 4893 2672 4948 τὰ
2727 4889 3072 4966 δικαιώματά
3131 4911 3236 4966 μου
3267 4891 3357 4946 καὶ
3387 4885 3796 4963 ἀναλαμϐάνεις

1569 5022 1938 5080 XYLANDRI
1977 5026 2062 5080 ET
2101 5023 2319 5080 GOARI
2361 5024 2586 5079 NOTAE.

448 5144 830 5221 (67)_'A\_I0'0't_0t
890 5145 1468 5221 impios,_h;eret_'.icos
1537 5145 1870 5221 significat;
1924 5164 2029 5221 ego

379 5215 789 5290 perspicuitati
811 5215 1031 5274 servire
1052 5217 1445 5287 nolui,etﬁeri
1471 5215 1665 5290 pote'st
1680 5223 1746 5272 ut
1764 5215 2033 5286 ἀνόμοῶ-

381 5289 489 5362 σιοι
517 5289 817 5362 Cedrenus
849 5289 1174 5362 scripserit.
1197 5290 1336 5362 X'vL.
1357 5320 1422 5330 —
1442 5291 1515 5343 At
1537 5289 1638 5360 qui
1670 5290 2026 5362 scripsisset.

383 5360 435 5434 si
463 5360 783 5434 necduma
811 5360 1110 5434 Xylandro
1141 5361 1394 5434 conﬁcta
1448 5377 1558 5434 vox
1595 5367 1723 5434 erat
1746 5360 2032 5434 ‘2“Certius

381 5431 585 5486 dixero
618 5432 741 5486 ﬁeri
775 5429 1038 5502 potuisse
1096 5439 1163 5487 ut
1219 5432 1544 5503 scripserit,
1589 5429 1761 5485 ἄνισοι
1793 5434 1882 5488 vel
1914 5431 2026 5486 ἀνί-

381 5520 511 5568 σιοι,
547 5519 678 5572 qum
707 5519 900 5574 voces,
924 5509 1050 5558 tum
1073 5503 1228 5574 apud
1251 5511 1527 5574 antiquos
1549 5509 1678 5558 tum
1705 5505 1863 5574 apud
1895 5522 2031 5560 neo-

379 5580 539 5628 teros
570 5573 918 5644 Orientales,
949 5573 1332 5644 inaequalitate
1381 5573 1606 5644 dﬂ'ectos
1635 5580 1686 5628 et
1715 5573 1906 5631 ductos
1937 5593 2032 5631 re—

376 5645 509 5712 fert,
543 5649 607 5700 nt
637 5643 922 5700 nimirum
978 5642 1158 5699 iidem
1219 5642 1440 5700 essent
1477 5642 1674 5697 ἀνίσιοι
1702 5647 1805 5716 qui
1839 5653 1896 5701 et
1937 5646 2032 5700 ἀν-

375 5716 584 5789 όμοιοι.
619 5717 797 5771 GOAR.

2213 5149 2328 5220 (68)
2385 5147 2794 5227 ἘπανῄρατοέΑ
2827 5142 3106 5227 ἐπειρηᾶτρ,
3162 5139 3360 5227 εἳλετο.
3417 5137 3796 5227 ξξζπανῃρημές

2137 5215 2248 5286 νος,
2280 5215 2684 5292 προῃρημένος,
2715 5215 2906 5272 θέλων.
2952 5215 3198 5292 Βυῇάιιε.
3259 5216 3531 5292 ᾼεοβιίοε
3558 5215 3677 5270 vita
3705 5217 3797 5269 est

2181 5309 2270 5346 uae
2301 5287 2518 5362 corpus
2539 5287 2779 5346 domare
2800 5289 3089 5362 assuescit
3109 5293 3168 5362 e_t
3187 5287 3532 5362 soli_pi_etati
3564 5301 3790 5342 vacare.

2181 5309 2270 5346 ιιεε
2301 5309 2518 5362 corpus
2539 5309 2779 5346 aomare
2800 5309 3089 5344 ειεδαϐδῡιι
3109 5309 3168 5342 CD
3187 5309 3300 5343 SOI!
3329 5309 3532 5359 ριειξὶιι
3564 5309 3790 5342 vacare.

2139 5309 2204 5418 ἓὶ
2229 5363 2638 5418 exercitationi
2660 5360 2938 5416 monachi
2958 5358 3562 5430 studebant,indeque
3579 5363 3794 5430 ascetaa

2140 5435 2270 5490 dice
2280 5435 2494 5505 bantur
2510 5433 2679 5505 quasi
2697 5431 3432 5505 exercitatoresﬁzeterum
3453 5429 3579 5505 hinc
3592 5429 3797 5505 omnia

2140 5504 2297 5577 apud
2329 5501 2570 5577 Suidafn
2600 5502 2922 5577 aliquando
2954 5501 3132 5577 etiam
3158 5517 3332 5573 quam
3361 5503 3456 5558 hic
3478 5501 3715 5574 plenius
3737 5503 3798 5554 et

2140 5573 2428 5649 integrius
2459 5573 2738 5649 leguntur
2765 5577 2826 5649 in
2857 5573 3156 5649 Ὠρεγένης,
3191 5591 3368 5644 quem
3403 5573 3641 5649 secutus
3661 5587 3796 5649 sum

2142 5645 2474 5774 §uis'locis.
2512 5645 2652 5704 Vide
2711 5647 2893 5702 etiam
2923 5645 3350 5716 'Nicephorum
3400 5663 3450 5715 ν,
3513 5646 3580 5699 32
3615 5650 3674 5698 et
3703 5645 3795 5698 33.

2191 5735 2280 5774 η.

2191 5735 2280 5774 η.
3801 5743 3814 5756 ⁸
