4118 6276
273 320 383 382 489

1512 323 2056 391 HlS'l‘OltIARUM
2102 328 2646 392 COMPENDIUM.

3598 332 3718 397 490

278 456 371 543 τὴν
435 454 728 533 διαθήκην
794 483 906 537 μου
962 459 1048 516 διὰ
1103 459 1374 534 στόματός
1433 481 1569 532 σου;
1630 461 1835 530 Πτύξας
1894 459 1957 514 τὸ

2074 463 2404 533 pontifices,
2436 465 2697 520 surrexit
2722 469 2901 537 atque
2931 466 3043 522 hoc
3075 466 3253 524 modo
3303 468 3529 525 dictum
3576 486 3718 543 pro-

292 542 505 625 βιῦλίον
537 548 769 606 ἐκάθισε
824 550 960 624 μετὰ
1015 549 1298 623 κλαυθμοῦ
1352 549 1442 604 καὶ
1502 546 1771 623 δακρύων,
1824 546 1955 603 πάν-

293 660 402 707 τῳν
433 640 579 712 ὁμοῦ
613 639 1031 716 συγκλαιόντων
1058 638 1225 710 αὐτῷ.
1278 637 1405 696 Εἰσὶ
1446 634 1504 693 δὲ
1554 638 1644 693 καὶ
1694 634 1848 712 ἕτερα
1892 636 1960 691 τὰ

299 731 420 806 περὶ
461 729 630 785 αὐτοῦ
664 730 941 807 λεγόμενά
976 750 1035 785 τε
1083 730 1177 784 καὶ
1226 726 1467 804 ᾀδόμενα
1510 725 1600 783 διὰ
1637 727 1700 783 τὸ
1741 725 1959 796 πλῆθος

307 828 409 890 τῆς
464 821 720 896 γνώσεως
773 818 941 876 αὐτοῦ
997 818 1086 874 καὶ
1176 817 1471 888 συντάξεως
1532 820 1640 872 τῶν
1701 810 1959 891 βιϐλίων·

312 910 430 966 ὅθεν
458 911 547 966 καὶ
596 908 946 970 συντακτιγὸς
1001 907 1299 980 ὠνομάσθη
1360 904 1449 961 διὰ
1503 905 1567 961 τὸ
1618 902 1805 961 πολλὰ
1858 924 1959 959 πει

312 997 599 1069 ποιηκέναι
636 993 849 1074 βιϐλία,
886 998 964 1070 μὴ
998 996 1233 1065 ἀκούων,
1283 996 1359 1057 ὡς
1418 989 1584 1065 ἔοικε,
1636 998 1732 1048 τοῦ
1781 1012 1963 1070 σοφωο

307 1089 480 1144 τίιτου
509 1086 878 1160 Σολομῶντος
935 1084 1213 1163 λὲγοντος,
1272 1084 1384 1155 fit,
1443 1082 1683 1161 φύλασσε
1736 1086 1833 1137 τοῦ
1882 1080 1957 1154 μὴ

311 1182 490 1233 ποιεῖν
523 1171 714 1251 βιϐλία
741 1174 952 1234 πολλὰ.
983 1174 1074 1228 καὶ
1109 1175 1185 1249 μή
1220 1170 1416 1229 σπεῦδε
1445 1171 1534 1227 ἐπὶ
1566 1170 1794 1244 στόματί
1840 1190 1958 1238 σου,

307 1271 405 1325 καὶ
434 1267 628 1345 καρδία
660 1290 755 1324 σου
816 1269 891 1341 μή
951 1268 1243 1342 ταχυνάτω
1294 1268 1393 1320 τοῦ
1444 1263 1734 1338 ἐξενεγκεῖν
1795 1262 1962 1336 λὸγον

308 1360 422 1414 ἀπὸ
452 1359 751 1433 προσώπου
779 1361 878 1413 τοῦ
934 1358 1091 1426 Θεοῦ,
1151 1355 1238 1411 ὃτι
1268 1356 1297 1409 ὁ
1327 1354 1455 1416 Θεὸς
1502 1351 1553 1408 ἐν
1587 1351 1800 1427 ούρανῷ
1846 1348 1958 1405 ἂνω

300 1447 397 1504 καὶ
429 1447 494 1503 σὺ
550 1447 639 1503 ἐπὶ
697 1453 797 1517 τῆς
851 1452 952 1521 γῆς
1009 1446 1180 1501 κάτω.
1243 1443 1341 1499 Διὰ
1393 1446 1555 1498 τοῦτο
1612 1439 1847 1496 ἔστωσαν
1900 1439 1954 1493 οἱ

298 1537 468 1614 λόγοι
499 1558 595 1593 σου
627 1535 834 1613 ὀλίγον
868 1535 971 1591 εἶσὶ
1003 1535 1107 1609 γὰρ
1142 1533 1299 1608 λόγοι
1330 1530 1536 1587 πολλοὶ
1582 1530 1955 1601 πληθύνοντες

300 1613 694 1701 ματαιότητος.
727 1625 830 1682 Καὶ
881 1624 957 1698 μὴ
987 1622 1139 1699 γίνου
1188 1618 1397 1685 δίκαιος
1452 1617 1617 1675 πολύ’
1677 1613 1790 1673 ἔστι
1849 1618 1957 1693 γὰρ

298 1714 515 1777 δίκαιος
550 1711 939 1787 ἀπολλύμενος
994 1711 1045 1767 ἐν
1107 1708 1424 1783 δικαιοσύνῃ
1480 1708 1669 1764 αὐτοῦ.
1723 1706 1821 1762 Καὶ
1876 1707 1953 1779 μὴ

301 1804 534 1883 σοφίζου
561 1801 805 1877 περισσὰ,
860 1802 935 1874 μή
990 1820 1124 1855 ποτε
1178 1793 1475 1873 ἀσεϐήσῃς.
1524 1795 1728 1851 Ταύτας
1778 1795 1955 1850 τοίνυν

303 1891 805 1969 παραγραψάμενος
851 1891 945 1953 τὰς
998 1888 1145 1965 ἱερὰς
1204 1885 1545 1963 παραινέσεις
1601 1885 1691 1941 καὶ
1751 1904 1956 1959 παραγ-

302 1979 705 2055 κωνισάμενος,
737 1976 862 2035 ούδὶ
914 1981 1012 2033 τοῦ
1068 1975 1352 2041 θεσπεσίου
1406 1973 1677 2050 προσέσχε
1732 1970 1953 2027 Παύλου

298 2076 374 2145 τῇ
407 2070 581 2140 ἐννοίᾳ
635 2090 695 2123 τε
750 2068 840 2123 καὶ
901 2067 1110 2122 συνέσει
1162 2064 1215 2120 ἒν
1275 2068 1393 2127 τοῖς
1451 2063 1835 2138 ςυντάγμασιν.
1890 2061 1954 2117 Ὁ

299 2162 410 2236 γὰρ
439 2159 835 2234 τρισμαγάριος
864 2154 1083 2217 Παῦλος
1128 2154 1180 2209 ἐν
1231 2157 1543 2231 παρασκευῇ
1590 2150 1768 2226 λόγων
1819 2170 1952 2205 παν-

296 2247 560 2306 τοδαπῶν
597 2245 946 2325 βραχυτάτας
1001 2242 1295 2307 ἐπιστολὰς
1348 2246 1417 2317 τῇ
1475 2246 1659 2319 γραφῇ
1717 2236 1954 2314 παραδὲ-

297 2338 471 2409 δωκε,
499 2337 678 2393 καίτοι
715 2335 880 2411 μυρία
909 2333 1001 2389 καὶ
1058 2332 1344 2408 ἀπόρῥητα
1389 2331 1569 2408 λέγειν
1628 2326 1796 2406 ἔχων,
1863 2329 1955 2383 ἅτε

298 2430 370 2485 τᾶ
431 2429 637 2502 μέχρις
696 2426 930 2500 ούρανοῦ
980 2422 1167 2498 τρίτου
1248 2422 1581 2496 θεωρήματα
1637 2418 1954 2490 ἐπιωθάσας,

302 2516 390 2573 ἐπ’
420 2517 583 2572 αὐτὸν
614 2512 673 2569 δὶ
726 2513 823 2569 τὸν
883 2517 1159 2588 θεοπρεπῆ
1214 2507 1542 2586 παράδεισον
1599 2507 1957 2583 ἀναρπασθεὶς

298 2607 393 2662 καὶ
474 2609 586 2660 τῶν
667 2601 839 2658 ἔκεῖσε
920 2601 1264 2674 ἀνεκφάστων
1376 2599 1638 2674 ῥημάτων
1731 2597 1955 2652 ἀκοῦσαι

301 2693 580 2767 ἀξιωθείς.
632 2693 734 2750 Καὶ
802 2690 986 2765 μέντοι
1044 2687 1162 2745 οὐδ’
1214 2690 1265 2744 οἱ
1324 2687 1513 2744 λοιποὶ
1565 2690 1663 2743 τοῦ
1716 2688 1956 2762 Χριστοῦ

304 2782 565 2855 φοιτηταὶ
599 2779 812 2837 δώδεκα
843 2780 936 2852 μὲν
982 2777 1311 2849 ἀπόστολοι,
1367 2778 1418 2833 οἱ
1477 2774 1534 2832 δὲ
1585 2775 1823 2849 μαθηταὶ
1867 2775 1954 2829 καὶ

305 2851 474 2930 ἐλλοι
503 2872 644 2946 πρὸς
671 2851 890 2932 τούτοις
924 2867 1132 2945 μυρίοι,
1163 2866 1264 2923 ούκ
1298 2864 1517 2941 ἄπειροι
1571 2865 1756 2941 λόγων
1805 2862 1961 2939 ἐτύγ-

308 2983 500 3040 χανονο
533 2961 628 3017 καὶ
669 2960 822 3033 ὅμως
879 2958 972 3013 οὗν
1032 2956 1083 3028 ἐξ
1143 2958 1394 3012 ἁπάντων
1442 2960 1550 3011 τῶν
1598 2958 1695 3010 τοῦ
1751 2953 1959 3028 Κυρίου

317 3046 602 3122 διατριϐῶν
635 3049 703 3103 τὰ
736 3049 1108 3120 ὑπομνήματα
1139 3048 1409 3107 Ματθαῖος
1458 3048 1595 3117 ἡμῖν
1645 3043 1737 3098 καὶ
1784 3043 1959 3098 Ἰωάν-

326 3160 427 3207 νης
449 3136 923 3207 καταλελοίπασιν,
958 3131 1051 3197 οὕς
1098 3136 1187 3190 καὶ
1248 3134 1541 3208 ἐπάναγκες
1587 3132 1675 3187 ἐπὶ
1712 3131 1775 3186 τὸ
1826 3130 1959 3207 γρά-

2072 552 2383 608 nuntiavit.
2425 555 2727 610 Peccatori
2758 561 2957 612 autem
2992 556 3135 613 dicit
3158 558 3443 614 Dominus
3468 576 3481 615 :
3511 560 3627 615 Cur
3652 564 3716 615 tu

2066 658 2310 698 enarras
2340 659 2473 699 mea
2494 645 2654 716 jura,
2689 651 2747 701 et
2774 662 2975 703 meum
3026 653 3446 709 testamentum
3499 650 3562 705 in
3610 667 3713 707 ore

2066 733 2248 789 habes
2278 732 2326 768 6°
2353 733 2381 788 ‘?
2409 734 2734 806 Statimque
2768 736 2965 792 clauso
2998 737 3147 793 libro
3178 738 3449 795 consedit
3478 739 3711 811 ejulans

2066 828 2242 894 atque
2274 824 2631 896 lacrymans,
2684 826 2960 882 omnibus
3008 829 3106 898 qui
3156 828 3406 885 aderant
3452 830 3713 886 hominis

2066 913 2449 969 miseratione
2480 930 2600 970 una
2629 914 2929 971 ﬂentibus.
2965 916 3112 971 Sunt
3137 922 3196 972 et
3224 917 3411 973 multa
3442 919 3560 975 alia
3579 936 3711 992 quae

2066 1002 2137 1057 de
2169 1018 2237 1057 eo
2260 1002 2540 1058 dicuntur
2568 1008 2744 1074 atque
2772 1010 3108 1070 cantantur,
3136 1006 3210 1061 da
3232 1006 3566 1063 eruditione
3584 1009 3713 1081 ejus

2067 1096 2125 1147 et
2154 1092 2444 1148 librorum
2475 1096 2944 1166 compositione;
2979 1113 3013 1151 a
3044 1112 3297 1167 quorum
3327 1096 3714 1154 multitudine

2066 1184 2448 1254 syntacticus,
2479 1185 2646 1254 quasi
2680 1185 3060 1257 compositor,
3086 1187 3278 1241 dictus
3299 1187 3429 1243 fuit.
3454 1190 3717 1259 Apparet

2067 1286 2202 1326 eum
2235 1288 2355 1327 non
2382 1272 2652 1343 paruisse
2686 1274 3018 1331 Solomonis
3049 1275 3224 1345 dicto,
3262 1275 3343 1331 ita
3364 1277 3718 1349 praecipien-

2066 1360 2163 1430 tis,
2197 1360 2322 1416 Fili.
2357 1377 2494 1418 cave
2525 1379 2599 1418 ne
2630 1364 2850 1420 multos
2899 1364 3080 1421 libros
3129 1364 3333 1421 facias.
3381 1367 3582 1437 Neque
3627 1366 3717 1422 fe-

2064 1450 2220 1505 stina
2249 1449 2431 1521 loqui,
2466 1467 2658 1523 neque
2700 1459 2979 1525 properet
3028 1454 3264 1510 animus
3318 1459 3453 1511 tuus
3510 1472 3711 1512 coram

2062 1539 2179 1593 Deo
2210 1539 2387 1595 verba
2417 1540 2626 1596 facere.
2674 1544 2818 1598 Nam
2868 1543 3022 1599 Deus
3068 1543 3127 1598 in
3176 1543 3321 1599 coelo
3369 1561 3548 1617 supra
3596 1550 3709 1615 est,

2062 1632 2242 1700 tuque
2269 1630 2423 1685 infra
2443 1631 2504 1686 in
2523 1636 2698 1689 terra.
2718 1633 2924 1703 Itaque
2947 1648 3254 1689 sermones
3277 1634 3360 1689 tui
3384 1634 3709 1706 sintpauc‘i:

2059 1734 2266 1775 eorum
2311 1721 2469 1776 enim
2530 1721 2912 1778 multitudine
2962 1729 3212 1793 angetur
3256 1725 3502 1783 vanitas.
3550 1724 3706 1782 448

1984 1835 2029 1898 Β
2059 1809 2259 1879 Neque
2290 1809 2370 1864 sis
2399 1811 2655 1867 nimium
2675 1812 2877 1883 justus
2902 1830 2916 1867 :
2948 1814 3269 1885 aliquando
3294 1814 3453 1870 enim
3479 1813 3707 1887 justum

2061 1913 2169 1953 sua
2188 1897 2651 1970 perditjustitia.
2678 1899 2880 1971 Neque
2906 1902 3157 1957 nimium
3182 1918 3345 1974 sape,
3369 1918 3445 1958 ne
3469 1902 3707 1974 quando

2059 1985 2132 2040 ad
2163 1986 2529 2057 impietatem
2560 1986 2890 2058 prolabaris
2916 1992 2983 2045 N.
3019 1990 3329 2046 Enimvero
3359 1991 3467 2047 has
3492 1990 3590 2046 ille
3611 2006 3705 2047 sa-

2058 2092 2188 2131 cras
2202 2076 2640 2133 admonitiones
2656 2084 3227 2151 aspernatus,neque
3243 2081 3425 2137 divini
3439 2081 3605 2137 Pauli
3619 2096 3708 2137 sa-

2058 2165 2341 2237 pientiam
2374 2166 2434 2221 in
2468 2167 2779 2223 scribendo
2805 2175 3041 2225 secutus
3073 2175 3180 2225 est.
3216 2169 3436 2227 Paulus
3454 2171 3615 2226 enim
3640 2170 3703 2226 in

2054 2258 2224 2309 tanto
2255 2254 2450 2309 omnis
2478 2255 2714 2325 generis
2744 2272 3085 2312 sermonum
3116 2264 3401 2329 apparatu
3420 2256 3696 2313 brevissi-

2060 2360 2188 2399 mas
2204 2344 2480 2415 epistolas
2502 2346 2751 2417 scriptas
2773 2347 3032 2419 reliquit,
3060 2364 3193 2403 cum
3210 2348 3701 2419 quideminflnita

2061 2440 2120 2489 et
2148 2450 2367 2489 arcana
2398 2439 2597 2506 posset
2625 2435 2840 2491 litteris
2872 2437 3125 2506 tradere,
3157 2443 3224 2494 ut
3273 2438 3375 2510 qui
3404 2453 3594 2509 usque
3625 2436 3700 2494 ad

2062 2524 2221 2578 tertii
2253 2523 2385 2579 coeli
2412 2525 2751 2595 spectacula
2781 2524 2971 2581 elatus
3003 2526 3182 2599 inque
3208 2527 3404 2599 ipsum
3436 2527 3705 2583 divinum

2061 2613 2399 2685 paradisum
2420 2612 2721 2686 abreptus,
2740 2614 2938 2686 ibique
2957 2614 3285 2672 ineffabilia
3304 2615 3485 2672 verba
3504 2615 3710 2672 audire

2065 2702 2545 2775 dignatus'esset.
2578 2703 2730 2769 Quin
2763 2708 2821 2759 et
2848 2704 3065 2776 reliqui
3124 2704 3339 2760 Christi
3388 2705 3711 2773 auditores,

2067 2792 2377 2847 duodecim
2404 2809 2654 2849 numero
2672 2793 2921 2864 apostoli
2946 2799 3004 2849 et
3020 2795 3394 2867 septuaginta
3414 2794 3717 2866 discipuli,

2065 2897 2133 2936 ac
2168 2887 2384 2952 praeter
2410 2882 2519 2936 hos
2552 2882 2848 2938 innumeri
2881 2882 3004 2953 alii,
3033 2899 3374 2954 quanquam
3407 2898 3529 2938 non
3555 2882 3716 2937 indi-

2066 2971 2208 3025 serti
2241 2977 2462 3039 essent,
2495 2977 2694 3028 tamen
2725 2988 2792 3028 ex
2823 2977 2988 3028 tanta
3016 2973 3190 3029 turba
3219 2974 3525 3029 Matthzeus
3580 2978 3713 3030 tan-

2069 3065 2193 3114 tum
2222 3065 2276 3114 et
2314 3062 2570 3117 Joannes
2601 3063 3061 3118 commentarios
3093 3062 3164 3118 de
3194 3063 3312 3118 vita
3332 3068 3389 3118 et
3419 3062 3591 3119 dictis
3622 3067 3711 3118 at.

2073 3164 2187 3219 que
2244 3148 2414 3205 factis
2471 3151 2685 3206 Christi
2751 3151 3134 3223 scripserunt,
3219 3151 3593 3221 necessitate,
3647 3156 3717 3207 ut

330 3248 452 3307 φειν
489 3225 649 3281 ἰλθεῖν
678 3224 900 3301 κατέχει
959 3222 1149 3300 λόγος,
1210 3223 1389 3298 ὥσπερ
1436 3223 1526 3277 καὶ
1586 3222 1810 3297 Μάρκον
1867 3222 1958 3276 καὶ

2480 3202 2685 3206 ν-ν---η
2752 3202 3134 3223 --νς--ηηη
3219 3202 3593 3221 mnu—mu.
3656 3202 3715 3207 —-

2074 3238 2278 3304 fertur,
2312 3239 2386 3294 ad
2416 3239 2797 3295 scribendum
2829 3240 3138 3313 compulsi,
3174 3241 3349 3296 sicuti
3405 3247 3464 3297 et
3510 3246 3717 3313 postea

320 3320 544 3372 Λουκᾶν
574 3314 805 3388 ὕστερον·
837 3314 930 3369 Διὸ
975 3310 1042 3384 δή
1098 3334 1263 3391 φησιν
1294 3314 1323 3367 ὁ
1359 3311 1526 3389 μίγας
1584 3311 1853 3384 Μάξιμος⁸
1899 3311 1961 3367 Ὁ

319 3404 501 3482 λόγος
534 3402 981 3480 συγγραφόμενος
1011 3402 1045 3473 ἢ
1078 3403 1215 3478 πρὸς
1262 3403 1362 3471 τήν
1413 3402 1606 3456 ἑαυτοῦ
1653 3401 1960 3474 ύπόμνησιν

310 3495 709 3572 συγγράφεται,
739 3495 775 3564 ἢ
809 3494 946 3569 πρὸς
1000 3491 1268 3571 ὠφέλειαν
1308 3490 1523 3566 ἐτέρων,
1565 3489 1600 3560 ἢ
1631 3489 1721 3545 καὶ
1774 3486 1962 3565 ἄμφω,

307 3581 345 3650 ἢ
404 3582 546 3657 πρὸς
618 3576 837 3656 βλάϐην
906 3584 1097 3652 τινῶν,
1144 3580 1178 3649 ἢ
1237 3578 1375 3650 πρὸς
1461 3575 1754 3647 ἀπόδειξιν,
1808 3577 1843 3645 ἢ
1913 3575 1964 3649 ἑξ

311 3670 582 3745 ἀνάγκης.

388 3776 544 3835 Μετᾶ
605 3772 664 3832 δὶ
723 3770 966 3851 Σεόἧρον
1049 3769 1392 3831 ἐϐασίλευσεν
1471 3774 1799 3834 Ἀντωνῖκος
1851 3771 1967 3833 υἱὸς

315 3863 575 3942 Σεὸήρου
607 3865 699 3920 καὶ
731 3863 891 3926 Γέτας
924 3865 952 3919 ὁ
984 3861 1220 3943 ἀδελφός
1250 3862 1415 3918 αὐτοῦ
1474 3868 1648 3935 μῆνας
1698 3858 1814 3917 δύο.
1864 3861 1966 3917 Καὶ

316 3955 524 4030 σφάξας
553 3954 647 4009 τὸν
692 3951 829 4009 ἴδιον
853 3950 1087 4029 ἀδελφὸν
1139 3951 1192 4007 ἐν
1220 3954 1325 4026 [τῷ
1371 3949 1566 4023 κόλπῳ
1612 3953 1712 4020 τῆς
1760 3949 1969 4027 μητρὸς

314 4041 703 4118 ἐμονάρχησεν
735 4040 827 4114 ἔτη
879 4043 944 4106 ς’.
1000 4040 1282 4117 Σεραπίων
1351 4037 1409 4095 δέ
1460 4059 1543 4101 τις
1599 4035 1972 4112 μαθηματικὰ

309 4130 504 4210 ἔλεγεν
539 4133 616 4196 ὦς
645 4133 950 4204 τεθνήξεται
984 4133 1086 4187 οὐκ
1124 4131 1200 4194 εἰς
1260 4130 1468 4205 μακρὰν
1518 4131 1839 4191 Ἀντωνῖνος
1881 4126 1973 4183 καὶ

313 4228 601 4297 Μακρῖνος
656 4221 818 4277 αὐτὸν
893 4217 1214 4291 διαδέξεται,
1291 4219 1384 4275 καὶ
1438 4215 1634 4290 ῖδειξεν
1690 4215 1849 4273 αὐτὸν
1897 4220 1977 4289 τῷ

316 4309 583 4385 δακτύλῳ
610 4315 932 4386 παρεστῶτα
981 4315 1063 4382 [Ρ.
1124 4311 1252 4383 256]
1315 4309 1451 4382 μετᾶ
1491 4314 1592 4378 τῆς
1645 4305 1975 4383 συγκλήτου.

312 4403 386 4459 Ὀ
418 4399 477 4456 δὲ
508 4399 612 4455 ύπὸ
650 4402 824 4473 θυμοῦ
860 4397 1073 4474 μᾶλλον
1107 4396 1166 4455 δὶ
1207 4398 1311 4453 ὑπὸ
1365 4400 1464 4467 τῆς
1511 4397 1713 4472 τύχης,
1760 4395 1823 4450 οὐ
1854 4416 1977 4449 συν-

315 4497 425 4561 ῆκε
454 4492 519 4546 τὸ
549 4490 843 4564 πρόσωπον
874 4487 1173 4563 Μακρίνου,
1209 4484 1336 4542 ἀλλ’
1366 4485 1550 4562 ἓτερον
1598 4485 1689 4540 τὸν
1737 4483 1980 4555 πλησίον

2070 3327 2353 3399 temporis
2386 3330 2614 3384 Marcus
2644 3332 2821 3400 atque
2876 3329 3076 3385 Lucas.
3130 3328 3265 3385 ldeo
3314 3345 3562 3403 magnus
3611 3329 3715 3387 ille

2072 3415 2358 3470 Maximus
2389 3415 2473 3470 sic
2504 3416 2587 3471 ait
2615 3432 2628 3470 :
2661 3416 2771 3480 Qui
2803 3416 2993 3472 libros
3024 3418 3251 3487 scribit,
3283 3418 3426 3474 facit
3452 3419 3566 3474 hoc
3618 3423 3722 3475 aut

2074 3504 2184 3559 sibi
2216 3505 2710 3560 commentarium
2742 3506 2988 3577 parandi
3047 3524 3245 3573 causa,
3313 3512 3416 3563 aut
3441 3506 3721 3564 utilitatis

2075 3594 2330 3650 aliorum
2359 3596 2566 3667 gratia,
2607 3602 2709 3651 aut
2731 3598 3041 3668 utriusque
3075 3613 3233 3671 ergo,
3268 3603 3370 3654 aut
3398 3598 3471 3654 ad
3498 3615 3722 3655 nocen-

2076 3684 2219 3739 dum
2249 3684 2402 3751 aliis,
2436 3691 2537 3740 aut
2568 3686 2905 3741 ostentandi
2937 3686 3153 3756 studio,
3187 3692 3289 3742 aut
3318 3693 3577 3743 coactus.

2148 3775 2289 3829 Post
2318 3774 2593 3830 Severum
2626 3774 2733 3829 filii
2764 3775 2894 3847 ejus
2922 3775 3260 3831 Antoninus
3287 3781 3346 3831 et
3371 3777 3515 3833 Geta
3531 3776 3724 3848 impe-

2077 3868 2357 3917 raverunt
2392 3879 2630 3918 menses
2656 3866 2708 3919 2.
2742 3863 2987 3920 Severus
3018 3863 3255 3935 deinde,
3290 3882 3424 3922 cum
3476 3866 3723 3922 fratrem

2078 3952 2141 4007 in
2172 3951 2307 4006 sinu
2336 3952 2542 4007 matris
2564 3956 2853 4021 necasset,
2887 3951 3046 4008 solus
3071 3953 3388 4026 imperium
3406 3955 3589 4028 gessit
3617 3970 3723 4009 an-

2082 4057 2193 4095 nos
2222 4043 2276 4096 6.
2307 4040 2557 4106 Quidam
2590 4056 2725 4096 vero
2757 4041 3232 4110 mathematicus,
3279 4043 3563 4116 Serapion
3611 4060 3725 4099 no-

2082 4130 2266 4197 mine,
2293 4129 2566 4201 praadixit
2594 4130 2964 4186 Antoninum
2996 4147 3115 4185 non
3146 4131 3334 4187 multo
3354 4136 3487 4204 post
3505 4131 3729 4204 peritu-

2081 4236 2239 4289 rum,
2285 4218 2455 4290 eique
2504 4220 2825 4275 Macrinum
2876 4236 3290 4276 successurum
3343 4221 3494 4277 449
3545 4236 3725 4293 quem

2085 4309 2261 4363 etiam
2285 4324 2419 4364 cum
2446 4307 2819 4364 senatoribus
2841 4314 3132 4365 astantem
3157 4309 3338 4383 digito
3362 4309 3734 4366 demonstra-

2085 4399 2185 4453 vit.
2221 4397 2331 4453 Sed
2370 4398 2708 4454 Antoninus
2764 4415 2886 4470 praa
2933 4398 3040 4468 ira,
3087 4404 3189 4454 aut
3235 4399 3431 4471 potius
3477 4399 3731 4455 fortunae

2087 4492 2257 4555 nutu,
2281 4487 2603 4542 Macrinum
2626 4503 2746 4543 non
2772 4487 3373 4561 cognovit,aliumque
3403 4488 3514 4561 ipsi
3536 4493 3732 4545 astan-

317 4577 606 4633 ἐκέλευσεν
662 4577 1090 4647 ἀποκτανθῆναι.
1122 4577 1182 4633 Ὁ
1232 4573 1291 4630 δὶ
1348 4576 1626 4648 Μακρῖνος
1678 4570 1962 4628 ἐσπούδασε

2085 4582 2205 4632 tem
2236 4593 2343 4648 pro
2371 4592 2440 4631 eo
2465 4576 2648 4648 jussit
2678 4577 2900 4633 necari.
2961 4578 3256 4633 Macrinus
3305 4595 3440 4634 vero
3492 4593 3737 4651 operam

318 4667 419 4723 τὸν
482 4669 807 4722 Ἀντωνῖνον
859 4658 1315 4741 προκαταλαϐεῖν·
1377 4662 1434 4718 ὅν
1492 4662 1598 4718 ἀπὸ
1654 4666 1751 4718 τοῦ
1805 4661 1978 4716 ’ἰππου

314 4754 658 4811 κατελθόντα
686 4755 738 4810 ἐν
782 4754 1030 4831 κυνηγίῳ
1088 4753 1163 4816 εἰς
1220 4751 1521 4819 ἀπόπατον,
1578 4750 1973 4824 ἑκατόνταρχον

314 4842 653 4907 ἂποστείλας
709 4848 907 4899 τοῦτον
957 4847 1039 4916 τῷ
1095 4841 1233 4921 ξίφει
1317 4840 1552 4909 ἀνεῖλεν,
1604 4838 1773 4895 εἲπὼν
1838 4840 1976 4917 πρὸς

314 4933 513 4987 αὐτόν’
543 4933 722 4995 Ὧςσὺ
777 4932 869 4987 τὸν
928 4929 1165 5010 ἀδελφὸν
1220 4928 1545 5007 ἀπέσφαξας,
1595 4929 1767 4991 οὕτως
1820 4927 1975 5003 κάγὼ

317 5022 404 5078 σέ.
442 5023 565 5080 Ἐπὶ
635 5021 831 5077 τούτου
894 5026 1111 5097 πρῶτος
1166 5019 1459 5083 ἐπίσκοπος
1503 5018 1730 5090 κατέστη
1782 5025 1978 5088 Βυζαν-

315 5115 450 5169 τίου
484 5111 863 5190 Φιλάδελφος,
915 5109 1008 5185 ἔτη
1067 5110 1209 5187 τρία·
1270 5111 1461 5187 πρώην
1520 5110 1624 5189 γὰρ
1680 5108 1976 5185 προΐστατο

315 5210 430 5272 τῆς
464 5202 801 5272 Ἐκκλησίας
833 5196 927 5273 ἔτη
958 5207 1008 5271 η’
1036 5196 1399 5275 πρεσϐύτερός
1427 5220 1532 5261 τις.

397 5294 551 5349 Μετὰ
592 5293 912 5350 Ἀντωνῖνον
970 5286 1286 5347 ἐϐασίλευσε
1342 5291 1638 5365 Μακρῖνος,
1688 5290 1747 5352 ὅς
1804 5290 1870 5359 ἦν
1917 5291 1980 5343 τὸ

388 5637 439 5676 ⁸ο
467 5635 631 5695 Psal-
662 5649 813 5705 nix,
847 5635 936 5691 16.
1009 5635 1055 5672 ⁸¹
1084 5633 1275 5691 Eccle.
1305 5649 1340 5690 v
1368 5636 1429 5688 et
1463 5648 1514 5688 γι
1537 5633 1763 5704 passim.

613 5751 877 5820 PATIOL.
926 5750 1046 5819 Gn.
1091 5750 1299 5817 CXXI.

2091 4665 2254 4720 dedit
2283 4670 2347 4720 ut
2375 4665 2661 4721 Antonini
2695 4670 2975 4722 conatum
3007 4672 3402 4724 anteverteret
3427 4683 3442 4737 ;
3486 4673 3543 4723 et
3573 4684 3735 4737 eum,

2095 4771 2230 4811 cum
2260 4755 2322 4810 in
2343 4755 2653 4810 venatione
2673 4756 2894 4812 ventris
2915 4756 3277 4812 exonerandi
3304 4757 3561 4814 causade
3584 4773 3736 4828 equo

2085 4844 2495 4910 descenderet,
2529 4844 2795 4899 immisso
2828 4845 3178 4901 centurione
3202 4846 3443 4901 occidit.
3471 4845 3733 4901 dicente:

2087 4933 2267 4989 Sicuti
2300 4938 2363 4988 tu
2390 4932 2654 4999 fratrem,
2690 4933 2772 4988 ita
2802 4950 2905 5006 ego
2939 4937 2995 4987 te
3026 4949 3194 4989 neco.
3228 4935 3307 4988 Eo
3334 4940 3595 5005 tempore
3621 4933 3738 5004 pri-

2085 5039 2219 5078 mus
2250 5021 2510 5093 Byzantii
2558 5022 2874 5093 episcopus
2924 5022 3278 5078 constitutus
3320 5027 3408 5078 est
3442 5020 3738 5077 Philadel-

2085 5112 2262 5182 phus,
2296 5116 2354 5165 et
2382 5127 2573 5166 annos
2602 5112 2632 5165 3
2665 5110 2937 5181 praefuit:
2979 5116 3117 5165 ante
3176 5111 3335 5167 enim
3382 5127 3489 5183 per
3531 5115 3736 5167 octen-

2087 5200 2256 5254 nium
2288 5199 2560 5254 Ecclesia;
2594 5199 2827 5269 praefuit
2850 5198 3092 5269 quidam
3127 5198 3458 5271 presbyter.

2162 5288 2461 5344 Antonino
2519 5287 2805 5343 successit
2856 5287 3171 5357 Macrinus,
3239 5288 3434 5361 patria
3506 5292 3743 5349 Maurus

3418 5753 3502 5816 16
