4118 6288
463 375 578 440 491

1820 363 2143 427 GEORGII
2185 364 2533 431 GEDBENI

3749 370 3867 431 492

455 511 792 586 Cappadox,
825 511 883 566 et
938 503 1251 580 imperavit
1305 518 1492 560 annos
1550 502 1603 557 8.‘
1661 500 1914 568 Quidam
1968 516 2096 556 vero

2217 500 2373 575 γόνος
2403 501 2626 586 Μαῦρος
2657 500 3024 574 Καππαδόκης
3055 504 3192 578 (69),
3226 500 3321 573 ἔτη
3349 500 3418 573 η’.
3443 501 3784 576 Εὗτυχιανὸς
3810 497 3871 558 δι

456 602 859 676 Eutychianus
915 597 1151 655 Avitum
1208 599 1492 665 tanquam
1567 591 1853 649 Antonini
1915 591 2104 647 ﬁlium

458 690 858 749 adulterinum
888 685 1159 760 arripuit,
1194 699 1452 755 eumque
1474 680 1809 738 diademate
1833 686 2107 736 ornatum

453 783 880 854 imperatorem
907 775 1253 850 appellavit;
1279 790 1369 840 ac,
1391 771 1685 829 militibus
1698 771 1954 843 pecunia
1971 787 2108 827 con-

454 871 701 940 ciliatis,
721 882 980 942 pugnam
1010 882 1145 922 cum
1174 864 1433 920 Macrino
1463 861 1783 918 conseruit.
1813 860 2106 916 Macrinus

457 960 646 1019 victus
675 959 738 1014 in
771 957 908 1030 fuga
934 971 1056 1012 una
1085 970 1221 1011 cum
1250 952 1373 1008 ﬁlio
1404 951 1634 1010 occisus
1664 955 1773 1008 est.

535 1138 744 1194 Avitus
775 1136 894 1192 sive
916 1131 1437 1191 Pseudantoninus
1473 1129 1681 1203 (falsus
1726 1128 2103 1202 Antoninus),

463 1244 643 1301 quem
673 1225 773 1282 alii
804 1224 1109 1281 Aurelium
1137 1221 1505 1278 Antoninum
1524 1218 1970 1291 Heliogabalum
1999 1236 2104 1275 no-

449 1317 713 1383 minant,
746 1313 1011 1387 regnavit
1036 1328 1226 1370 annos
1254 1313 1307 1379 3,
1340 1326 1578 1366 menses
1607 1313 1662 1375 9,
1694 1307 1823 1363 dies
1881 1310 1932 1365 4.
1975 1307 2107 1364 Fuit

451 1405 509 1462 is
540 1404 947 1471 circumcisus,
981 1406 1039 1457 et
1066 1400 1310 1473 porcina
1341 1415 1519 1455 carne
1564 1415 1687 1454 non
1716 1396 2102 1465 vescebatur;

459 1493 848 1553 simulacrum
871 1491 1100 1548 colebat
1112 1489 1271 1562 quod
1283 1487 1622 1561 appellabat
1634 1485 2100 1560 Heliogabalum.

455 1583 619 1639 Adeo
648 1583 764 1641 fuit
793 1581 1171 1643 effeminatus
1201 1585 1260 1635 et
1279 1577 1626 1635 libidinibus
1646 1576 1922 1635 obscenis
1942 1574 2106 1630 dedi-

456 1679 572 1741 tus,
596 1677 663 1733 ut
682 1671 938 1729 Hierocli
961 1686 1199 1742 quoque
1228 1668 1442 1725 liberto
1474 1667 1762 1739 nupserit.
1797 1667 1867 1720 Et
1891 1664 1976 1721 ait
2003 1663 2104 1719 Ι)ἱο

454 1761 788 1834 postulasse
819 1760 1053 1818 Avitum
1084 1776 1119 1815 a
1150 1756 1378 1814 medico
1406 1761 1473 1814 ut
1503 1773 1567 1813 se
1590 1761 1761 1813 utero
1784 1759 1944 1810 secto
1966 1751 2108 1809 utri-

458 1867 573 1924 que
605 1850 772 1908 sexui
799 1854 1004 1923 aptum
1034 1852 1162 1906 arte
1190 1848 1346 1906 450
1377 1846 1658 1903 efﬁceret.
1711 1845 1816 1901 Hic
1862 1847 2106 1917 propter

458 1940 866 2012 impuritatem
894 1955 963 1996 ac
992 1936 1347 2011 flagitiosam
1376 1935 1555 1991 vitam
1594 1933 1903 2008 jugulatus
1947 1931 2105 1989 male

460 2029 654 2087 malus
683 2029 877 2102 periit.

530 2206 864 2267 Alexander
911 2207 1168 2262 Mamaea:
1210 2204 1371 2261 ﬁlius
1420 2203 1600 2260 fratre
1648 2202 1799 2258 Aviti
1846 2200 2101 2274 genitus,

461 2296 774 2368 imperavit
802 2311 992 2352 annos
1020 2295 1107 2361 13,
1138 2309 1379 2350 menses
1407 2294 1456 2346 8.
1484 2293 1670 2351 Tanta
1686 2291 1795 2347 sub
1816 2307 1886 2346 eo
1903 2292 2104 2347 Romae

453 2383 569 2445 fuit
591 2384 778 2441 fames
797 2388 866 2441 ut
880 2383 1061 2441 etiam
1091 2381 1370 2438 humanis
1399 2385 1773 2437 vescerentur
1801 2379 2101 2437 carnibus.

453 2472 510 2530 Is
538 2488 674 2533 cum
708 2474 772 2531 in
802 2473 1015 2527 Persas
1048 2469 1423 2543 expeditione
1454 2469 1609 2527 facta
1636 2485 1850 2543 magno
1901 2467 2102 2541 praelia

453 2560 645 2622 victus
674 2565 852 2630 esset,
884 2563 1260 2632 contemptus
1291 2575 1327 2616 a
1356 2559 1478 2615 suis
1519 2563 1579 2614 et
1607 2574 1743 2615 cum
1782 2563 1970 2615 matre
2003 2575 2102 2614 oc-

455 2650 618 2707 cisus
647 2654 755 2707 est.
790 2649 923 2706 Fuit
952 2666 1023 2706 ea
1051 2648 1398 2705 Christiana
1427 2648 1750 2722 religionis,
1787 2652 1847 2704 et
1891 2648 2100 2721 Orige—

453 2756 596 2798 nem
625 2739 969 2799 Antiochea
999 2738 1312 2813 degentem
1342 2737 1416 2795 ad
1447 2755 1510 2797 se
1542 2739 1787 2809 vocavit,
1836 2742 1904 2794 ut
1932 2754 2000 2793 ex
2032 2753 2100 2793 eo

453 2828 801 2887 Christiana)
863 2828 1002 2885 ﬁdei
1058 2827 1342 2901 mysteria
1398 2826 1689 2884 disceret.‘
1722 2829 1804 2883 Eo
1837 2831 2103 2900 tempore

451 2919 758 2979 Narcissus
788 2917 1332 2990 Hierosolymorum
1364 2917 1706 2990 episcopus,
1759 2933 1896 2972 cum
1947 2915 2104 2973 inter

453 3008 872 3083 baptizandum
928 3009 1128 3069 oleum
1171 3008 1471 3066 unctionis
1520 3023 1702 3064 sacrm
1764 3006 2098 3078 defecisset,

454 3115 672 3173 aquam
703 3099 916 3155 crateri
949 3097 1177 3171 imponi
1208 3097 1409 3170 jussit,
1445 3112 1694 3169 eamque
1724 3097 1911 3153 Deum
1961 3113 2100 3169 pre-

454 3189 642 3246 cando
664 3187 727 3243 in
757 3187 955 3245 oleum
984 3186 1420 3245 transmutavit.

520 3364 839 3437 Imperavit
894 3362 1110 3422 deinde
1162 3363 1515 3418 Maximinus
1562 3379 1751 3420 annos
1780 3364 1833 3419 6.
1883 3365 2097 3420 Fuerat

455 3453 626 3509 initio
656 3458 879 3525 pastor,
910 3452 1051 3508 inde
1080 3451 1272 3514 miles.
1314 3457 1373 3507 et
1421 3458 1554 3523 post
1601 3452 1711 3508 sub
1758 3452 2096 3509 Alexandro

454 3542 729 3601 tribunus
756 3542 1038 3610 militum,
1067 3540 1141 3596 ob
1170 3540 1582 3597 fortitudinem
1622 3557 1691 3598 ac
1719 3541 2095 3613 prudentiam

457 3632 708 3705 imperio
731 3636 820 3688 est
842 3646 877 3687 a
892 3634 1097 3686 senatu
1116 3628 1454 3702 populoque
1470 3630 1736 3687 Romano
1758 3630 2091 3704 praefectus.

456 3721 601 3778 Odio
632 3726 831 3778 autem
860 3718 1200 3786 Alexandri,
1232 3719 1333 3791 qui
1365 3717 1587 3774 multos
1615 3719 1980 3777 Christianos
2002 3736 2097 3775 se-

457 3828 592 3868 cum
622 3810 949 3869 honoritice
979 3809 1290 3874 habuerat,
1339 3824 1574 3882 gravem
1623 3809 2095 3865 Christianorum

459 3900 826 3959 vexationem
857 3898 1134 3955 instituit.
1182 3896 1471 3969 Deditque
1520 3896 1728 3970 dignas
1775 3896 2096 3969 impietatis

456 4005 684 4063 pmnas,
711 4005 747 4047 a
774 3988 1024 4044 Maximo
1055 3990 1116 4043 et
1141 3985 1388 4043 Baldino
1419 4002 1526 4059 per
1550 3985 1821 4044 fraudem
1850 3987 2094 4043 interfe-

444 4084 607 4137 .ctus.

517 4257 803 4317 Maximus
822 4255 1110 4314 Balbinus
1133 4259 1193 4311 ot
1215 4252 1803 4328 Gordianuszmenses
1818 4258 1883 4324 2;
1916 4259 1976 4311 et
2002 4255 2086 4311 in-

2210 607 2294 650 τις
2324 585 2660 666 παραλαϐών
2688 592 2781 648 τὸν
2814 588 3036 652 ’Δϐἶτον
3068 592 3145 656 ὠς
3197 591 3525 651 Ἀντωνίνου
3573 591 3688 647 υἱὸν
3743 588 3870 647 ὄντα

2214 676 2466 756 μοίχειον
2524 678 2813 757 περιέθηκε
2869 679 3114 756 διάδημα
3195 683 3286 738 καὶ
3344 679 3719 756 αὐτοκράτορα
3774 680 3866 737 ἀν-

2212 766 2501 842 ηγόρευσε,
2530 772 2619 825 καὶ
2650 768 2778 837 δοὺς
2807 771 3034 848 χρυσίον
3066 778 3185 837 τοῖς
3239 772 3598 848 στρατιώταις
3645 773 3861 846 ἂντῆρε,

2210 856 2302 911 καὶ
2360 853 2621 916 συνέϐαλε
2669 861 2919 936 πόλεμον
2977 861 3111 936 μετὰ
3167 860 3474 936 Μακρίνου.
3536 860 3634 918 Καὶ
3690 862 3864 932 ἡττη-

2213 945 2323 1008 θεὶς
2363 952 2640 1025 Μακρῖνος
2679 944 2840 1031 ἔφυγε
2894 951 2988 1007 καὶ
3044 951 3332 1031 ἀπεσφάγη
3396 950 3532 1024 μετᾶ
3581 953 3677 1004 τοῦ
3736 950 3863 1004 υἱοῦ

2213 1035 2404 1095 αὐτοῦ.

2285 1123 2502 1193 Ἀϐῖτος
2535 1128 2661 1200 ἤτοι
2691 1129 3136 1193 Ψευδαντωνῖνος
3168 1131 3242 1203 (οἱ
3290 1126 3348 1183 δὲ
3404 1126 3683 1203 Δύρήλιον
3730 1130 3856 1185 Ἀν-

2208 1223 2433 1273 τωνῒνον
2482 1215 2883 1297 Ἠλιογάϐαλον
2934 1225 3127 1276 τοῦτον
3187 1218 3464 1296 λέγουσιν)
3519 1212 3857 1272 ἐϐασίλευσεν

2206 1307 2303 1376 ἓτη
2338 1315 2386 1384 γ’
2444 1316 2622 1383 μῆνας
2677 1311 2719 1365 θ’
2773 1309 2982 1386 ἡμέρας
3044 1307 3107 1367 δ’.
3159 1310 3329 1369 Οὗτος
3388 1305 3861 1381 περιτετμημένος

2207 1395 2276 1466 ἦν
2306 1397 2401 1452 καὶ
2442 1397 2692 1473 χοιρείου
2752 1398 2814 1453 οὐ
2868 1392 3297 1472 μςτελάμϐανεν,
3349 1397 3473 1471 εἶχε
3521 1393 3577 1451 δὲ
3629 1394 3721 1451 καὶ
3780 1392 3862 1450 εἷ’-

2212 1483 2415 1559 δωλον,
2477 1491 2610 1565 ὅπερ
2664 1490 2943 1564 ὠνόμασεν
2997 1483 3433 1564 Ἥλιογάϐαλον.
3512 1483 3861 1556 Γυναικώδης

2210 1571 2267 1631 δὶ
2317 1573 2392 1633 ὥν
2450 1582 2712 1642 τοσοῦτος
2766 1581 2832 1649 ἦν
2887 1580 3023 1654 πρὸς
3081 1580 3144 1634 τὸ
3197 1584 3298 1647 τῆς
3353 1574 3633 1651 ἀσελγείας
3691 1576 3865 1638 πάθος

2212 1660 2579 1740 διακείμενος,
2611 1665 2749 1722 ὣστε
2778 1667 2868 1722 καὶ
2925 1668 3017 1723 τὸν
3070 1665 3346 1743 Ἱεροκλέα
3400 1661 3627 1738 ἔννομον
3695 1662 3861 1719 αὐτοῦ

2209 1750 2378 1831 ἃνδρα
2405 1762 2655 1826 ποιῆσαι.
2707 1757 2796 1818 Ὦς
2844 1754 2902 1812 δέ
2957 1778 3088 1836 φησι
3143 1755 3300 1829 Δίων,
3354 1756 3438 1811 δτι
3493 1749 3715 1817 Ἃϐῖτος
3771 1753 3864 1808 τὸν

2215 1842 2399 1920 ἰατρὸν
2458 1840 2742 1915 ἠντιϐόλει
2789 1843 2956 1924 διφυῆ
3010 1844 3172 1901 αὐτὸν
3225 1841 3298 1899 δι’
3363 1844 3598 1918 ἐντομῆς
3649 1842 3864 1917 ἐμπρο-

2217 1932 2369 1997 σθίας
2419 1936 2487 2007 τῇ
2544 1933 2714 2010 τέχνῃ
2774 1941 3022 2005 ποιῆσαι.
3076 1934 3175 1997 ’Ὀς
3232 1930 3321 1988 διὰ
3375 1934 3471 1996 τὰς
3530 1931 3863 2008 ἀκαθαρσίας

2210 2020 2302 2076 καὶ
2360 2020 2582 2099 μιαρίας
2638 2023 2729 2077 καὶ
2783 2020 3077 2085 ἀκολασίας
3134 2019 3298 2077 αὺτοῦ
3376 2019 3609 2102 ἐσφάγη,
3676 2024 3860 2083 κακῶς

2210 2110 2273 2166 τὸ
2300 2113 2399 2182 ζῇν
2426 2109 2758 2186 ἀποῤῥήξας.

2280 2196 2630 2277 Ἀλέξανδρος
2674 2202 2703 2256 ὁ
2759 2200 3013 2275 Μαμαίας
3063 2200 3200 2271 υίὸς,
3260 2198 3549 2278 ἐξάδελφος
3610 2195 3862 2270 Ἀϐίτου,

2208 2282 2555 2344 ἰϐασίλευσεν
2612 2287 2705 2361 ἔτη
2770 2290 2837 2365 ιγ’
2898 2296 3073 2365 μῆνας
3129 2296 3199 2360 η’.
3259 2289 3384 2346 Ἐπὶ
3450 2289 3615 2344 αὐτοῦ
3671 2289 3861 2365 γέγονε

2208 2373 2377 2451 λιμὸς
2405 2376 2458 2433 ἐν
2495 2380 2688 2453 Ῥώμῃ
2749 2376 2889 2435 ὥστε
2945 2379 3036 2435 καὶ
3091 2384 3263 2454 κρεῶν
3330 2379 3527 2443 αὐτοὺς
3579 2379 3858 2455 ἀνθρωπί-

2206 2486 2314 2523 νων
2373 2468 2629 2542 ἅψασθαι.
2686 2468 2864 2531 Οὗτος
2921 2467 3309 2544 ἐκστρατεύσας
3392 2469 3527 2524 κατὰ
3636 2475 3862 2544 Περσῶν

2207 2557 2422 2627 ἡττήθη
2467 2556 2602 2611 κατὰ
2657 2555 2877 2632 κράτος,
2933 2555 3025 2612 καὶ
3076 2557 3506 2634 καταφρονηθεὶς
3569 2559 3863 2638 σφάττεται

2211 2647 2346 2721 μετᾶ
2371 2652 2474 2717 τῆς
2510 2649 2719 2723 μητρὸς
2770 2647 2957 2703 αὐτοῦ’
3013 2649 3136 2717 ἣτις
3203 2648 3295 2704 καὶ
3352 2649 3648 2724 Χριστιανη
3702 2650 3866 2727 ἐτύγ-

2208 2755 2361 2813 χανε,
2392 2736 2483 2792 καὶ
2547 2736 2639 2793 τὸν
2676 2736 2957 2814 Ὠριγὲνην
3016 2735 3068 2793 ἐν
3129 2738 3448 2813 Ἀντιοχείᾳ
3502 2735 3864 2814 διατρίϐοντα

2212 2827 2593 2900 μετεπέμψατο
2624 2828 2760 2903 πρὸς
2805 2827 3022 2897 ἑαυτὴν,
3054 2824 3382 2907 διδαχθῆναι
3414 2828 3476 2884 τὸ
3530 2830 3667 2885 κατὰ
3719 2834 3860 2905 Χριο

2209 2913 2332 2969 στὸν
2394 2917 2692 2990 μυστήριον
2754 2914 3010 2980 θέλουσα.
3067 2917 3191 2995 Ἐφ’
3250 2915 3313 2972 οὗ
3371 2915 3666 2992 Νάρκισσος
3729 2918 3852 2973 ἐπί-

2208 3024 2411 3065 σκοπος
2452 3003 2874 3081 Ἱεροσολύμων,
2932 3005 2985 3062 ἐν
3037 3010 3117 3079 τῷ
3177 3006 3456 3081 βαπτίζειν
3512 3006 3691 3064 ἐλαίου
3746 3012 3847 3064 τοῦ

2205 3095 2513 3169 χρίσματος
2569 3093 2875 3169 λείψαντος,
2934 3092 3211 3152 ἐκέλευσεν
3271 3094 3418 3172 ὕδωρ
3477 3098 3528 3153 ἐν
3582 3098 3660 3170 τῷ
3712 3118 3852 3172 κρα-

2203 3189 2331 3257 τῆρι
2364 3181 2659 3258 βληθῆναι,
2690 3184 2780 3240 καὶ
2828 3183 3004 3247 οὕτως
3050 3186 3484 3261 προσευξάμενος
3540 3187 3616 3249 εἷς
3665 3185 3852 3244 ἔλαιον

2133 3262 2177 3329 C
2216 3268 2503 3345 μετέϐαλε.

2276 3364 2576 3436 Μαξιμῖνος
2607 3358 2948 3419 ἐϐασίλευσεν
2984 3358 3077 3434 ἔτη
3139 3364 3203 3428 ς’.
3264 3363 3440 3427 Οὗτος
3499 3367 3712 3438 ποιμὴν
3771 3363 3848 3422 ὦν

2204 3451 2489 3527 πρότερον,
2523 3452 2621 3516 εἶθ’
2662 3453 2837 3514 οὕτως
2895 3454 3237 3524 στρατιώτης
3286 3456 3532 3531 γεγονὼς
3581 3456 3670 3511 καὶ
3718 3456 3857 3528 μετᾶ

2201 3543 2371 3596 ταῦτα
2402 3541 2700 3617 στρατηγὸς
2729 3539 3113 3616 Ἀλεξάνδρου,
3165 3540 3237 3597 δι’
3287 3542 3537 3616 ἀνδρείαν
3587 3546 3855 3619 σώματος

2204 3628 2293 3684 καὶ
2326 3629 2535 3685 σύνεσιν
2562 3632 2652 3686 καὶ
2684 3632 2946 3709 φρόνησιν
2984 3631 3086 3688 ὑπὸ
3114 3637 3213 3687 τοῦ
3244 3631 3427 3706 δήμου
3456 3634 3548 3689 καὶ
3578 3642 3681 3704 τῆς
3721 3636 3859 3710 βου-

2206 3718 2309 3784 λῆς
2340 3717 2730 3795 προεχειρίσθη
2778 3718 3055 3795 βασελεῦς.
3116 3724 3212 3784 Ὃς
3266 3718 3382 3796 ἔχει
3440 3726 3520 3795 τῷ
3568 3724 3706 3798 πρὸς
3762 3725 3859 3782 Ἃ-

2205 3805 2488 3885 λέξανὸρον
2517 3806 2762 3872 πολλοὺς
2794 3811 3155 3886 Χριστιανοὺς
3206 3807 3407 3888 ἔχοντα
3460 3812 3552 3868 καὶ
3608 3819 3860 3888 τιμῶντα

2206 3894 2447 3972 διωγμὸν
2506 3898 2696 3975 ἤγειρε
2749 3900 2833 3972 [Ρ.
2898 3902 3024 3978 257]
3084 3900 3249 3977 μέγαν
3304 3902 3440 3957 κατὰ
3495 3903 3855 3978 Χριστιανῶν.

2204 3984 2457 4057 Ἐπάξιον
2518 3981 2575 4039 8t
2640 3992 2741 4056 τῆς
2799 3986 2967 4041 αὐτοῦ
3051 3987 3403 4065 ἀνοσιουργοῦ
3480 3991 3712 4065 γνώμης
3789 3993 3855 4049 τὸ

2201 4070 2361 4135 τέλος
2417 4070 2632 4150 εὕρατο,
2685 4074 2903 4152 σφαγεὶς
2960 4073 3166 4142 δολίως
3241 4079 3386 4156 παρὰ
3442 4079 3697 4154 Μαξίμου
3754 4082 3853 4138 καὶ

2205 4158 2497 4221 Βαλϐίνου.

2276 4253 2525 4327 Μάξιμος
2556 4248 2822 4318 Βαλϐῖνος
2855 4258 2964 4330 ('70)
3010 4256 3101 4312 καὶ
3155 4254 3448 4330 Γορδιανὸς
3499 4266 3678 4333 μῆνας
3728 4259 3852 4335 δύο,

1639 4353 2005 4410 XYLANDBI
2040 4354 2129 4409 ET
2165 4353 2382 4410 GOABI
2419 4354 2642 4410 NOTAE.

508 4471 624 4551 (63)
653 4469 820 4542 Apud
850 4469 1222 4551 liiphilinum
1253 4485 1322 4525 ex
1352 4470 2086 4551 Dione,quem'_et.s.ecutus
2117 4472 2162 4537 1)
2194 4468 2603 4551 Marcellinum
2627 4470 2904 4527 eumdem
2936 4473 3534 4551 spholarumquoque
3552 4475 3857 4551 palatino-

438 4547 531 4598 est
554 4541 832 4605 lanatas.
864 4541 1079 4612 legitur
1106 4542 1372 4597 Maurum
1405 4541 1586 4597 fuisse
1619 4557 1689 4597 ex
1727 4541 1925 4597 Sicilia
1955 4542 2084 4597 Cas-

442 4628 648 4679 sarea;
680 4612 837 4683 quod
872 4612 1014 4681 quid
1044 4612 1140 4679 sit,
1173 4628 1293 4667 non
1323 4612 1512 4668 video.
1547 4615 1715 4669 Certe
1761 4613 1808 4668 si
1848 4615 2085 4669 Maurus

440 4682 799 4756 fuit,_neque
831 4682 1144 4756 Cappadox
1183 4700 1311 4756 esse
1342 4684 1535 4756 potuit
1584 4699 1777 4756 neque
1829 4683 2082 4740 Siculus.

445 4757 530 4810 Ex
554 4753 1273 4810 Mauritania—Caesariensi
1294 4753 1475 4811 fuisse
1499 4753 1805 4825 probabile
1830 4757 2083 4811 est.XYL.

518 4828 630 4897 (70)
660 4825 765 4890 Qui
808 4843 842 4880 a
872 4827 1184 4881 Maximino
1229 4826 1303 4881 ad
1343 4824 1680 4897 Philippum
1724 4842 1913 4897 usque
1961 4824 2085 4881 fue-

449 4903 594 4953 runt
614 4895 873 4969 imperio
904 4899 1167 4954 Romano
1199 4898 1389 4969 potiti,
1422 4895 1741 4969 admodum
1759 4896 2009 4952 obscure
2031 4902 2089 4953 et

425 4970 694 5026 confuse
710 4967 821 5024 hic
851 4967 1239 5024 recensentur
1290 4970 1433 5023 Cum
1465 4972 1663 5022 autem
1696 4967 1760 5022 in
1811 4968 2087 5024 manibus

455 5040 576 5111 sint
606 5041 993 5103 Herodianus,
1026 5039 1395 5111 Capitolinus
1448 5040 1720 5111 Zonaras.
1755 5038 1879 5107 alii,
1928 5041 2087 5096 malo

450 5110 734 5169 lectorem
767 5112 839 5166 ad
872 5127 973 5166 eos
1002 5110 1303 5166 remittere
1335 5126 1511 5181 quam
1554 5110 1669 5164 huc
1694 5111 2088 5167 transcribere

448 5183 583 5239 ista.
618 5187 728 5240 Pro
761 5182 1043 5248 Pupliano
1074 5186 1152 5248 (p.
1188 5184 1285 5236 451
1319 5199 1370 5235 v.
1405 5185 1456 5247 5)
1487 5198 1559 5237 ex
1590 5182 1836 5237 historia
1856 5184 2088 5238 restitui

448 5198 583 5239 ista.
619 5198 728 5240 Pro
761 5198 840 5238 ru
887 5198 1043 5237 uano
1074 5198 1084 5248 (
1142 5226 1152 5235 .
1188 5198 1285 5236 4:11
1319 5199 1370 5235 ν.
1405 5198 1456 5247 δ)
1487 5198 1559 5237 ex
1590 5198 1836 5237 nlStOI‘la
1856 5198 2086 5238 restitui

446 5255 800 5325 Pupienum.
837 5201 948 5310 ged
978 5198 1133 5326 quid,
1153 5253 1265 5308 sibi
1287 5253 1397 5308 iste
1417 5253 1625 5326 Iunior
1644 5255 1739 5324 (ib.
1774 5270 1824 5326 γη.
1850 5256 1904 5320 2)
1926 5254 2086 5323 velit,

444 5324 565 5380 non
596 5326 870 5398 conjicio.
903 5324 1311 5398 Protectorum
1369 5325 1729 5398 quidem,iul
1760 5324 2086 5398 dignitatis,

441 5397 666 5451 mentio
697 5397 851 5468 apud
876 5397 1251 5453 Ammiauum
1278 5402 1368 5451 est
1391 5397 1944 5469 creberrimaJnter
1958 5414 2090 5469 pro-

441 5472 695 5538 tectores
748 5468 1107 5523 domesticos
1165 5486 1227 5523 se
1285 5485 1520 5538 quoque
1575 5468 1684 5523 sub
1741 5468 2085 5525 Constantio

435 5537 622 5613 fuisse
654 5539 879 5613 indicat
906 5539 1074 5613 l._xv_,_
1103 5545 1163 5595 et
1191 5557 1258 5613 ex
1292 5537 1561 5613 ejusdem
1591 5539 1628 5594 l.
1683 5557 1796 5594 xxx
1841 5546 2092 5613 apparet

434 5609 617 5683 fuisse
632 5609 883 5682 gradum
895 5609 970 5664 ad
984 5609 1364 5683 tribunitiamA
1377 5610 1727 5683 dignitatem
1748 5609 2089 5683 proximum

432 5680 590 5754 apud
620 5678 895 5754 Nostrum
925 5678 1293 5754 προτίκτωρες
1333 5678 1633 5737 dicuntur.
1679 5682 1732 5736 Is
1748 5678 2092 5754 "Jovianum

430 5751 667 5827 quoque
691 5751 799 5810 sub
820 5751 1162 5810 Constantio
1181 5751 1366 5810 fuisse
1378 5756 1777 5825 protectorem
1798 5753 2092 5827 ait.Apud

2194 4557 2328 4620 rum
2360 4542 2584 4596 mentio
2615 4558 2737 4620 non
2766 4559 2920 4620 rara.
2957 4546 3227 4617 Satisque
3253 4542 3483 4618 liquere
3510 4542 3652 4620 puto
3676 4550 3857 4606 scho-

2196 4613 2390 4691 larum
2422 4628 2655 4691 nomen
2672 4613 3027 4691 legionibus,
3061 4613 3191 4689 quia
3222 4613 3530 4690 perpetuo-
3550 4620 3853 4691 stipendio

2198 4683 2531 4761 alebantur,
2563 4683 2851 4761 tributum
2876 4683 3095 4761 fuisse}
3131 4683 3382 4760 quarum
3414 4683 3726 4761 praefectus
3749 4692 3852 4749 do-

2196 4755 2426 4811 mestici
2470 4755 2892 4831 appellatione
2923 4755 3246 4831 identidem
3306 4755 3520 4831 deinde
3566 4764 3848 4831 afficitur,

2197 4828 2829 4906 nonnunqnuametiam
2851 4827 3211 4906 ἐξηγούμενος
3228 4836 3335 4885 τῶν
3355 4830 3580 4906 σχολῶν
3606 4827 3850 4894 dicitur.

2196 4899 2332 4979 Xv‘p:
2370 4928 2432 4938 -—
2466 4898 2800 4979 Qandidatos
2830 4898 3328 4979 agmen'militare
3366 4898 3638 4979 recenset
3693 4909 3850 4962 Mar-

2196 4969 2447 5047 cellinus
2478 4969 2659 5047 l._xx_v
2685 4977 2755 5047 et
2779 4969 2931 5047 xxxi.
2967 4982 3048 5030 Ac
3073 4975 3311 5031 eosdem
3344 4978 3471 5047 pari
3526 4977 3650 5032 fere
3706 4995 3848 5035 casu

2196 5041 2431 5118 Julia_no
2454 5046 2513 5094 et
2535 5041 2758 5097 Valenti
2777 5045 3031 5100 violenta
3052 5054 3241 5102 morte
3271 5041 3554 5118 perituris
3583 5048 3848 5105 militan-

2198 5119 2308 5168 tes.
2333 5113 2669 5187 Protectores
2694 5131 2931 5185 quoque
2970 5113 3447 5174 memorat'idem
3480 5119 3520 5175 l.
3553 5136 3703 5187 xxiv,
3737 5138 3849 5177 nec

2198 5200 2319 5238 non
2351 5189 2409 5263 et
2432 5184 2938 5263 scholarum-quos
2959 5205 3166 5263 omnes
3191 5192 3568 5263 imperatoris
3598 5184 3852 5263 stipato-

2200 5271 2295 5309 res
2318 5260 2379 5336 e_t_
2396 5255 2684 5336 satellites
2701 5255 2885 5314 fuisse
2908 5261 3167 5336 ostendit
3190 5255 3363 5333 quam
3389 5262 3623 5336 erudite
3644 5255 3854 5336 Henri-

2202 5342 2311 5407 cus
2338 5325 2603 5407 Valesius
2630 5328 2690 5381 in
2722 5325 3229 5407 annotationibus:
3262 5333 3513 5407 Eosdem
3544 5333 3852 5407 plerisque

2201 5397 2348 5452 locis
2386 5396 2982 5523 σᾶταθαροκανδιδάτους
3040 5411 3207 5461 vocat
3257 5405 3355 5476 jus
3405 5396 3860 5464 Graeco-Roma-

2203 5485 2369 5523 num.
2450 5486 2576 5523 om.

2203 5485 2369 5524 num.
2403 5485 2576 5523 UOAR.

2261 5542 2531 5622 Marcum
2562 5548 2783 5622 autem,
2817 5546 3083 5622 quipost
3113 5547 3472 5622 Gordianum
3500 5547 3697 5622 lectus
3720 5549 3853 5619 fuit,

2201 5616 2526 5690 triennium
2557 5616 2882 5690 imperasse
2914 5616 3011 5689 (ib.
3056 5638 3109 5677 ν.
3166 5619 3252 5690 16)
3301 5620 3692 5676 falsissimum
3740 5616 3853 5690 est,

2202 5699 2340 5767 sum
2365 5682 2455 5765 V91
2480 5698 2553 5737 ει
2578 5682 2802 5767 Ζρῖιει-ει
2831 5682 3065 5767 ορήείθι
3092 5682 3246 5767 sua!
3280 5691 3548 5767 nonde
3599 5682 3850 5767 asserui

2201 5760 2453 5828 imperio
2482 5760 2838 5816 exstinctum
2870 5760 3071 5819 fuisse.
3099 5763 3164 5819 Ei
3198 5763 3444 5821 Severus
3474 5760 3851 5824 Hostilianus
