4118 6288
387 387 525 447 495

1768 379 2092 445 GEORGII
2123 377 2458 440 CEDRENI

3699 392 3814 450 496

405 517 608 576 multa
639 515 817 572 etiam
847 514 939 572 bis
971 531 1040 572 ea
1066 515 1164 572 lue
1188 516 1497 573 infestata.
1543 517 1811 574 Obtinuit
1865 531 2053 570 annos

2172 514 2349 582 μεῖναι
2406 511 2602 566 τούτου
2669 511 2924 587 ἄμοιρον.
2987 513 3263 578 Πολλάκις
3323 513 3379 571 δὲ
3433 518 3520 572 καὶ
3585 516 3667 579 δὶς
3723 521 3819 589 τῆς

411 612 496 665 lli.
531 608 715 680 Capit
746 611 1050 677 autumno,
1086 613 1143 663 et
1173 608 1350 663 desiit
1380 609 1486 664 sub
1519 613 1714 664 ortum
1747 605 2050 663 canicula.

407 699 849 772 Propagabatur
878 699 1118 755 morbus
1141 700 1250 756 iste
1275 701 1449 756 etiam
1480 699 1868 766 vestimentis,
1897 697 2053 753 solo-

406 806 520 862 que
551 789 698 844 adeo
730 794 990 860 aspectu,
1024 806 1218 861 neque
1246 790 1358 848 fuit
1387 789 1596 847 donius
1627 792 1689 844 in
1720 805 1837 861 qua
1879 803 2054 844 nemo

407 885 563 935 esset
605 885 893 935 mortuus.
957 879 1070 934 Alii
1127 887 1290 936 metu
1347 881 1714 954 contagionis
1774 879 2095 936 cadavera-

403 969 826 1041 relinquebant
855 969 1175 1041 insepulta.
1206 971 1292 1026 Pli
1331 977 1530 1026 autem
1561 974 1811 1043 aegrotos
1851 983 2056 1024 secure

409 1064 688 1116 curantes
749 1058 908 1114 luem
967 1058 1078 1114 sibi
1117 1061 1506 1128 asciscebant,
1561 1076 1814 1131 cumque
1854 1058 1926 1113 iis
1957 1060 2060 1112 aut

408 1155 544 1223 post
575 1166 674 1206 eos
706 1149 819 1222 ipsi
879 1165 1114 1222 quoque
1173 1151 1595 1207 moriebantur.
1655 1153 1735 1206 Eo
1791 1155 2057 1221 tempore

407 1239 659 1311 Scytha,
693 1240 938 1311 trajecto
967 1240 1114 1294 Istro
1137 1257 1376 1296 omnem
1398 1240 1777 1296 Occidentem
1797 1239 2056 1294 Italiam-

408 1345 524 1402 que
556 1330 710 1386 458
744 1334 928 1384 totam
960 1329 1403 1386 incursionibus
1434 1330 1755 1403 depradati
1808 1333 1967 1396 sunt,
2001 1332 2060 1382 et

417 1419 619 1474 Asiam
669 1424 1123 1489 occupaverunt,
1155 1420 1298 1474 solis
1327 1420 1434 1475 Ilio
1466 1425 1524 1474 et
1553 1419 1779 1492 Cyricio
1811 1417 2057 1473 urbibus

405 1500 690 1579 exceptis.
728 1507 1078 1562 Volusianus
1110 1509 1258 1564 Galli
1290 1509 1446 1564 filius
1478 1514 1622 1564 erat.
1659 1508 1856 1563 Gallus
1889 1523 1923 1561 a
1951 1522 2060 1561 sua

399 1611 584 1654 uxore
617 1596 920 1652 dormiens
971 1597 1283 1671 jugulatus
1317 1604 1407 1654 est
1439 1616 1452 1666 ;
1490 1599 1874 1654 Volusianum
1905 1595 2058 1652 mili-

401 1690 494 1741 tes
526 1685 986 1742 trucidaverunt.

483 1952 693 2010 Decius
723 1951 1033 2026 imperavit
1070 1954 1401 2012 biennium.
1433 1957 1487 2011 Is
1547 1954 1764 2010 multos
1825 1957 2060 2010 sanctos

414 2042 708 2116 supplicio
739 2043 938 2099 affecit
968 2060 1034 2099 ac
1063 2044 1196 2100 neci
1255 2044 1518 2101 tradidit.
1553 2044 1671 2100 Sub
1729 2059 1795 2098 eo
1852 2043 2062 2098 beatus

412 2133 740 2206 Cyprianus
797 2140 856 2188 et
883 2133 1060 2190 beata
1097 2135 1346 2204 Justina,
1392 2141 1517 2191 tum
1569 2135 1778 2206 Ephesi
1834 2140 2061 2205 septem

410 2224 575 2294 pueri
591 2239 924 2296 magnaque
938 2229 1280 2281 sanctorum
1313 2224 1630 2280 multitudo
1661 2224 1734 2280 ob
1753 2241 1902 2280 vera
1919 2223 2058 2278 reli-

405 2313 598 2384 gionis
619 2313 1050 2384 professionem
1081 2316 1275 2370 necati
1308 2320 1462 2370 sunt.
1484 2316 1540 2370 Is
1571 2314 1842 2369 edixitne
1859 2315 2057 2369 Roma

405 2400 690 2457 mulieres
702 2402 1047 2458 Christiana
1071 2408 1246 2474 eaput
1268 2403 1551 2470 velarent,
1579 2418 1826 2474 sperans
1850 2418 1917 2457 ea
1937 2407 2058 2456 tur-

405 2489 698 2562 pitudine,
732 2491 904 2546 sicuti
934 2491 1271 2562 putabatur,
1306 2492 1380 2548 ad
1437 2492 1647 2547 falsam
1707 2491 2055 2564 religionem

402 2579 664 2651 pertrahi
700 2596 798 2635 eas
829 2597 1023 2652 posse.
1084 2582 1301 2638 Verum
1360 2597 1442 2636 ea
1500 2580 1840 2636 maluerunt
1894 2580 2055 2636 nudo

399 2668 590 2740 capite
622 2668 882 2740 prodire.
915 2669 1057 2725 Inde
1085 2676 1176 2726 est
1204 2669 1362 2742 quod
1393 2671 1454 2726 in
1483 2671 1642 2726 hunc
1672 2687 1858 2741 usque
1893 2670 2050 2726 diem

398 2757 744 2814 Christianae
776 2758 1032 2830 perfecte
1054 2759 1338 2815 mulieres
1369 2759 1526 2815 nudo
1550 2759 1835 2815 incedunt
1862 2760 2050 2833 capite

398 2846 617 2903 Judaa
644 2853 843 2904 autem
873 2852 931 2904 et
961 2849 1211 2905 ethnica
1241 2853 1415 2905 tecto.
1453 2849 1568 2904 Sub
1599 2850 1774 2905 Decio
1809 2849 2056 2921 Babylas

401 2936 752 3006 Antiochia,
784 2937 1093 2994 Flavianus
1137 2941 1358 3007 Roma,
1392 2938 1726 2994 Alexander
1781 2938 2053 2994 Hieroso-

398 3025 598 3098 lyma,
629 3026 1064 3099 Dionysiusque
1111 3027 1475 3084 Alexandria
1531 3027 1793 3100 episc0pi
1822 3027 2052 3084 veritati

401 3117 614 3174 divina
647 3118 1055 3176 testimonium
1097 3119 1407 3176 toleranda
1463 3136 1609 3176 nece
1669 3120 1953 3177 tulerunt.
1984 3121 2053 3175 Et

397 3208 650 3262 Novatus
680 3208 990 3280 presbyter
1021 3209 1092 3265 ab
1124 3211 1388 3266 Ecclesia
1427 3210 1660 3276 defecit,
1695 3227 1794 3266 eos
1838 3211 1938 3282 qui
1984 3211 2044 3265 in

395 3296 808 3367 persecutione
824 3297 937 3353 diis
950 3298 1362 3356 immolassent
1375 3300 1784 3370 paenitentiam
1806 3305 2046 3373 agentes

398 3401 517 3439 non
548 3384 866 3456 recipiens.
901 3387 1060 3440 Tunc
1092 3393 1149 3442 et
1199 3388 1494 3444 Elcesaus
1542 3388 1838 3445 hareseos
1885 3390 2052 3460 prin—

397 3490 537 3545 ceps
568 3475 846 3530 innotuit.
876 3475 1089 3530 Decius
1140 3476 1284 3532 Galli
1316 3477 1544 3532 artibus
1594 3483 1684 3533 est
1733 3496 1766 3532 a
1822 3479 2052 3550 Scythis

394 3579 515 3618 una
539 3580 675 3619 cum
722 3563 844 3619 ﬁlio
896 3565 958 3620 in
1007 3565 1222 3636 palude
1281 3567 1624 3634 suffocatus,
1685 3584 2051 3639 corporaque

393 3667 599 3709 eorum
630 3653 870 3710 inventa
901 3670 1020 3710 non
1052 3661 1208 3711 sunt.
1268 3657 1354 3712 Ita
1405 3673 1525 3712 sua
1559 3656 1795 3711 saevitia
1850 3673 2055 3729 poenas

397 3741 580 3797 dedit.

471 3921 627 3977 454
655 3921 1002 3980 Emilianus
1023 3939 1246 3980 annum
1274 3940 1460 3981 unum
1487 3925 1817 3996 imperavit,
1848 3931 2054 3998 estque

406 4025 442 4064 a
470 4009 761 4066 militibus
792 4010 854 4068 in
884 4011 1104 4083 palatio
1136 4014 1386 4070 occisus.

473 4097 814 4156 Valerianus
870 4106 928 4157 et
969 4101 1269 4158 Gallienus
1325 4103 1695 4175 imperarunt
1722 4121 1912 4160 annos
1965 4108 2050 4160 15.

416 4189 520 4244 Hic
548 4189 898 4246 Valerianus
925 4208 1061 4247 cum
1088 4193 1292 4264 Sapori
1319 4194 1512 4249 Persa
1541 4193 1766 4248 bellum
1817 4192 2053 4248 intulis-

401 4282 511 4345 set,
545 4278 617 4334 ab
641 4296 709 4334 eo
729 4285 934 4352 captus
958 4286 1046 4336 est
1075 4281 1232 4353 apud
1253 4283 1600 4352 Casaream,
1631 4283 1832 4356 viginti
1862 4283 2054 4338 millia

402 4366 714 4423 hominum
746 4369 806 4423 in
856 4370 1119 4425 exercitu
1176 4371 1438 4438 ducens;
1500 4377 1705 4442 estque
1767 4372 1818 4426 ei
1879 4372 2051 4442 pellis

409 4454 694 4519 detracta,
726 4463 902 4527 atque
934 4459 1015 4513 ita
1031 4459 1229 4529 periit.
1253 4459 1434 4515 Filius
1465 4467 1663 4516 autem
1694 4462 1823 4532 ejus
1847 4460 2055 4516 Gallie-

401 4559 514 4598 nus
538 4544 591 4598 ei
623 4546 944 4600 succedens
970 4548 1199 4618 primus
1233 4550 1498 4618 equitum
1524 4555 1748 4605 turmas
1771 4551 2049 4615 instituit,

398 4647 531 4686 cum
564 4632 852 4689 hactenus
882 4634 1130 4690 Romani
1163 4637 1381 4692 milites
1436 4639 1559 4693 fere
1616 4638 1844 4709 pedites
1899 4640 2049 4695 fuis-

2169 4639 2477 4710 ττρατιῶται
2561 4638 2668 4689 τῶν

404 4726 553 4777 sent.
575 4721 925 4778 Interfectus
945 4729 1032 4779 est
1062 4741 1097 4780 a
1126 4725 1416 4781 militibus
1443 4727 1600 4797 apud
1622 4728 2042 4784 Mediolanum.

396 4809 514 4866 Sub
546 4810 656 4866 hoc
682 4811 880 4866 ﬂoruit
921 4813 1208 4868 miriﬁcus
1267 4816 1598 4887 Gregorius,
1650 4823 1708 4871 et
1765 4817 2042 4872 innotue-

393 4904 537 4956 runt
584 4905 866 4956 Artemon
911 4907 1086 4974 atque
1152 4904 1425 4976 Synepon
1482 4905 1798 4961 haresium
1847 4912 2053 4962 aucto-

395 4993 579 5046 tores.

464 5080 741 5136 Claudius
763 5081 1076 5152 imperavit
1095 5099 1282 5138 annos
1303 5084 1357 5141 2.
1391 5085 1446 5139 Is
1466 5100 1607 5139 avus
1637 5083 1750 5139 fuit
1769 5086 2048 5142 Constan-

393 5168 645 5240 tiniejus
668 5170 768 5240 qui
792 5177 1064 5226 sanctum
1090 5173 1546 5228 Constantinum
1562 5175 1833 5246 Magnum
1859 5175 2048 5230 ﬁlium

392 5257 657 5329 reliquit.
692 5259 807 5314 Sub
841 5260 951 5315 hoc
982 5261 1209 5332 Scytha
1235 5262 1295 5317 in
1316 5263 1612 5334 Europam
1635 5263 1804 5319 effusi
1831 5265 2048 5320 multas

388 5344 586 5415 urbes,
621 5347 801 5418 inque
830 5349 922 5404 his
956 5350 1135 5406 etiam
1163 5351 1424 5407 Athenas
1443 5357 1767 5409 vastarunt.
1798 5354 2047 5409 Athenis

2171 597 2388 662 πόλεως
2446 601 2742 677 ἐπήρχετο.
2800 604 3042 678 Ἐκράτει
3101 603 3158 660 δὲ
3216 603 3307 676 ἔτη
3373 608 3450 676 ιε’,
3510 607 3818 683 ἀρχόμενος

2170 687 2276 743 ἀπὸ
2308 691 2654 766 φθινοπώρου
2703 692 2790 748 καὶ
2853 693 3136 770 λήγωντῇ
3195 699 3290 750 τοῦ
3332 697 3504 759 Κυνὸς
3563 698 3814 772 ἱπιτολῇ.

2172 777 2500 836 Μετεδίδοτο
2561 778 2617 836 δὲ
2671 784 2706 850 ἡ
2755 782 2910 845 νόσος
2968 782 3100 855 αὕτη
3160 784 3266 840 ἀπό
3323 807 3382 840 τε
3429 786 3666 860 εἱμάτων
3727 789 3816 842 καὶ

2171 870 2340 944 ψιλῆς
2369 872 2510 934 θεας.
2561 871 2637 929 Οὐ
2696 875 2798 950 γὰρ
2859 876 2923 942 ἦν
2994 874 3139 929 οἰκία
3195 875 3246 929 ἐν
3296 879 3334 945 ἦ
3388 878 3659 946 τεθνηκὼς
3717 879 3816 933 οὐκ

2169 960 2258 1028 ἦν.
2302 960 2404 1016 Καὶ
2436 962 2488 1016 οἱ
2517 963 2610 1034 μὲν
2640 958 2794 1039 φόϐῳ
2823 966 2919 1016 τοῦ
2981 965 3055 1036 μή
3119 961 3439 1036 μεταλαϐεῖν
3498 973 3598 1035 τῆς
3655 967 3813 1022 νόσου

2172 1051 2406 1131 ἀτάφους
2501 1051 2625 1107 εἳων
2716 1055 2844 1116 τοὸς
2925 1055 3271 1128 τεθνηκότας,
3342 1058 3394 1111 οἱ
3453 1053 3810 1134 εὐσεϐέστεροι

2172 1139 2228 1196 δὲ
2277 1141 2746 1220 ἀπαραφυλάκτως
2802 1142 2929 1206 τοὺς
2982 1149 3275 1208 νοσοῦντας
3328 1149 3708 1221 θεραπεύοντες
3737 1149 3812 1212 εἷς

2171 1231 2392 1292 ἑαυτοὺς
2419 1232 2516 1300 αῆν
2544 1233 2700 1288 νόσον
2751 1233 3083 1303 ἐπεσπῶντο,
3116 1235 3206 1288 καὶ
3241 1236 3333 1289 σὺν
3382 1235 3608 1299 ἐκείνοις
3637 1237 3671 1307 ἢ
3705 1235 3816 1311 μετ’

2170 1317 2403 1384 ἐκείνους
2444 1321 2535 1376 τὸν
2571 1321 2689 1396 βίον
2755 1322 3154 1394 μετήλλαττον.
3189 1324 3310 1380 Ἐπὶ
3341 1324 3536 1380 τούτου
3584 1328 3634 1381 οἱ
3673 1327 3820 1382 Σκύ-

2172 1421 2259 1473 θαι
2318 1412 2409 1464 τὸν
2479 1412 2691 1482 Ἵστρον
2737 1413 3060 1485 περάσαντες
3131 1417 3301 1467 πᾶσαν
3343 1428 3443 1483 την
3501 1416 3655 1470 Δύσιν
3721 1416 3816 1470 καὶ

2170 1498 2428 1568 Ἰταλίαν,
2464 1499 2766 1571 Ἀνατολην
2795 1522 2853 1556 τε
2884 1502 2972 1556 καὶ
3009 1503 3184 1558 Ἀσίαν
3223 1501 3530 1580 ἐπόρθησαν
3556 1505 3647 1560 καὶ
3677 1525 3813 1582 παρ-

2170 1585 2389 1658 έλαϐον,
2455 1587 2586 1664 δίχα
2621 1591 2792 1664 μόνης
2826 1589 2993 1648 Ἰλίου
3044 1592 3134 1646 καὶ
3169 1593 3428 1663 Κυζίκου.
3461 1596 3564 1652 Ἦν
3597 1592 3654 1650 δὲ
3679 1601 3814 1650 Βου-

2170 1677 2455 1735 λουσιανός
2488 1679 2605 1743 υἱὸς
2636 1677 2869 1736 Γάλλου.
2935 1681 3039 1736 Καὶ
3107 1683 3134 1736 ὁ
3190 1682 3284 1754 μὲν
3336 1681 3550 1745 Γάλλος
3611 1682 3812 1761 ἐσφάγη

2168 1765 2439 1833 κοθεύδων
2477 1769 2580 1824 ὑπὸ
2618 1790 2715 1843 τῃς
2746 1766 2884 1832 ἰδίας
2913 1771 3186 1844 γυναικὸς,
3219 1773 3246 1825 ὁ
3308 1769 3363 1827 δὲ
3420 1772 3817 1837 Βουλουσιανὸς

2089 1885 2136 1948 Β
2173 1857 2276 1913 ὑπὸ
2308 1862 2652 1932 στρατιωτῶν
2666 1903 2678 1916 .

2243 1947 2428 2009 Δέκιος
2462 1941 2803 2004 ἐϐασίλευσεν
2840 1949 2936 2020 ’ἐτη
2994 1951 3060 2025 β’.
3103 1949 3268 2012 Οὗτος
3326 1949 3572 2015 πολλοὺς
3629 1953 3818 2028 ἁγίους

2171 2036 2553 2112 ἐτιμωρήσατο
2607 2039 2696 2092 καὶ
2783 2041 2995 2112 θανάτῳ
3056 2038 3355 2116 παρέδωκε.
3414 2043 3520 2098 Καὶ
3577 2044 3605 2098 ὁ
3663 2045 3817 2118 ἅγιος

2169 2126 2476 2199 Κυπριανὸς
2527 2127 2612 2182 καὶ
2671 2131 2706 2198 ἡ
2768 2130 2891 2202 ἁγία
2951 2131 3212 2186 Ἰουστῖνα
3270 2130 3668 2207 ἐμαρτύρησαν,
3727 2134 3815 2188 καὶ

2169 2217 2220 2269 οἱ
2251 2215 2302 2269 ἐν
2337 2214 2545 2294 Ἐφέσῳ
2586 2217 2720 2272 ὲπτᾶ
2776 2215 2985 2288 παῖδες,
3025 2220 3115 2273 καὶ
3155 2219 3366 2285 πλῆθος
3423 2222 3594 2296 ἁγίων
3649 2220 3818 2281 πολύ.

2167 2302 2242 2361 οῖ
2373 2303 2454 2359 ιι
2678 2303 2701 2360 ἐ
2775 2307 2788 2326 τ
2851 2308 2859 2320 ·
3060 2307 3073 2325 ε
3405 2309 3457 2348 κ’
3591 2333 3600 2346 ε
3659 2315 3714 2350 -ν

2219 2325 2338 2366 οτος
2401 2316 2646 2369 θεσπισεν
2705 2329 2731 2360 ν
2795 2312 2960 2381 Ρωμῃ
3017 2329 3111 2370 τας
3171 2315 3495 2383 Χριστιαιας
3554 2331 3812 2386 γοναικας

2169 2397 2244 2467 μὴ
2281 2395 2471 2467 ἐξεῖναι
2509 2393 3018 2452 καταπαλύπτεσθαι
3082 2399 3180 2466 τὴν
3235 2398 3498 2477 κεφαλὴν,
3561 2401 3814 2473 οἰόμενος

2167 2478 2256 2536 διὰ
2283 2490 2383 2553 τῆς
2422 2481 2788 2558 νομιζομένης
2821 2485 3084 2560 αἰσχύνης
3123 2486 3323 2558 ταύτης
3377 2487 3455 2550 εἷς
3511 2485 3816 2544 εἰδωλολα-

2162 2571 2341 2645 τρείαν
2373 2571 2618 2630 ὲλκῦσαι.
2670 2575 2739 2630 Αἱ
2795 2571 2852 2628 δὲ
2912 2573 3125 2648 μᾶλλον
3184 2575 3627 2632 ἇκατακάλυπτοι
3677 2599 3821 2654 προ-

2164 2659 2345 2735 ᾔεσαν,
2380 2661 2534 2734 δόξαν
2567 2662 2871 2738 ἡγούμεναι
2902 2665 3001 2733 τὴν
3051 2665 3183 2740 ὑπὲρ
3247 2670 3490 2742 Χριστου
3552 2664 3814 2724 δοκοῦσαν

2164 2749 2384 2824 ἀτιμίαν
2434 2753 2578 2826 παρὰ
2605 2757 2720 2812 τοῖς
2759 2751 3087 2826 ἀνθρὼποις’
3159 2752 3276 2810 ὅθεν
3311 2753 3445 2830 ἄχρι
3487 2761 3584 2811 τοῦ
3613 2761 3703 2812 νῦν
3762 2758 3816 2812 αἱ

2167 2860 2262 2912 μεν
2320 2835 2564 2915 ἀκριϐεῖς
2647 2843 2985 2917 Χριστιανῶν
3067 2850 3311 2920 γυναῖκες
3376 2846 3806 2902 ἀκατακάλυπτοι

2162 2929 2549 3005 προέρχονται,
2589 2932 2644 2985 αἱ
2712 2929 2769 2986 δὲ
2826 2930 3096 3004 ’Ῑομδαῖαι
3158 2934 3246 2989 καὶ
3305 2934 3517 2991 ἄπιστοι
3570 2956 3797 2990 κατακα-

2163 3015 2483 3076 λύπτονται.
2553 3021 2670 3098 Ἐφ’
2727 3020 2789 3075 οὐ
2847 3021 2939 3076 καὶ
2993 3018 3244 3086 Βαϐύλας
3304 3024 3651 3100 Ἀντιοχείας,
3707 3023 3798 3078 καὶ

2163 3103 2471 3171 Φλαϐιανὸς
2527 3110 2768 3182 Ῥώμης,
2822 3111 2911 3165 καὶ
2983 3109 3337 3188 Ἀλέξανδρος
3392 3115 3802 3188 Ἰεροσολύμων,

2161 3199 2250 3255 καὶ
2283 3198 2564 3260 Διονύσιος
2624 3197 3034 3275 Ἀλεξανδρείας
3084 3201 3479 3278 ἐμαγτύρησαν.
3541 3205 3640 3258 Καὶ
3693 3205 3807 3261 Νο-

2158 3285 2320 3352 ϐἀτος
2378 3285 2740 3364 πρεσϐύτερος
2796 3289 2868 3345 ὢν
2923 3298 3024 3361 τῆς
3083 3291 3409 3365 Ἐκκλησίας
3458 3295 3689 3367 ἀπέστη,
3749 3296 3810 3359 ὃς

2154 3382 2283 3444 τοὺς
2311 3376 2664 3444 ἐπιθύέαντας
2705 3381 2756 3436 ἐν
2813 3379 3043 3458 διωγμῷ
3103 3389 3494 3456 μετανοοῦντας
3564 3385 3664 3441 οὐκ
3691 3383 3810 3440 ἐδέ-

2160 3490 2311 3546 χετο.
2374 3471 2496 3526 Ἐπὶ
2544 3471 2741 3525 τούτου
2800 3468 3112 3535 Ἐλκεσαῖος
3171 3474 3528 3550 αἱρεσιάρχης
3587 3475 3813 3552 ἐγνωρί-

2157 3579 2314 3635 χετο.
2374 3558 2638 3633 Ἀνῃρέθη
2702 3556 2758 3614 δὲ
2811 3558 2994 3622 Δέκιος
3054 3561 3156 3617 ὐπὸ
3217 3567 3436 3627 Σκυθῶν
3505 3565 3810 3636 ὑποθήκαις

2159 3647 2378 3704 Γάλλου
2410 3647 2463 3703 ἐν
2494 3648 2727 3722 τέλματι
2775 3648 3092 3726 ἀποπνιγεὶς
3147 3654 3402 3725 μετὰτοῦ
3463 3651 3606 3710 ἰδίου
3664 3657 3811 3728 υἱοῦ,

2160 3739 2234 3802 ὡς
2279 3736 2420 3812 μηδὲ
2485 3739 2550 3794 τὰ
2608 3742 2836 3813 σώματα
2891 3744 3070 3797 αὐτῶν
3133 3743 3435 3818 εὑρεθῆναι,
3499 3745 3641 3816 ἄξιον
3708 3754 3810 3816 τῆς

2160 3827 2457 3904 θηριωδίας
2489 3829 2663 3885 αὐτῶν
2692 3831 2785 3884 τὸν
2817 3833 3040 3887 θάνατον
3071 3831 3385 3908 εὑράμενοι.

2231 3917 2561 3993 Αἰμιλιανὸς
2604 3913 2947 3974 ἐϐασίλευσεν
3005 3915 3123 3983 ἔτος
3180 3919 3254 3990 ἔν,
3287 3922 3377 3977 καὶ
3408 3922 3616 3999 ἐσφᾶγῃ
3647 3922 3698 3979 ἐν
3726 3929 3806 3997 τῷ

2160 4008 2410 4082 παλατιῳ
2444 4009 2545 4063 ὑπὸ
2576 4013 2681 4064 τῶν
2726 4011 3092 4084 στρατιωτῶν.

2233 4097 2597 4174 Οὐαλεριανὸς
2625 4100 2711 4153 καὶ
2747 4098 3057 4170 Γαλλιῆνος
3091 4095 3181 4172 ἔτη
3222 4103 3301 4159 ιε’.
3327 4103 3502 4166 Οὗτος
3533 4105 3560 4158 ὁ
3593 4103 3803 4160 Οὐαλε-

2160 4190 2343 4263 ριανὸς
2375 4186 2618 4260 πόλεμον
2653 4189 2786 4262 μετὰ
2846 4189 3113 4265 Σαπώροῢ
3170 4195 3266 4246 τοῦ
3325 4195 3531 4265 Πέρσου
3570 4196 3808 4266 ποιήσας

2158 4277 2248 4332 καὶ
2298 4274 2637 4352 δοριάλωτος
2691 4278 2927 4353 γεγονὼς
2991 4277 3043 4333 ἒν
3109 4282 3422 4356 Καισαρεία,
3489 4283 3634 4358 ἒχων
3699 4306 3809 4358 μυ-

2160 4363 2338 4442 ριάδες
2399 4368 2464 4441 β’,
2520 4368 2623 4421 ὑπὸ
2692 4368 2963 4443 Σαπώρου
3022 4366 3266 4445 ἐκδαρεῖς
3318 4369 3688 4443 ἐτελεύτησεν.
3741 4375 3804 4432 Ὁ

2159 4453 2216 4511 δὲ
2244 4456 2361 4517 υἱὸς
2393 4456 2560 4510 αὐτοῦ
2592 4454 2898 4524 Γαλλιῆνος
2953 4458 3086 4528 μετὰ
3122 4463 3311 4515 τοῦτον
3368 4466 3578 4536 πρῶτος
3608 4463 3806 4518 ἱππικᾶ

2155 4545 2403 4620 τάγματα
2479 4543 2792 4615 κατέστησε·
2873 4546 3026 4614 πεζοὶ
3092 4549 3193 4624 γὰρ
3249 4550 3386 4604 κατὰ
3437 4553 3499 4606 τὸ
3555 4551 3698 4607 πολὺ
3751 4550 3804 4606 οἱ

2756 4635 3042 4706 Ῥωμαίων
3125 4637 3395 4714 ὑπῆρχον.
3449 4641 3691 4718 Ἐσφαγη
3746 4637 3804 4695 δί

2151 4723 2242 4778 καὶ
2296 4723 2456 4783 αὐτὸς
2502 4722 2603 4776 ὑπὸ
2635 4729 2983 4796 στρατιωτῶν
3015 4727 3100 4798 [Ρ.
3135 4729 3262 4800 259]
3322 4728 3557 4798 πλησίον
3609 4727 3805 4786 Μεδιο-

2154 4811 2354 4869 λάνων.
2418 4813 2540 4868 Ἐπὶ
2594 4812 2790 4867 τούτου
2846 4813 3060 4886 ἤκμαζε
3137 4821 3441 4895 Γρηγόριος
3510 4822 3537 4874 ὁ
3594 4821 3800 4893 θαυμα-

2159 4901 2386 4976 τουργὸς
2419 4902 2529 4974 (73)
2558 4901 2649 4955 καὶ
2706 4902 2758 4955 οἱ
2799 4903 3145 4983 αἱρεσιάρχαι
3189 4908 3467 4982 Ἀρτέμων
3523 4910 3612 4964 καὶ
3673 4917 3802 4964 Συν-

2160 4993 2301 5047 ἐπων
2333 4989 2705 5067 ἐγνωρίζοντο.

2233 5076 2500 5140 Κλαύδιος
2550 5073 2890 5134 ἐϐασίλευσεν
2942 5078 3031 5151 ἔτη
3086 5080 3202 5140 δύο.
3236 5085 3408 5149 Οὗτος
3456 5109 3678 5150 παππος
3713 5087 3803 5163 γέ-

2156 5192 2276 5246 γονε
2337 5169 2743 5226 Κωνσταντίνου
2801 5174 2897 5225 τοῦ
2955 5174 3158 5248 πατρὸς
3228 5179 3625 5234 Κωνσταντίνου
3707 5182 3803 5234 τοῦ

2159 5262 2312 5336 ἁγίου
2369 5259 2460 5314 καὶ
2513 5257 2774 5334 μεγάλου.
2828 5260 2952 5316 Ἐπὶ
3017 5262 3212 5318 τούτου
3273 5267 3323 5320 o't
3384 5268 3586 5322 Σκύθαι
3639 5269 3805 5342 περά-

2159 5369 2339 5410 σαντες
2386 5348 2474 5402 καὶ
2531 5347 2626 5410 τὰς
2690 5345 2881 5410 πόλεις
2935 5353 3342 5424 πορθήσαντες,
3400 5352 3804 5430 παραλαϐοντες

1598 5481 1965 5537 XYLANDRI
2004 5483 2090 5536 ET
2128 5480 2344 5537 GOABI
2383 5477 2605 5533 ΝΟΤᾸΞ.

463 5597 577 5675 (73)
599 5599 1088 5675 Neocasariensis
1121 5602 1450 5673 episcopus.
1479 5603 1620 5658 Vide
1642 5605 2040 5675 Nicephorum

387 5687 463 5741 v1,
504 5672 589 5724 17.
624 5671 762 5736 Qua
795 5670 866 5727 de
898 5674 1127 5727 Manete
1158 5670 1512 5743 sequuntur,
1556 5681 1695 5730 sunt
1750 5670 1930 5731 etiam
1980 5678 2042 5732 in

2153 5603 2346 5659 Suida
2378 5601 2762 5678 collectaneis
2787 5618 2799 5668 ;
2833 5621 2966 5678 qua
2995 5610 3183 5664 secuti
3216 5627 3440 5678 sumus,
3460 5614 3560 5670 ubi
3588 5618 3808 5675 rectius

2155 5681 2362 5732 nostro
2394 5673 2597 5730 codice
2629 5673 3282 5749 habere'judicavimus.
3319 5673 3460 5739 Χγιζ.
