4118 6288
363 374 480 436 497

1511 363 2058 432 HISTORIARUM
2101 361 2648 426 COMPENDIUM.

3655 369 3772 430 498

361 503 422 562 ’δὲ
479 503 572 561 καί
629 503 727 568 τὰς
779 505 1031 576 Ἀθήνας,
1091 505 1390 583 συνήγαγον
1445 504 1617 562 πάντα
1666 507 1735 562 τὰ
1803 498 2013 580 βιϐλία,

2127 502 2315 574 captis
2347 516 2553 557 omnes
2579 501 2764 559 libros
2792 502 2854 560 in
2882 521 3071 561 unum
3101 493 3543 580 congesserunt,
3575 513 3641 566 ut
3670 526 3772 566 eos

364 596 455 652 καὶ
485 591 801 666 ἠϐούλοντο
833 599 1046 666 καῦσαι,
1077 595 1122 651 εί
1172 599 1245 670 μή
1295 619 1378 659 τις
1430 597 1478 668 ἐξ
1542 595 1718 651 αὐτῶν
1777 597 2019 666 κρεῖττον

369 691 477 742 τῶν
505 683 688 740 ἄλλων
719 685 860 739 κατά
889 684 1034 741 πολὺ
1094 692 1308 765 φρονῶν
1356 687 1626 742 ἐκώλυσεν
1672 682 1888 752 αὖτοὺς,
1941 681 2018 736 εί-

370 777 506 844 πὼν,
550 775 632 829 ὅτι
678 774 801 847 περὶ
850 779 1019 830 ταῦτα
1058 776 1109 830 οἱ
1167 782 1428 848 Ῥωμαῖοι
1487 774 1850 851 σχολάζοντες
1907 777 2015 826 τῶν

368 864 630 938 πολέμων
664 863 984 938 ἀμελοῦσιν.
1019 864 1191 927 Οὗτος
1223 865 1575 942 Αὐρηλιανὸν
1609 865 1686 928 εἷς
1716 865 1816 933 τὴν
1859 865 2015 939 βασιο

369 952 520 1012 λείαν
551 955 876 1030 προαγαγὼν
905 953 1150 1026 τελευτᾷ.

442 1041 796 1105 Κυντιλιανὸς
853 1041 1087 1120 ἀδελφὸς
1148 1042 1421 1100 Κλαυδίου
1479 1040 1820 1099 ἐϐασίλευσεν
1873 1044 2013 1116 ἡμὲ-

370 1154 463 1212 ρας
495 1135 557 1203 ζ’.
594 1130 815 1202 Ἐπειὸπὲ⁸
860 1133 959 1210 γάρ
994 1129 1132 1209 ἔγνω
1162 1133 1508 1208 Αὐρηλιανὸν
1554 1129 1808 1202 ἐπιϐῆναι
1869 1131 2010 1205 μέλ-

369 1226 535 1281 λοντα
590 1226 657 1296 τῇ
715 1223 1004 1294 Ῥωμαίων
1089 1223 1260 1299 ἀρχῇ,
1348 1225 1534 1279 ἑαυτὸν
1613 1222 1861 1300 ὑπεξάγει
1919 1225 2014 1277 τοῦ

371 1312 517 1388 βίου,
548 1313 647 1379 τήν
682 1306 857 1388 φλέϐα
886 1312 1119 1384 τμηθεὶς
1145 1319 1244 1381 τῆς
1277 1314 1466 1389 χειρὸς
1501 1313 1603 1368 ὑπό
1633 1333 1778 1373 τινος
1802 1311 2012 1384 ἰατροῦ,

372 1401 571 1480 μέχρις
604 1399 667 1456 οῦ
701 1399 1126 1479 λειποψυχήσας
1159 1400 1439 1466 ἀπέθανεν.

436 1488 786 1566 Λῦρηλιανὸς
844 1485 1186 1545 ἐϐασίλευσεν
1232 1485 1325 1562 ἔτη
1376 1493 1438 1560 ς’,
1501 1489 1758 1566 ἀνῃρέθη
1795 1487 1853 1544 δὲ
1911 1488 2015 1544 ὖπὸ

369 1584 714 1654 στρατιωτῶν
747 1579 940 1652 μεταξὺ
971 1579 1291 1655 Ἡρακλείας
1318 1581 1408 1636 κύὶ
1468 1581 1782 1650 Βυζαντίου,
1831 1577 1884 1633 ἐν
1935 1583 2015 1651 τῷ

367 1667 692 1742 καλουμένῳ
724 1673 907 1740 Καινῷ
937 1669 1204 1746 φρουρίῳ,
1238 1669 1370 1745 ὅπερ
1403 1669 1694 1748 ἐγχωρίως
1728 1665 2013 1746 Κενοφλώς

372 1779 485 1835 ριον
510 1756 752 1836 λέγεται.
789 1758 921 1834 Εἶχε
949 1759 1048 1833 γὰρ
1080 1758 1428 1827 ώτακουστὴν
1485 1757 1826 1834 Αὒρηλιανός
1876 1778 2014 1829 τινα,

2125 593 2561 649 comburerent.
2588 594 2699 648 Sed
2721 595 2794 649 ab
2818 595 2930 651 hoc
2952 613 3052 652 eos
3075 598 3325 653 consilio
3357 599 3598 670 quidam
3629 601 3773 656 reli-

2123 684 2255 754 quis
2321 683 2494 754 longe
2562 683 2912 755 prudentior
2969 686 3240 754 detraxit,
3311 688 3472 759 quod
3545 689 3771 746 diceret

2123 774 2419 828 Romanos
2451 773 2617 827 libris
2649 772 2880 829 deditos
2910 774 3184 830 bellicam
3215 793 3340 832 rem
3371 778 3764 851 neglecturos.

2124 863 2385 916 Mortuus
2416 867 2525 930 est,
2562 879 2903 919 successore
2930 865 3246 921 Aureliano
3295 867 3406 922 sibi
3439 868 3764 943 designato.

2193 1043 2596 1110 Quintilianus
2627 1043 2854 1098 Claudii
2885 1044 3068 1100 frater
3099 1045 3413 1117 imperium
3447 1048 3573 1104 dies
3601 1052 3634 1103 7
3679 1054 3767 1105 te-

2122 1135 2272 1190 nuit.
2302 1133 2575 1199 Qui.cum
2595 1132 2829 1189 audiret
2852 1134 3238 1190 Aurelianum
3262 1136 3335 1191 ad
3357 1140 3766 1210 occupandum

2121 1223 2438 1295 imperium
2472 1223 2810 1291 adventare,
2845 1238 2905 1278 se
2937 1224 3133 1295 ipsum
3163 1225 3280 1280 vita
3322 1227 3588 1297 privavit,
3620 1245 3769 1284 vena

2121 1311 2346 1367 brachii
2388 1328 2422 1367 a
2453 1311 2684 1366 medico
2719 1312 2902 1367 secari
2930 1312 3120 1383 jussa,
3147 1330 3341 1385 neque
3366 1315 3618 1372 inhibito
3638 1333 3769 1372 san-

2121 1403 2318 1474 guine,
2353 1407 2418 1456 ut
2445 1417 2515 1456 ex
2544 1401 2726 1455 animi
2757 1401 3023 1473 doliquio
3056 1409 3409 1461 moreretur.

2194 1492 2342 1548 455
2371 1490 2720 1545 Aurellanus
2742 1490 3054 1562 imperavit
3075 1508 3263 1548 annos
3286 1495 3665 1550 sex.Necatus
3681 1500 3769 1550 est

2121 1595 2157 1634 a
2188 1579 2477 1634 militibus
2507 1578 2662 1633 inter
2692 1578 3029 1634 Heracleam
3067 1585 3126 1634 et
3155 1582 3518 1652 Byzantium,
3544 1584 3605 1638 in
3637 1583 3766 1640 loco

2123 1669 2222 1741 qui
2249 1670 2468 1723 Novum
2494 1672 2773 1734 castrum,
2790 1667 3055 1739 ipsorum
3079 1668 3280 1743 lingua
3301 1672 3767 1744 Kenophlorium

2124 1753 2358 1813 dicitur.
2389 1757 2652 1812 Habebat
2682 1758 3035 1813 Aurelianus
3064 1761 3526 1818 auscultatorem
3558 1779 3767 1834 quem-

369 1849 426 1908 δς
459 1847 707 1925 ἀνέφερεν
755 1847 900 1920 αὐτῷ
958 1849 1131 1902 πάντα
1168 1849 1234 1903 τὰ
1275 1850 1534 1924 γινόμενα
1575 1849 1663 1903 καὶ
1722 1847 2011 1925 λεγόμενα.

2126 1846 2280 1917 dam,
2306 1847 2630 1918 quiomnia
2646 1847 2718 1902 ad
2736 1849 2931 1919 ipsum
2961 1848 3266 1905 deferebat
3285 1868 3416 1922 quaa
3441 1853 3767 1910 ﬁerentaut

369 1935 713 2007 Ἀπειληθεῖς
747 1935 836 1991 οὖν
871 1958 1002 1992 ποτε
1031 1939 1160 2010 παρ’
1199 1937 1361 1993 αὐτοῦ
1411 1935 1501 1992 διά
1536 1959 1658 1993 τινα
1704 1937 1879 1992 αἰτίαν
1918 1939 2006 1993 καὶ

365 2024 628 2104 φοϐηθεὶς
672 2025 984 2100 ἐμιμήσατο
1043 2029 1140 2096 τήν
1201 2033 1363 2106 χεῖρα
1416 2032 1512 2082 τοῦ
1574 2024 1862 2103 βασιλέως,
1921 2027 2010 2080 καὶ

367 2115 649 2195 ἐγγράφως
710 2115 1085 2189 ποιησαμένου
1131 2116 1424 2191 ὀνομασίας
1483 2115 1754 2172 δυναστῶν
1807 2117 1881 2178 ὡς
1922 2115 2009 2170 ἐπὶ

367 2203 592 2260 θάνατον
650 2203 1070 2280 ἀχθησομένων,
1156 2207 1306 2261 οὗτοι
1391 2201 1717 2284 φοϐηθέντες
1793 2205 2008 2261 ἀνεῖλον

367 2294 547 2352 αῦτόν.
612 2297 736 2352 Ἐπῖ
796 2296 989 2351 τούτου
1051 2298 1078 2352 6
1135 2297 1285 2373 ἂγιος
1345 2297 1592 2372 Χαρίτων
1659 2297 2009 2372 ὡμολόγησε,

364 2387 451 2442 καὶ
489 2383 710 2448 Παῦλος
769 2387 796 2439 6
856 2385 1204 2458 Σαμοσατεὺς
1261 2392 1357 2442 τοῦ
1417 2383 1608 2460 θρόνου
1667 2385 2010 2465 Ἀντιοχείας

363 2477 719 2549 καθαιρεῖται.
755 2476 875 2551 Ἐφ’
915 2475 974 2530 οῦ
1034 2476 1220 2546 Μάνης
1281 2477 1306 2530 6
1373 2477 1566 2552 μιαρὸς
1626 2475 1715 2531 καὶ
1756 2496 2012 2550 τρισκατ-

364 2564 562 2639 άρατος
619 2564 840 2642 ἀνειρύη,
900 2565 1125 2638 Χριστὸν
1193 2566 1377 2621 ἑαυτὸν
1433 2567 1524 2620 καὶ
1584 2569 1798 2639 Ηνεῦμα
1857 2567 2012 2642 ἅγιον

366 2653 808 2733 μορφαζὸμενος,
840 2655 925 2708 καὶ
980 2654 1037 2709 ἐκ
1093 2657 1269 2726 πάσης
1323 2655 1576 2732 αίρέσεως
1638 2654 1691 2710 εἷ’
1737 2677 1786 2710 τι
1846 2658 2010 2712 κακὸν

361 2743 776 2820 ἐρανιζόμενος,
837 2743 896 2799 ἐκ
954 2743 1216 2821 Περσίδος
1264 2745 1341 2809 είς
1397 2749 1498 2816 τὴν
1554 2747 1844 2820 Ῥωμαίων
1909 2754 2012 2822 γῆν

360 2834 497 2889 κατᾶ
528 2837 666 2889 Θεοῦ
700 2837 1053 2912 συγχώρησιν
1088 2833 1425 2910 εἷσέιρρησεν.

431 3015 609 3074 Οὗτος
640 3011 734 3067 οὖν
778 3013 806 3066 6
842 3024 1102 3085 μεμηνώς
1131 3013 1345 3083 Μάνης,
1378 3014 1404 3067 ὁ
1436 3014 1524 3068 καὶ
1578 3015 1870 3077 Σκυθιανὸς
1923 3013 2016 3069 λε-

365 3103 614 3177 γόμενος,
675 3102 1015 3178 Βραχμάνης
1065 3101 1131 3170 ἦν
1192 3103 1253 3155 τὸ
1311 3103 1486 3175 γένος,
1567 3100 1890 3158 διδάσκαλον
1959 3101 2016 3158 δὲ

375 3193 501 3265 ἔσχε
531 3189 732 3247 Βοῦδαν
763 3193 853 3246 τὸν
904 3193 1098 3265 πρώην
1156 3191 1494 3264 καλούμενον
1557 3188 1905 3268 Τερέϐινθον,
1955 3193 2014 3256 6';

379 3277 676 3344 παιδευθεὶς
719 3282 824 3336 ῦπὸ
885 3282 1181 3336 Σκυθιανοῦ
1239 3283 1304 3336 τά
1359 3280 1636 3351 Ἑλλήνων
1699 3280 2016 3355 δοξάζοντος

380 3371 481 3437 τὴν
547 3368 973 3443 Ἐμπεδοκλέους
1025 3372 1308 3444 ἠγάπησεν
1393 3371 1621 3446 αἳρεσιν,
1681 3369 1776 3426 δύο
1833 3373 2008 3447 ἀρχάς

379 3456 637 3534 λὲγοντος
669 3460 1034 3534 ἀντικειμένας
1064 3458 1366 3530 ἀλλήλαις,
1401 3459 1656 3525 εἰσελθὼν
1692 3457 1748 3516 δὲ
1787 3460 1839 3516 ἐν
1876 3465 2016 3536 Περ·

373 3545 484 3602 σίδι
515 3547 574 3603 ἐκ
611 3550 876 3623 παρθένου
935 3549 1119 3604 ἑαυτὸν
1176 3544 1372 3624 ἔφασκε
1427 3553 1775 3626 γεγεννῆσθαι
1827 3551 1917 3606 καὶ
1961 3549 2013 3605 ἐν

366 3643 485 3700 τοῖς
517 3637 694 3712 ὄρεσιν
733 3639 1124 3718 ἀνατραφῆναι.
1170 3637 1274 3694 Καί
1324 3641 1772 3716 συγγραψάμενος
1826 3635 2016 3715 βιϐλία

364 3723 596 3804 τέσσαρα
625 3729 688 3783 τὸ
719 3730 812 3800 μὲν
838 3728 1157 3800 ἐπωνόμασε
1188 3732 1295 3784 τῶν
1334 3728 1673 3803 μυστηρίων,
1729 3728 1792 3784 τὸ
1843 3727 1899 3783 δέ
1953 3729 2016 3783 τὸ

363 3815 731 3894 Εὖαγγέλιον,
762 3819 824 3872 τὸ
857 3815 914 3872 δὲ
943 3822 1047 3872 τῶν
1104 3822 1423 3894 Θησαυρῶν,
1472 3818 1534 3872 τὸ
1575 3816 1632 3872 δὲ
1677 3821 1785 3872 τῶν
1846 3824 2015 3895 Κεφαο

365 3906 557 3963 λαίων.
622 3909 725 3965 Καὶ
782 3909 810 3963 6
872 3910 964 3982 μὲν
1023 3905 1233 3970 Βο·58ας
1293 3910 1321 3962 6
1375 3908 1463 3962 καὶ
1539 3903 1852 3983 Τερέϐινθος
1913 3909 2015 3963 ὑπὸ

363 3995 672 4069 πνεύματος
711 3996 1016 4071 ἀκαθάρτου
1075 3992 1376 4070 συντριϐεὶς
1427 3994 1706 4064 ἀπώλετο,
1761 3997 1897 4071 γυνὴ
1958 3993 2014 4050 δέ

360 4106 450 4148 τις
490 4086 618 4159 παρ’
645 4084 682 4159 ᾖ
711 4084 974 4140 κατέλυσε
1024 4084 1112 4139 καὶ
1160 4083 1444 4154 κατετέθη,
1500 4086 1566 4139 τὰ
1607 4086 1871 4160 χρήματα
1925 4089 2016 4143 καὶ

359 4174 460 4234 τὰς
495 4170 769 4250 βεϐήλους
815 4169 1041 4250 βίϐλους
1068 4175 1536 4247 κληρονομήσασα
1567 4176 1650 4249 [Ρ.
1684 4177 1810 4248 260]
1864 4175 2015 4228 ὠνεῖ-

360 4283 454 4317 ται
483 4260 773 4338 παιδάριον
805 4261 939 4318 ἐτῶν
964 4263 1096 4318 ἑπτὰ
1151 4259 1394 4335 τοῦνομα
1446 4258 1766 4338 Κούϐρικον,
1818 4261 1876 4317 δν
1926 4261 2016 4317 καὶ

364 4348 624 4422 διδάξασα
683 4351 1002 4425 γράμματα,
1059 4351 1148 4404 καὶ
1199 4348 1606 4422 ἐλευθερώσασα
1663 4347 2014 4424 κληρονόμον

361 4446 472 4497 τῶν
534 4442 726 4510 ἑαυτῆς
783 4441 996 4496 πάντων
1059 4440 1397 4510 καθίστησιν.
1457 4440 1518 4496 Ὀ
1595 4436 1651 4493 δὲ
1709 4433 1895 4493 λαϐὼν
1950 4438 2017 4492 τὰ

367 4525 557 4607 βιϐλία
590 4533 686 4584 τοῦ
717 4527 898 4585 Βούδα
927 4528 1016 4583 καὶ
1058 4529 1123 4584 τά
1155 4529 1420 4603 χρήματα
1460 4525 1726 4606 διήρχετο
1753 4528 1851 4596 τὴν
1891 4533 2018 4601 Περ-

2118 1937 2476 1992 dicerentur.
2509 1939 2562 1990 Is
2595 1936 2706 1992 sibi
2737 1941 3009 1993 metuens
3039 1939 3111 1994 ab
3143 1940 3521 2011 imperatore,
3560 1944 3761 1998 nescio

2118 2043 2234 2100 qua
2264 2027 2336 2082 de
2367 2041 2544 2082 causa
2576 2026 2754 2081 mlnis
2780 2026 2851 2081 ab
2885 2043 2952 2082 eo
2985 2027 3093 2082 sibi
3155 2029 3483 2096 intentatis,
3517 2048 3762 2089 manum

2118 2117 2248 2188 ejus
2280 2116 2543 2171 imitatus
2575 2115 2853 2171 schedam
2885 2117 3259 2189 conscripsit,
3313 2135 3430 2190 qua
3473 2120 3762 2192 primores

2118 2206 2249 2262 neci
2273 2205 2754 2261 destinarentur:
2789 2222 2856 2260 ac
2885 2206 3176 2278 primores
3198 2207 3561 2278 illalecta,ut
3592 2227 3764 2267 suum

2118 2298 2450 2370 periculum
2476 2297 3250 2369 effugerentdmperatorem
3267 2299 3628 2356 occiderunt.
3647 2302 3764 2358 Sub

2118 2388 2230 2443 hoc
2253 2387 2460 2442 beatus
2493 2387 2775 2441 Chariton
2806 2387 3110 2441 confessus
3138 2392 3246 2455 est,
3298 2389 3634 2461 Paulusque
3664 2391 3767 2446 Sa-

2119 2481 2466 2534 mosatenus
2497 2476 2845 2547 episcopatu
2874 2475 3237 2532 Antiocheno
3256 2477 3768 2550 dejectus.Eodem

2119 2568 2448 2639 imperante
2488 2567 2758 2638 impurus
2789 2565 2891 2620 ille
2923 2571 2980 2620 et
3009 2565 3379 2623 detestabilis
3428 2569 3628 2624 Manes
3668 2585 3768 2625 ex-

2121 2657 2292 2724 stitit,
2328 2655 2428 2727 qui
2469 2655 2580 2710 sibi
2613 2655 2828 2711 Christi
2867 2660 2926 2710 et
2968 2655 3212 2727 spiritus
3261 2657 3450 2712 sancti
3511 2659 3770 2731 speciem

2119 2743 2408 2808 sumebat,
2445 2749 2624 2814 atque
2648 2761 2717 2798 ex
2739 2742 3067 2798 hasresibus
3081 2744 3358 2799 omnibus
3381 2745 3521 2800 mali
3542 2745 3772 2818 aliquid

2119 2832 2439 2888 corradens
2470 2833 2571 2886 Dei
2603 2832 2900 2904 permissu
2923 2847 2994 2886 ex
3013 2832 3254 2888 Perside
3277 2833 3337 2888 in
3367 2835 3770 2892 Romanorum

2121 2922 2409 2977 ditionem
2438 2921 2694 2991 irrepsit.

2192 3013 2390 3064 Manes
2409 3009 2508 3062 ille
2527 3025 2797 3077 vesanus,
2827 3009 2928 3081 qui
2962 3013 3020 3063 et
3048 3009 3399 3080 Scythianus
3428 3012 3772 3084 appellaba-

2121 3104 2239 3166 tur,
2275 3099 2602 3154 Brachman
2635 3103 2760 3153 erat
2789 3099 3050 3154 natione.
3087 3099 3514 3172 Praeceptorem
3573 3107 3772 3158 autem

2125 3189 2336 3244 habuit
2365 3188 2609 3256 Budam,
2641 3188 2742 3258 qui
2772 3188 2914 3243 olim
2942 3188 3280 3244 Terebinthi
3314 3206 3534 3247 nomen
3563 3208 3763 3264 gesse-

2044 3249 2088 3316 δ
2127 3285 2256 3333 rat:
2289 3278 2385 3332 hic
2417 3249 2984 3349 Graecasbpiniones
3016 3278 3344 3350 amplexus,
3398 3249 3772 3352 Empedoclis

2120 3367 2359 3422 decreta
2391 3371 2650 3422 sectatus
2681 3373 2788 3432 est,
2825 3367 2922 3438 qui
2978 3367 3094 3423 duo
3144 3369 3440 3424 contraria
3479 3371 3774 3443 principia

2121 3461 2427 3512 statuerat-
2463 3457 2523 3511 ln
2580 3456 2883 3512 Persidem
2936 3457 3127 3513 Budas
3182 3474 3317 3514 cum
3369 3460 3650 3528 venisset,
3699 3459 3772 3516 de

2121 3547 2346 3618 virgine
2379 3563 2441 3601 se
2468 3550 2675 3600 natum
2707 3550 2767 3600 et
2795 3546 2857 3601 in
2896 3547 3202 3602 montibus
3253 3547 3568 3605 educatum
3600 3549 3770 3608 dixit.

2122 3636 2365 3708 Scripsit
2383 3637 2573 3692 libros
2596 3640 2885 3706 quatuor;
2911 3652 3165 3707 quorum
3186 3637 3344 3693 tituli
3376 3643 3513 3693 sunt
3544 3638 3616 3693 de
3644 3656 3773 3711 my—

2123 3725 3707 3798 steriis,Evangelium,Thesaurorum,Capitum.Atque
3722 3728 3771 3782 is

2123 3815 2364 3886 quidem
2394 3815 2586 3870 Budas
2616 3813 3006 3868 Terebintlius
3038 3814 3110 3868 ab
3142 3814 3373 3886 impuro
3411 3816 3585 3887 genio
3617 3816 3772 3871 456

2123 3905 2412 3962 contritus
2445 3905 2641 3976 periit.
2676 3903 2883 3957 Mulier
2912 3908 3109 3958 autem
3141 3904 3435 3975 quasdam,
3459 3905 3628 3978 cujus
3643 3911 3769 3960 ute-

2121 3995 2296 4050 batur
2316 3994 2596 4064 hospitio,
2623 3992 2850 4064 etapud
2865 4009 3042 4063 quam
3059 4009 3164 4048 sua
3174 3993 3526 4066 deponebat,
3556 3995 3772 4068 impios

2124 4085 2268 4138 istos
2288 4083 2470 4138 libros
2488 4082 2865 4137 haareditario
2881 4089 3198 4138 consecuta
3213 4085 3526 4154 puerulum
3541 4089 3770 4156 septen-

2123 4189 2260 4229 nem
2281 4171 2446 4239 emit,
2477 4171 2720 4226 nomine
2743 4169 3079 4236 Cubricum,
3103 4188 3279 4242 quem
3299 4171 3527 4228 litteras
3549 4173 3770 4243 docuit,

2120 4263 2576 4330 libertatemque
2591 4260 2873 4314 donatum
2889 4259 3156 4314 heredem
3167 4260 3411 4316 omnium
3429 4277 3663 4316 suarum
3677 4279 3771 4316 re-

2125 4366 2256 4405 rum
2286 4348 2543 4404 instituit
2596 4349 2651 4402 Is
2683 4363 2819 4420 ergo
2851 4346 3132 4402 Cubricus
3161 4347 3346 4403 libros
3387 4349 3562 4404 Budaa
3594 4366 3768 4423 pecu-

2124 4440 2405 4510 niamque
2429 4442 2637 4492 nactus
2659 4435 2962 4492 Persidem
2985 4437 3625 4509 peragravit,Manetem
3642 4456 3770 4494 sese

2123 4527 2444 4582 nominans
2474 4542 2540 4581 ac
2572 4525 2747 4580 Budze
2771 4541 3034 4580 errorem
3058 4541 3362 4598 spargens,
3387 4526 3570 4582 libros
3589 4529 3717 4599 ejus
3738 4544 3772 4584 a

364 4616 511 4687 σίδα,
543 4616 729 4688 Μάνην
761 4619 945 4672 ἑαυτὸν
1008 4617 1286 4689 ὀνομάζων
1343 4618 1433 4671 καὶ
1491 4623 1589 4686 τῆς
1653 4614 1863 4686 πλάνης
1918 4620 2013 4671 τοῦ

2126 4634 2186 4672 se
2219 4616 2552 4671 elaboratos
2577 4614 2858 4686 jactabat.
2904 4617 3069 4670 Hunc
3099 4632 3202 4670 rex
3232 4618 3546 4672 Persarum
3577 4618 3770 4674 vivum

365 4704 551 4766 Βουδα
583 4705 845 4781 συνίστωρ
897 4707 1205 4781 γενόμενος,
1237 4707 1324 4760 καὶ
1374 4705 1440 4760 τὰ
1486 4701 1678 4781 βιϐλία
1723 4708 2018 4778 πονήματα

364 4794 478 4852 ἴδια
511 4794 697 4872 ἔλεγεν
750 4796 910 4852 εἶναι.
965 4797 1061 4852 Ὃν
1119 4795 1146 4848 6
1209 4794 1466 4870 βασιλεὺς
1514 4799 1734 4870 Περσῶν
1793 4793 2019 4871 ἐξέδειρε

368 4893 542 4957 ζῶντα
571 4887 645 4948 ὡς
697 4885 926 4940 θανάτου
985 4882 1277 4959 γενόμενον
1329 4888 1408 4952 τῷ
1462 4885 1564 4956 υἱῷ
1621 4883 1786 4939 αὐτοῦ
1833 4885 2020 4958 πρόξε-

363 4997 475 5031 νον.
508 4981 606 5030 τοῦ
637 4974 741 5050 γάρ
774 4972 1061 5051 βασιλικοῦ
1095 4971 1288 5035 παιδὸς
1322 4976 1609 5035 νοσοῦντος
1657 4973 1746 5027 καὶ
1796 4971 2015 5042 πολλῆς

366 5065 616 5142 ἰατρικῆς
710 5061 1025 5136 ἐπιμελείας
1140 5059 1539 5132 ἀπολαύοντος,
1651 5059 2015 5137 ἐπηγγείλατο

361 5158 556 5228 Μάνης
597 5154 776 5231 χωρὶς
831 5153 1070 5228 ἰατρείας
1132 5153 1426 5222 ἀναστῆσαι
1481 5157 1696 5223 τοῦτον,
1741 5153 1830 5208 καὶ
1873 5151 2012 5209 οὕτω

364 5246 491 5308 τοὺς
521 5244 741 5320 ἱατροῦς
799 5245 1112 5314 ἀποστήσας
1167 5241 1464 5306 ἐθανάτωσε
1517 5243 1610 5297 τὸν
1665 5240 1832 5297 παῖδα
1891 5244 2018 5316 ἆμε-

365 5336 486 5407 λείᾳ
517 5335 607 5391 καὶ
636 5332 1016 5406 τερατολογίᾳ,
1074 5331 1163 5386 καὶ
1225 5332 1352 5406 ὑπὲρ
1409 5333 1604 5386 τούτου
1658 5332 1848 5406 μισθὸν
1917 5331 2007 5386 ἐπ·

365 5427 512 5496 ἀξιον
546 5425 772 5485 εἷκότως
800 5422 1082 5496 κομίζεται
1143 5423 1242 5491 τήν
1284 5418 1507 5494 ἐκδορᾶν
1567 5425 1662 5475 τοῦ
1713 5418 2014 5476 παναθλίου

369 5516 537 5571 αὐτοῦ
572 5515 847 5588 σώματος.
883 5514 943 5569 Ὀ
974 5511 1148 5567 τοίνυν
1200 5505 1569 5584 ἐμϐρόντητὸς
1621 5510 1778 5572 οὗτος
1831 5511 2013 5576 Μάνης

371 5598 830 5674 ἆποϐαλλόμενος
861 5601 958 5669 τὴν
990 5598 1232 5655 Παλαιὰν
1265 5601 1558 5669 Διαθήκην,
1609 5598 1698 5654 καὶ
1746 5601 1846 5668 τήν
1896 5602 2016 5655 κτί-

373 5714 457 5748 σιν
489 5697 661 5748 πᾶσαν
720 5691 812 5746 καὶ
865 5691 964 5760 τήν
1016 5694 1114 5745 τοῦ
1174 5688 1460 5766 ἀνθρώπου
1517 5689 1854 5758 κατασκευὴν
1917 5691 2018 5745 οὐκ

2131 4706 2416 4762 excoriari
2443 4705 2644 4776 jussit,
2687 4704 2844 4776 quod
2869 4704 2988 4759 ﬁlio
3021 4705 3148 4777 ejus
3178 4711 3430 4762 mortem
3453 4708 3767 4764 attulisset.

2127 4797 2271 4850 Cum
2306 4796 2463 4850 enim
2488 4795 2640 4868 regis
2676 4795 2833 4850 ﬁlius
2853 4800 3166 4868 aegrotaret
3185 4802 3243 4850 et
3263 4813 3296 4851 a
3315 4797 3561 4854 medicis
3582 4799 3774 4854 multa

2127 4885 2422 4940 industria
2450 4888 2776 4952 curaretur,
2810 4886 3007 4939 Manes
3041 4884 3340 4956 pollicitus
3385 4892 3474 4941 est
3520 4904 3581 4942 se
3635 4904 3769 4942 eum

2127 4975 2366 5030 sanitati
2389 4973 2610 5045 absque
2635 4973 2933 5028 medicina
2953 4973 3386 5042 restituturum,
3409 4975 3607 5046 itaque
3633 4975 3768 5030 sub-

2125 5063 2303 5118 motis
2317 5061 2565 5118 medicis
2590 5061 2821 5115 incuria
2843 5066 2900 5115 et
2917 5061 3090 5132 nugis
3109 5060 3230 5115 suis
3251 5076 3501 5133 puerum
3515 5063 3763 5119 necavit.

2125 5151 2383 5223 Ideoque
2415 5151 2653 5222 dignam
2686 5148 3025 5204 mercedem
3055 5149 3212 5220 tulit,
3256 5149 3520 5205 detracta
3547 5151 3767 5208 misero

2126 5242 2356 5313 corpori
2388 5245 2542 5295 cute.
2600 5239 2907 5293 Enimvero
2957 5254 3158 5294 vecors
3212 5238 3313 5293 ille
3358 5240 3556 5295 Manes
3604 5247 3769 5299 vetus

2126 5331 2543 5386 testamenium
2574 5327 2868 5400 repudiat,
2894 5327 3220 5398 mundique
3243 5332 3301 5383 et
3329 5328 3592 5386 hominis
3613 5349 3773 5389 crea-

2125 5420 2347 5474 tionem
2376 5419 2555 5489 impie
2583 5417 3002 5484 calumniatur,
3022 5433 3055 5471 a
3072 5418 3189 5472 Deo
3213 5434 3333 5473 non
3358 5417 3514 5475 bono
3532 5421 3768 5494 factam,

2127 5509 2284 5580 quod
2317 5507 2582 5563 interitui
2632 5508 2708 5563 sit
2748 5513 2807 5562 et
2858 5507 3170 5562 mutationi
3221 5509 3494 5567 obnoxia.
3545 5513 3769 5569 Novum

2124 5603 2329 5670 utpote
2358 5596 2498 5652 boni
2531 5597 2630 5651 Dei
2663 5595 2945 5652 admittit.
2986 5594 3283 5667 Christum
3326 5615 3443 5653 non
3498 5617 3560 5656 re
3611 5618 3766 5670 vera,

2129 5689 2234 5746 sed
2265 5687 2646 5761 opinantibus
2677 5691 2908 5743 tantum
2940 5685 3283 5745 hominibus
3308 5690 3675 5762 apparuisse,
3699 5707 3766 5747 ac
