4118 6276
383 367 502 426 499
577 378 579 380 ’

1743 363 2069 423 GEORGII
2113 364 2447 424 CEDRENI

3677 363 3802 424 500

387 504 684 574 spectrum
697 497 881 553 fuisse
893 495 1261 552 aflirmat.Ad
1275 496 1400 552 hae‘c
1415 495 1732 552 sceleratas
1747 495 2034 568 quasdam

2164 495 2352 572 ίγαθοῦ
2379 519 2523 561 τινος
2581 501 2716 554 Θεοῦ
2773 498 3051 576 γεγονεναι
3103 496 3474 578 βλασφημῶν,
3516 495 3622 551 ὗπὸ
3673 487 3816 566 φθο-

391 588 836 649 occultationes,
856 591 1149 640 nocturna
1163 602 1329 640 sacra
1344 591 1400 638 et
1422 585 1662 639 illicitos
1687 585 2037 640 concubitus

393 686 568 751 atque
600 676 843 732 infanda
873 675 1093 747 ﬂagitia
1133 675 1450 746 usurpavit.
1490 677 1714 741 Fatum,
1747 675 2043 747 migratio.

395 787 504 826 nes
533 767 872 823 animarum
903 766 964 818 in
997 764 1114 819 alia
1143 780 1412 835 corpora,
1442 763 1746 834 multaque
1779 765 1893 820 alia
1917 781 2047 835 pro-

394 859 587 914 fessus
611 862 716 921 est,
742 856 1188 923 Grmcorunaque
1216 870 1418 924 pravas
1443 859 1499 908 et
1522 871 1699 908 vanas
1731 855 2044 924 opiniones

395 947 549 1003 tueri
580 947 699 999 Deo
731 943 1012 997 adversus
1044 941 1383 1012 invisusque
1410 943 1508 996 ille
1541 944 1688 998 457
1718 942 1938 997 docuit.
1965 945 2042 998 De

398 1053 466 1093 eo
501 1036 585 1089 sic
616 1031 956 1087 Theodorus
992 1031 1327 1086 Raithensis
1359 1032 1682 1103 presbyter.
1719 1034 1936 1101 Manes,
1961 1033 2048 1087 in-

397 1125 551 1198 quit,
587 1123 972 1177 tenebrarum
1004 1120 1120 1175 luci
1153 1121 1534 1175 adversarum
1587 1121 1875 1186 inventor,
1927 1123 2046 1176 imo

402 1216 754 1288 ﬁgmentum
788 1211 1098 1283 potestatis
1133 1210 1528 1272 tenebrarum.
1565 1211 1922 1283 imaginatus
1964 1216 2052 1268 est

405 1310 581 1373 atque
615 1300 931 1356 somniavit
961 1299 1258 1354 Christum
1293 1299 1453 1354 nudo
1486 1301 1804 1355 simulacro
1837 1307 1894 1354 et
1925 1319 2052 1372 spe-

405 1393 494 1448 cie
527 1393 789 1446 humana
821 1390 1083 1461 corporis
1111 1405 1294 1444 vacua
1337 1390 1703 1460 apparuisse,
1742 1391 2048 1461 visumque

401 1481 580 1538 modo
615 1497 682 1536 ea
714 1495 884 1552 agere
915 1484 1158 1550 propter
1179 1497 1287 1533 nos
1308 1484 1484 1548 atque
1507 1480 1651 1550 pati,
1679 1497 1812 1551 quas
1833 1481 2051 1551 scripta

403 1576 562 1637 sunt,
597 1585 731 1625 cum
763 1585 964 1624 revera
994 1567 1142 1622 nihil
1175 1584 1379 1622 eorum
1407 1569 1596 1636 ﬁeret,
1630 1569 1730 1624 sed
1773 1569 1821 1624 is
1854 1570 2049 1640 impo-

408 1667 572 1718 stura
603 1666 780 1730 atque
811 1657 1093 1728 opinione
1125 1657 1392 1712 homines
1431 1657 1697 1724 lactaret,
1731 1658 1886 1713 inter
1906 1676 2053 1730 quos

407 1749 629 1806 versari
660 1753 898 1820 putatus
930 1748 1022 1801 sit.
1055 1748 1135 1801 Ea
1165 1746 1237 1801 de
1270 1762 1447 1801 causa
1479 1746 1626 1802 duas
1646 1747 1861 1802 Christi
1891 1753 2056 1803 natu-

409 1858 507 1897 ras
544 1844 738 1912 negat,
773 1838 959 1894 solam
992 1837 1045 1892 ei
1077 1837 1357 1892 deitatem
1389 1837 1743 1892 concedens.

3572 591 3595 601 ε-
3647 583 3708 603 ἢν

2148 586 2240 660 ρᾶν
2269 588 2355 641 xui
2392 586 2690 643 ἀλλοίωσιν
2725 589 2910 656 οὖσαν,
2950 589 3050 656 τὴν
3083 589 3216 642 Νέαν
3275 589 3348 649 ὡς
3389 587 3600 656 ἀγαθοῦ
3643 586 3809 655 δῆθεν

2145 675 2428 750 προσίεται
2488 683 2645 745 Θεοῦ,
2705 678 2793 732 xui
2851 679 2990 732 κατὰ
3048 678 3346 757 φαντασίαν
3422 676 3514 731 καὶ
3575 673 3809 746 δόκησιν

2145 765 2236 821 τὸν
2270 767 2501 842 Χριστὸν
2557 766 2848 844 πεφυκέναι
2903 767 3264 842 τερατεύεται.
3324 769 3421 821 Καὶ
3479 767 3620 839 πρὸς
3677 766 3813 821 τού-

2146 876 2263 920 τοις
2291 854 2613 920 καταδύσεις
2670 860 2816 918 τινὰς
2877 855 3085 933 ἐναγεῖς
3142 855 3230 910 καὶ
3287 856 3601 930 νυκτερινὰς
3651 852 3812 909 τελε⁴

2146 946 2242 1009 τὰς
2282 946 2372 1000 καὶ
2428 947 2783 1022 παρανόμους
2841 943 3201 1016 ἐπιτηδεύσας
3258 944 3430 1020 μίξεις
3485 943 3575 998 καὶ
3635 942 3812 1020 ἆρῥηε

2148 1035 2419 1104 τοποιίας,
2478 1035 2568 1090 καὶ
2657 1032 3018 1112 εἷρμαρμένας
3101 1034 3191 1089 καὶ

2148 1126 2238 1180 καὶ
2290 1124 2435 1181 ἄλλα
2495 1126 2723 1182 πλείονα
2777 1125 3097 1205 φλυαρήσεις
3155 1126 3248 1180 καὶ
3308 1121 3525 1194 διδάξας
3576 1124 3642 1178 τά
3695 1129 3803 1178 τῶν

2152 1213 2436 1285 Ἐλλήνων
2493 1215 2710 1289 πονηρά
2765 1216 2852 1269 καὶ
2918 1216 3118 1288 μάταια
3203 1213 3451 1288 δόγματα
3524 1212 3804 1288 κρατύνειν

2153 1303 2480 1360 ἐσπούδακεν
2514 1307 2540 1360 ὁ
2574 1306 2839 1377 θεομισὴς
2870 1305 2960 1359 καὶ
3017 1304 3305 1374 θεήλατος.
3364 1303 3493 1378 Ηερῖ
3551 1303 3616 1356 οὗ
3673 1322 3812 1380 φησι

2153 1393 2242 1449 καὶ
2275 1392 2556 1469 Θεόδωρος
2612 1389 2978 1470 πρεσϐύτερος
3035 1396 3062 1449 ὁ
3109 1400 3208 1463 τῆς
3259 1395 3497 1450 Ῥαϊθοῦ·
3550 1393 3749 1461 Μάνης
3785 1393 3817 1448 ὁ

2153 1487 2250 1538 τοῦ
2306 1482 2584 1547 ἀντιθετου
2651 1484 2876 1545 σκότους
2935 1482 3256 1562 ἐφευρετὴς,
3320 1480 3531 1554 μᾶλλον
3606 1478 3662 1535 δὲ
3715 1487 3820 1549 τῆς

2158 1569 2400 1641 ἐξουσίας
2454 1575 2550 1626 τοῦ
2609 1571 2834 1634 σκότους
2914 1571 3265 1644 ἀνάπλασμα,
3348 1570 3612 1650 φαντασίᾳ
3671 1567 3818 1643 ψιλῇ

2157 1659 2249 1715 καὶ
2283 1662 2529 1734 σχήματι
2585 1658 2810 1734 διακένῳ
2868 1661 3122 1733 σώματος
3179 1659 3515 1736 ἀνθρωπείου
3573 1678 3816 1736 πεφανε-

2163 1753 2367 1823 ρῶσθαι
2405 1750 2496 1804 τὸν
2543 1748 2746 1824 Κύριον
2804 1748 3110 1828 ἐφαντάσθη
3171 1747 3260 1803 καὶ
3312 1747 3633 1822 ὠνείρωξεν,
3675 1744 3824 1801 ὥστε

2165 1839 2296 1918 φησὶ
2361 1839 2451 1893 καὶ
2511 1839 2742 1914 πάσχειν
2803 1840 2896 1912 μέν
2959 1836 3134 1894 δοκεῖν
3188 1837 3346 1892 αὐτὸν
3405 1837 3496 1892 καὶ
3554 1837 3823 1912 πράττειν

3283 1054 3435 1107 μετεν
3445 1055 3521 1087 σω
3529 1034 3744 1106 ματώσε
3755 1055 3767 1086 ι
3780 1054 3802 1095 ς

413 1930 547 2002 ἅπερ
579 1923 706 2000 ἔδρα
735 1925 824 1980 καὶ
851 1925 1082 1980 πέπονθε
1110 1925 1227 1978 καθ’
1257 1926 1427 1997 ἡμᾶς,
1489 1921 1659 1998 μφδέν
1715 1921 1772 1978 δέ
1827 1924 2032 1978 τούτων
2094 1923 2325 1998 ἀληθείᾳ
2384 1928 2472 1982 καὶ
2537 1930 2815 2004 πράγματι
2878 1925 3129 2003 ὑπάρξαι,
3189 1924 3336 1981 ἀλλά
3394 1923 3617 1994 δοκῆσει
3679 1924 3830 1998 μᾶλ-

406 2015 502 2070 λον
545 2015 634 2069 καὶ
663 2013 840 2086 ἀπάτῃ
875 2006 1274 2066 ἀποϐουκολεῖν
1332 2012 1459 2071 τοὺς
1516 2010 1849 2086 ἀνθρώπους,
1903 2011 1988 2072 οἷς
2047 2012 2138 2066 καὶ
2189 2018 2639 2093 συνανεστράφθαι
2708 2016 3048 2088 νενόμισται.
3111 2014 3209 2068 Διά
3262 2018 3424 2070 τοῦτο
3482 2013 3571 2068 καὶ
3633 2012 3829 2090 φύσεις

403 2100 502 2158 δύο
526 2107 869 2176 παραιτεῖται
903 2097 1079 2176 λέγων
1113 2098 1197 2153 ἐπὶ
1231 2103 1326 2152 τοῦ
1355 2098 1576 2173 Κυρίου,
1609 2098 1755 2155 ἀλλά
1790 2098 1915 2171 μίαν
1951 2100 2048 2168 τὴν
2083 2107 2182 2169 τῆς
2214 2102 2491 2174 θεότητος.

471 2193 603 2248 Fuit
632 2196 830 2246 autem
862 2195 1199 2246 coaetaneus
1220 2189 1400 2260 hujus
1423 2189 1668 2244 Manetis
1692 2189 1909 2244 Paulus
1933 2189 2054 2259 qui-

2237 2190 2453 2254 Ηαῦλος
2487 2189 2542 2248 δὲ
2571 2212 2655 2254 τις
2687 2197 2765 2264 τῷ
2795 2193 3032 2248 Μάνεντι
3080 2190 3257 2264 τούτῳ
3307 2190 3612 2266 σύγχρονος
3665 2211 3832 2267 γεγο-

400 2284 536 2339 dam
596 2282 787 2353 patria
843 2281 1282 2347 Samosatenus,
1354 2278 1665 2350 episcopus
1724 2278 2050 2333 Antiochiae

395 2386 648 2442 magum.
674 2372 726 2424 Is
749 2368 1048 2422 Christum
1074 2367 1299 2422 nudum
1328 2366 1508 2421 fuisse
1537 2367 1842 2421 hominem
1870 2367 2051 2438 impie

400 2457 674 2524 asseruit,
711 2457 889 2526 inque
922 2472 990 2510 eo
1023 2455 1265 2509 verbum
1292 2455 1394 2509 Dei
1427 2456 1508 2509 ita
1531 2455 1954 2510 iuhabitavisse
1989 2460 2056 2510 ut

404 2549 470 2602 in
500 2546 703 2617 quovis
728 2545 844 2599 alio
869 2545 1309 2616 prophetarum.
1334 2544 1476 2598 Inde
1502 2543 1646 2599 duas
1671 2550 1914 2599 naturas
1935 2561 1970 2599 a
1991 2560 2056 2598 se

407 2635 658 2691 invicem
693 2633 911 2688 divisas
942 2632 1221 2702 nullaque
1255 2633 1496 2686 omnino
1530 2633 1744 2703 copula
1772 2634 1972 2688 unitas
1994 2633 2056 2688 in

404 2725 635 2780 Christo
667 2723 849 2777 fuisse
879 2721 1104 2788 statuit,
1131 2726 1195 2774 ut
1216 2720 1370 2775 alius
1394 2721 1574 2776 fuerit
1600 2722 2055 2790 Christus,aliud

411 2813 655 2869 verbum
691 2812 750 2866 in
783 2827 850 2865 eo
884 2810 1242 2866 inhabitans.
1278 2811 1374 2866 Hae
1404 2812 1662 2882 primum
1695 2813 1874 2884 igitur
1926 2811 2055 2867 duaa

409 2907 552 2958 sunt
580 2908 769 2957 enataa
799 2901 1076 2969 haereses,
1110 2916 1240 2970 qua)
1273 2899 1420 2955 duas
1448 2906 1504 2954 et
1551 2917 1732 2956 unam
1781 2907 2058 2956 naturam

407 2995 662 3061 Christo,
693 3009 813 3048 non
845 2991 1142 3064 quomodo
1173 2991 1450 3063 oportuit,
1486 2993 1589 3047 sed
1620 2993 1773 3048 male
1800 2998 1858 3048 et
1878 2993 2057 3064 impie

410 3084 751 3140 ascribunt:
788 3082 1095 3152 alteraque
1129 3097 1333 3137 earum
1366 3080 1569 3136 deitati
1602 3082 1837 3151 Christi,
1873 3083 2062 3142 altera

407 3173 778 3230 humanitate
811 3171 1071 3243 derogat.

478 3353 690 3406 Postea
731 3348 1020 3418 temporis
1080 3345 1460 3417 Apolinarius
1517 3346 1759 3416 quidam
1813 3349 2058 3419 exstitit,

409 3438 720 3510 epiSCOpus
754 3436 1052 3491 Laodicea:
1078 3434 1280 3505 Syriae,
1304 3450 1586 3488 novarum
1613 3441 1820 3490 auctor
1841 3438 2062 3492 vanita-

403 3532 552 3582 tum.
586 3527 730 3580 Cum
771 3524 928 3577 enim
963 3522 1166 3577 Ariani
1195 3539 1408 3592 corpus
1439 3522 1652 3576 Christi
1689 3524 1840 3579 458
1886 3543 2050 3596 pror-
2083 3555 2124 3621 Ο

405 3633 506 3671 sus
537 3615 868 3670 inanimum
903 3612 1120 3680 dicant,
1147 3611 1247 3665 ille
1275 3628 1309 3666 a
1337 3611 1568 3665 Christo
1592 3628 1829 3667 carnem
1855 3616 2055 3670 anima

407 3706 570 3761 vitali
599 3705 922 3760 animatam
957 3703 1138 3757 fuisse
1161 3707 1528 3772 assumptam
1591 3702 1910 3772 perhibuit,
1954 3706 2056 3760 sed

413 3796 514 3868 qui
539 3799 800 3852 mentem
824 3798 1087 3846 nostram
1103 3792 1349 3846 minime
1369 3790 2056 3861 asciverit.Nihilquippe

411 3887 463 3942 ei
497 3887 730 3958 corpori
761 3901 908 3955 Opus
941 3884 1122 3938 fuisse
1154 3885 1417 3938 humana
1446 3888 1667 3950 mente,
1703 3899 1837 3937 cum
1870 3901 1903 3938 a
1933 3883 2056 3937 dei-

405 3980 527 4032 tate
560 3978 621 4030 in
653 3975 713 4028 id
735 3974 948 4042 illapsa
967 3973 1415 4043 gubernaretur.
1436 3979 1515 4028 Ac
1543 3989 1617 4027 ne
1643 3973 1904 4042 potuisse
1923 3973 2054 4042 qui-

404 4065 541 4120 dem
572 4064 754 4135 recipi
787 4063 847 4117 in
878 4063 936 4116 id
968 4080 1180 4134 corpus
1212 4062 1389 4117 aliam
1415 4062 2061 4133 iutelligendifaculta-'

405 4161 527 4212 tem
558 4160 774 4226 praeter
804 4151 1082 4206 divinam.
1119 4152 1218 4206 His
1262 4153 1470 4222 positis
1523 4152 1830 4207 contendit
1875 4169 2055 4207 unam

403 4246 586 4301 fuisse
619 4243 777 4298 verbi
811 4247 870 4296 et
899 4241 1093 4296 carnis
1124 4247 1443 4312 assumptus
1476 4247 1772 4310 naturam,
1837 4243 2057 4313 quippe

406 4335 480 4390 ad
501 4333 760 4389 hominis
783 4331 1266 4386 constitutionem
1289 4347 1422 4385 cum
1448 4347 1582 4385 caro
1606 4348 1723 4386 non
1737 4330 2056 4400 sufﬁceret,

405 4439 600 4495 neque
632 4421 895 4477 hominis
926 4435 1144 4474 nomen
1177 4425 1528 4475 mereretur.

482 4602 623 4654 Post
651 4598 758 4652 hos
790 4595 1006 4666 prodiit
1038 4595 1276 4666 quidam
1320 4595 1656 4651 Theodorus
1714 4598 1916 4667 Mopsu
1949 4599 2055 4651 He-

413 4691 561 4753 stiaa,
597 4704 726 4759 qua)
759 4686 902 4740 urbs
934 4691 1022 4740 est
1051 4685 1288 4749 Ciliciae,
1324 4686 1592 4740 antistes.
1627 4687 1681 4740 Is
1702 4686 1877 4757 plane
1907 4689 2059 4757 Apo-

409 4779 624 4835 linario
639 4776 919 4832 adversus
932 4773 1223 4844 intrepide
1238 4774 1535 4829 Christum
1553 4776 1930 4830 contumeliis
1943 4793 2060 4830 non

408 4868 637 4925 levibus
663 4881 842 4921 ausus
866 4868 954 4917 est
979 4864 1240 4930 afﬁcere,
1270 4863 1451 4920 fuisse
1484 4881 1621 4918 eum
1643 4863 1939 4935 vulgarem
1963 4881 2062 4918 ne-

409 4975 523 5032 que
556 4956 726 5014 nobis
758 4954 1050 5027 potiorem
1079 4958 1293 5008 natura
1324 4953 1627 5008 hominem
1653 4953 1857 5008 dicens
1883 4971 1895 5020 ;
1930 4971 2059 5025 pro-

403 5050 614 5105 fecisse
647 5051 846 5101 autem
881 5060 1038 5108 eum,
1073 5043 1266 5114 iisque
1288 5042 1652 5114 profectibus
1675 5045 1923 5115 gratiam
1952 5044 2053 5098 Dei

405 5143 685 5212 adeptum
706 5139 892 5194 Deum
915 5133 1096 5190 fuisse
1139 5134 1515 5190 nominatum
1544 5152 1557 5200 ;
1591 5135 1770 5205 inque
1801 5135 2054 5189 Jordane

404 5246 538 5285 cum
571 5231 632 5283 in
665 5225 873 5299 primis
903 5225 961 5278 in
997 5239 1214 5278 nomen
1271 5223 1460 5278 Patris
1512 5223 1643 5278 Filii
1695 5229 1752 5277 et
1803 5223 2055 5294 Spiritus

405 5318 592 5373 sancti
624 5317 1039 5386 baptizaretur,
1072 5312 1226 5367 dono
1261 5313 1503 5383 spiritus
1539 5314 1726 5368 sancti
1751 5313 1930 5367 fuisse
1964 5312 2056 5366 di-

410 5411 668 5476 gnatum.
706 5405 788 5458 Ob
817 5403 945 5472 ejus
978 5419 1152 5472 porro
1186 5402 1578 5456 excellentem
1610 5403 1886 5457 virtutem
1923 5403 2055 5456 Ver-

412 5495 556 5549 bum
589 5492 684 5546 Dei
720 5492 778 5544 in
811 5492 934 5561 ipso
967 5491 1210 5546 arbitrio
1243 5508 1348 5546 suo
1383 5491 1766 5559 inhabitasse,
1800 5507 2056 5562 eumque

414 5582 610 5638 divina
627 5579 910 5650 dignitate
925 5580 1336 5648 impertivisse,
1355 5586 1530 5651 atque.
1546 5580 1910 5635 adorandum
1925 5585 2059 5651 post

416 5676 668 5728 mortem
697 5666 1014 5738 redegisse.
1047 5669 1180 5722 Haec
1211 5674 1269 5722 et
1297 5669 1414 5724 alia
1441 5669 1501 5724 id
1531 5685 1714 5742 genus
1745 5670 1928 5726 multa
1959 5669 2060 5725 ille

2159 2281 2287 2349 νὼς,
2320 2282 2382 2336 τὸ
2414 2282 2567 2356 γένος
2617 2282 2712 2355 μὲν
2767 2280 3142 2355 Σαμοσατεὺς,
3203 2279 3540 2355 Ἀντιοχείας
3603 2277 3662 2334 δὲ
3716 2287 3828 2350 τῆς

2164 2369 2406 2446 μεγάλης
2456 2367 2750 2444 πρόεδρος,
2792 2368 2955 2445 ψιλὸν
3005 2371 3286 2444 ἄνθρωπον
3330 2369 3467 2424 εἶναι
3515 2369 3608 2424 τὸν
3672 2373 3825 2445 Χρι-

2161 2461 2284 2514 στὸν
2324 2457 2731 2536 ἐδυσφήμησεν.
2767 2462 2970 2534 ’Ὠσπερ
3014 2456 3072 2513 δὲ
3121 2459 3196 2520 είς
3246 2455 3466 2513 ἕκαστον
3517 2463 3627 2513 τῶν
3673 2479 3822 2533 προ-

2161 2552 2373 2625 φητῶν,
2407 2548 2552 2603 οὕτω
2583 2548 2672 2602 καὶ
2705 2548 2758 2604 ἐν
2801 2547 2950 2620 αὐτῷ
3007 2555 3323 2624 γεγενῆσθαι
3379 2552 3475 2603 τοῦ
3521 2552 3657 2602 Θεοῦ
3710 2550 3820 2604 Λό-

2160 2658 2260 2710 γου
2291 2638 2389 2704 τὴν
2421 2636 2658 2707 οἷ’κησιν.
2693 2638 2878 2694 Ἔνθεν
2913 2635 2969 2691 δέ
3016 2638 3103 2691 καὶ
3163 2633 3256 2691 δύο
3309 2637 3491 2712 φύσεις
3542 2635 3820 2712 διῃρημὲ-

2163 2747 2272 2790 νως
2327 2725 2560 2804 ἐχούσας
2627 2728 2717 2781 καὶ
2777 2727 3181 2796 ἀκοινωνήτους
3236 2727 3368 2800 πρὸς
3431 2727 3622 2788 ἑαυτὰς
3682 2728 3820 2782 εἶναι

2163 2816 2502 2870 παντάπασιν
2542 2815 2596 2870 ἐν
2630 2817 2866 2890 Χριστῷ,
2918 2815 2991 2877 ὡς
3049 2813 3226 2870 ἄλλου
3284 2814 3449 2870 αὐτοῦ
3503 2812 3655 2878 ὄντος
3713 2815 3814 2870 τοῦ

2163 2905 2400 2980 Χριστοῦ
2431 2905 2520 2959 καὶ
2554 2902 2728 2959 ὂίλλου
2787 2909 2883 2959 τοῦ
2938 2909 3325 2966 κατοικοῦντος
3376 2903 3428 2960 ἐν
3487 2903 3623 2974 αὐτῷ
3675 2908 3809 2958 Θεοῦ

2167 2994 2370 3072 Λόγου.
2409 2996 2578 3051 Αὗται
2615 2995 2707 3067 μὶν
2739 2992 2830 3049 οῦν
2867 2996 2918 3048 αἱ
2949 2999 3160 3069 πρῶται
3207 2994 3334 3071 φυαὶ
3393 3000 3485 3049 τοῦ
3534 2992 3652 3067 μῖαν
3703 2992 3809 3070 φε-

2164 3106 2244 3139 σιν
2281 3083 2500 3146 καὶτὰς
2542 3081 2636 3138 δύο
2696 3089 2880 3147 κακῶς
2934 3084 3024 3138 καὶ
3081 3081 3388 3161 δυσφήμῳς
3444 3083 3526 3138 ἐπὶ
3579 3086 3809 3155 Χριστῷ

2165 3172 2440 3250 λέγεσθαι,
2468 3173 2530 3228 τὸ
2563 3173 2658 3246 μὲν
2693 3171 2776 3227 ἐπ’
2827 3171 3092 3247 ἁναιρὲσει
3149 3179 3250 3241 τῆς
3310 3173 3590 3241 θεότητος,
3645 3171 3708 3225 τὸ
3755 3167 3817 3226 δὲ

2163 3271 2263 3334 τῆς
2294 3263 2738 3339 ἀνθρωπότητος.

2236 3356 2320 3428 [Ρ.
2355 3355 2482 3426 261]
2515 3355 2603 3409 Ἐν
2638 3350 2694 3408 >t
2719 3359 2834 3415 τοῖς
2867 3352 2988 3423 ἑξῆς
3014 3353 3237 3432 χρόνοις
3299 3351 3689 3426 Ἀπολινάριός
3731 3373 3816 3413 τις

2163 3440 2622 3520 ἐφύη,πρόεδρος
2655 3439 2971 3504 Λαοδικείας
3029 3449 3129 3512 τῆς
3183 3441 3406 3516 Συρίας,
3472 3462 3818 3518 ματαιοφρο-

2165 3531 2326 3600 σύνης
2410 3532 2592 3606 ἕτερας
2673 3529 3123 3605 εἷ’σηγησάμενος.
3181 3535 3297 3585 Τῶν
3355 3531 3458 3607 γὰρ
3515 3531 3820 3606 ’Δρειανῶν

2165 3619 2377 3694 ἂψυχον
2415 3621 2590 3689 πάντη
2633 3618 2906 3694 λεγόντων
2938 3621 3036 3688 τὴν
3065 3623 3162 3675 τοῦ
3194 3620 3391 3694 Κυρίου
3446 3622 3644 3694 σάρκα,
3704 3620 3814 3674 αὐ·-

2161 3712 2255 3772 τὸς
2288 3706 2387 3790 ἔφη
2433 3713 2515 3766 ὅτι
2575 3711 2744 3785 σάρκα
2805 3712 2899 3783 μὲν
2959 3711 3325 3785 ἐψυχωμὲνην
3385 3713 3541 3786 ψυχῇ
3605 3714 3817 3779 ζωτικῆ

2163 3794 2418 3854 ἀνέλαϐεν
2457 3800 2484 3852 ὁ
2515 3797 2736 3873 Κύριος,
2768 3803 2892 3852 νοῦν
2942 3797 2998 3854 δὲ
3053 3800 3143 3854 τὸν
3201 3797 3466 3873 ἡμέτερον
3523 3800 3591 3856 οὐ
3645 3820 3821 3874 προσ-

2164 3891 2356 3958 ήκατο·
2394 3885 2669 3961 μηδὲγὰρ
2703 3885 2961 3956 δεηθῆναι
3015 3888 3112 3954 τήν
3170 3889 3340 3961 σάρκα
3395 3889 3560 3966 φησὶν
3603 3888 3823 3958 ἐκείνην

2165 3976 2501 4048 ἀνθρωπείου
2561 3976 2684 4037 νοὸς
2749 3975 3230 4052 ἡγεμονευομένην
3318 3977 3422 4031 ὑπὸ
3481 3982 3586 4031 τοῦ
3645 3978 3826 4045 αὐτὴν

2164 4062 2506 4126 ἐνδεδυκότος
2540 4068 2674 4119 Θεοῦ
2718 4065 2916 4140 Λόγου·
2984 4063 3129 4120 ἀλλά
3191 4063 3334 4138 μηδέ
3391 4072 3591 4141 χωρεῖν
3651 4065 3826 4134 αὐτὴν

2164 4151 2341 4224 ἀλλην
2370 4154 2560 4229 νοεράν
2613 4151 2837 4226 δύναμιν
2887 4155 3033 4228 παρά
3079 4155 3176 4223 τήν
3231 4154 3394 4218 θείαν.
3446 4156 3628 4211 Ταῦτα
3678 4155 3823 4210 ὑπο-

2167 4242 2388 4316 θέμενος
2419 4241 2735 4299 διατείνεται
2771 4241 2896 4316 μίαν
2930 4243 3068 4298 εἶναι
3124 4245 3224 4313 τὴν
3279 4243 3434 4321 φύσιν
3482 4248 3577 4298 τοῦ
3633 4245 3820 4317 Λόγοι)

2163 4332 2384 4400 καὶτῆς
2415 4332 2760 4404 σαρκώσεως,
2793 4333 2866 4392 ὡς
2907 4333 3000 4388 ἅτε
3045 4339 3144 4401 τῆς
3203 4333 3402 4407 σαρκὸς
3453 4331 3677 4395 ἀτελοῦς
3721 4331 3823 4388 οῦ-

2168 4444 2266 4492 σης
2297 4421 2370 4483 εἰς
2401 4421 2462 4476 τὸ
2496 4423 2636 4476 εἶναι
2667 4418 2980 4495 ἄνθρωπον,
3037 4421 3126 4476 καὶ
3186 4418 3273 4476 διὰ
3327 4425 3489 4477 τοῦτο
3548 4424 3623 4495 μή
3669 4423 3820 4495 ’ἀξίόν

2167 4530 2328 4590 φησιν
2364 4509 2740 4581 ὀνομάζεσθαι.

2238 4599 2365 4654 Μεθ’
2417 4599 2493 4652 ὧν
2551 4597 2894 4668 ἀναφαίνεταί
2954 4619 3038 4661 τις
3093 4597 3400 4674 Θεόδωρος,
3455 4608 3555 4670 τῆς
3618 4603 3822 4674 Μόψου

2167 4688 2366 4756 ἑστίας,
2400 4684 2617 4749 πόλεως
2641 4686 2690 4741 ἐν
2723 4691 2792 4758 τῇ
2824 4685 3076 4758 Κιλιλίᾳ,
3109 4690 3208 4758 τὴν
3242 4689 3540 4763 ἠγεμονίαν
3598 4689 3820 4768 λαχὼν,

2169 4776 2258 4832 καὶ
2288 4775 2347 4832 ἐκ
2375 4775 2670 4850 διαμέτρου
2709 4779 2786 4846 τῷ
2843 4774 3220 4848 Ἀπολιναρίῳ
3277 4779 3573 4855 φερόμενος
3629 4775 3816 4854 ὕϐρεις

2170 4867 2232 4921 οὐ
2263 4866 2358 4926 τὰς
2389 4865 2664 4944 τυχούσας
2703 4862 2964 4939 τολμηρᾷ
3021 4868 3176 4940 ψυχῇ
3237 4867 3325 4921 καὶ
3375 4863 3565 4946 ἀφόϐῳ
3617 4866 3819 4944 καρδίᾳ

2165 4953 2424 5026 καταχέει
2450 4958 2545 5008 τοῦ
2577 4953 2848 5008 Δεσπότου
2902 4957 3164 5026 Χριστοῦ,
3224 4953 3502 5034 ἄνθρωπον
3563 4953 3656 5012 ἕνα
3702 4962 3813 5012 τῶν

2164 5045 2455 5116 καθ’ἠμᾶς
2514 5044 2600 5098 καὶ
2655 5043 2836 5098 κοινὸν
2894 5042 3208 5115 ἀποκαλῶν,
3268 5045 3356 5099 καὶ
3415 5045 3474 5100 ἐκ
3530 5055 3818 5120 προκοπῆς

2169 5133 2406 5188 λαϐόντα
2431 5134 2530 5201 τήν
2557 5133 2719 5208 χάριν
2751 5136 2852 5187 τοῦ
2910 5136 3044 5188 Θεοῦ
3103 5133 3233 5188 Θεὸν
3289 5133 3664 5207 ὀνομάζεσθαι,
3723 5137 3818 5192 καὶ

2166 5223 2225 5277 ἐκ
2253 5227 2348 5278 τοῦ
2377 5223 2430 5278 ἐν
2483 5219 2722 5298 Ἰορδάνῃ
2781 5224 3160 5297 βαπτίσματος
3219 5223 3510 5294 ἀξιωθῆναι
3563 5232 3663 5294 τῆς
3719 5231 3818 5280 τοῦ

2167 5311 2322 5386 ἁγίου
2359 5311 2668 5384 Πνεύματος
2702 5309 2930 5383 δωρεᾶς,
2965 5311 3015 5366 ἐν
3073 5314 3310 5386 πρώτοις
3358 5313 3432 5375 εἷς
3481 5311 3655 5387 ὄνομα
3708 5322 3815 5370 Πα-

2165 5403 2314 5476 τρὸς,
2345 5401 2436 5456 καὶ
2465 5402 2615 5468 Υίοῦ,
2638 5400 2728 5455 καὶ
2753 5400 2906 5475 ἁγίου
2941 5400 3274 5473 Πνεύματος,
3312 5405 3692 5477 βαπτισθέντα,
3725 5407 3815 5461 τὸν

2169 5489 2225 5545 δὲ
2257 5492 2382 5545 Θεὸν
2419 5491 2590 5564 Λόγον
2625 5487 2712 5544 διὰ
2739 5491 2838 5558 τὴν
2899 5485 3344 5562 ὑπερϐάλλουσαν
3400 5491 3594 5567 ἀρετὴν
3645 5493 3812 5550 αὐτοῦ

2167 5581 2283 5634 κατ’
2343 5577 2586 5634 εὐδοκίαν
2646 5579 2839 5634 ἑαυτοῦ
2898 5582 3298 5648 κατοικήσαντα
3351 5579 3672 5654 μεταδοῦναι
3712 5591 3812 5652 τῆς

2169 5676 2354 5739 θεϊκῆς
2411 5669 2556 5741 ἀξίας
2622 5667 2767 5740 αὐτῷ
2851 5667 2941 5723 καὶ
3026 5671 3444 5744 προσκυνήσεως
3529 5671 3808 5748 ἐσύστερον
