4118 6276
304 342 419 403 εει

1494 345 2043 411 HISTORIARUM
2086 344 2634 407 COMPENDlUM.

3641 352 3774 413 502-

323 474 460 552 μετὰ
523 475 630 546 τὴν
686 477 1006 536 τελείωσιν.
1066 480 1246 536 Ταῦτα
1311 477 1404 536 καὶ
1460 475 1598 553 ἕτερ’
1654 474 1787 532 ἄττα
1815 470 1972 530 πολλι

2116 472 2295 547 impie
2325 490 2602 532 asserens
2630 475 2874 534 tradidit
2911 476 2972 534 in
3001 475 3233 536 Christo
3281 478 3428 536 duas
3486 482 3755 552 naturas,

334 570 557 624 τοιαῦτα
651 564 1029 645 δυσφημήσας
1090 567 1185 624 δύο
1247 571 1434 644 φύσεις
1529 562 2004 640 ἰδιοπεριορίστως

347 657 694 734 ἐδογμάτισεν
723 657 813 714 ἐπὶ
849 663 1116 734 Χριστοῦ,
1163 659 1352 736 σχέσει
1411 659 1514 714 τινὶ
1571 656 1660 712 καὶ
1722 655 1884 731 μόνον
1913 651 2004 708 ἀλ-

351 748 550 821 λήλαις
575 748 954 823 ᾠκειωμένοις.
989 746 1218 824 Δευτέρα
1252 751 1341 804 καὶ
1409 747 1540 820 αὓτη
1579 745 1875 823 βλάστησις
1903 746 2002 798 τοῦ

355 838 480 914 μίαν
507 838 665 918 φύσιν
696 840 786 893 καὶ
845 837 940 894 δύο
973 841 1154 916 φύσεις
1212 838 1264 894 ἐν
1324 843 1540 916 Χριστῷ
1592 838 1668 912 μὴ
1724 833 1860 891 κατὰ
1908 831 2001 888 τὸν

353 928 509 1004 ὀρθὸν
541 927 708 1002 λόγον
742 927 1153 1005 ὁμολογεῖσθαι.

421 1019 568 1076 Μετὰ
627 1015 685 1072 δὲ
733 1019 960 1080 τούτους
1017 1018 1200 1095 γέγονέ
1252 1039 1334 1081 τις
1397 1017 1620 1090 ὀνόματι
1678 1015 1997 1089 Νεστόριος,

345 1107 452 1163 ἀπὸ
483 1108 871 1183 Γερμανικείας
900 1115 1000 1178 τῆς
1051 1108 1275 1183 Συρίας,
1328 1112 1424 1164 τοῦ
1483 1105 1677 1182 θρόνου
1709 1108 1996 1161 Κωνσταν-

343 1198 721 1262 τινουπόλεως
783 1197 1137 1273 δραξάμενος,
1195 1199 1404 1273 ὁμοίως
1457 1201 1526 1272 τῇ
1576 1201 1730 1274 φωνῇ
1781 1199 1891 1250 τῶν
1943 1192 1996 1249 ἒν

337 1290 559 1361 Χριστῷ
590 1285 688 1343 δύο
720 1288 930 1364 φύσεων
968 1290 1320 1363 καταφρόνως
1354 1288 1734 1366 ἀπεχρήσατο,
1795 1282 1996 1356 Παύλῳ

336 1379 426 1433 καί
469 1375 741 1453 Θεοδώρῳ
797 1384 916 1440 τοῖς
977 1379 1166 1434 ἑαυτοῦ
1207 1379 1499 1452 προγόνοις
1549 1375 1828 1450 ἑπόμενος.
1873 1376 1997 1438 Υἱὸς

342 1467 436 1541 μὲν
468 1469 576 1542 γὰρ
604 1469 670 1536 ἧν
701 1472 798 1522 τοῦ
859 1467 1108 1539 Κίλικος,
1167 1467 1432 1544 ἀπόγονος
1485 1463 1542 1521 δὲ
1573 1469 1692 1538 ςξτοῦ
1751 1471 1997 1539 Σαμοσα-

337 1556 496 1623 τέως,
557 1556 649 1611 καὶ
710 1554 799 1611 διὰ
853 1561 1015 1612 τοῦτο
1101 1557 1236 1632 πρὸς
1311 1557 1408 1624 τὴν
1491 1554 1642 1631 ἁγίαν
1725 1553 1990 1630 Παρθένον

341 1643 610 1701 ἄσπονδον
669 1645 840 1720 ἤρατο
910 1646 1178 1719 πόλεμον,
1238 1643 1626 1720 ἐξαρνούμενος
1681 1644 1772 1698 τὸν
1802 1644 1992 1698 ἑαυτοῦ

342 1735 542 1809 Κύριον
574 1735 664 1790 καὶ
715 1735 991 1809 ἀτιμάζων
1045 1736 1144 1804 τὴν
1200 1736 1390 1790 ἑαυτοῦ
1446 1733 1731 1790 Δέσποιναν
1800 1734 1828 1787 ὁ
1881 1729 1992 1787 δεί-

2120 581 2372 636 quarum
2401 570 2652 637 utraque
2683 583 2788 639 per
2815 584 2876 623 se
2908 572 2968 623 et
3005 569 3253 625 seorsim
3309 569 3762 642 circumscripta

2121 653 2215 723 sit,
2240 660 2513 726 respectu
2543 661 2774 712 tantum
2796 657 3054 728 quodam
3086 658 3244 714 inter
3291 676 3352 715 se
3384 659 3754 732 conjunctas.

2118 743 2238 798 Hoc
2270 744 2523 801 alterum
2547 751 2637 801 est
2663 762 2906 819 germen
2939 763 3116 804 unam
3172 754 3447 804 naturam
3496 754 3555 806 et
3610 750 3757 807 duas

2116 838 2359 890 naturas
2390 837 2450 890 in
2473 835 2722 905 Christo,
2753 853 2873 892 non
2895 842 2963 892 ut
2998 837 3212 893 veritas
3262 838 3542 908 postulat,
3575 840 3756 896 conﬁ-

2111 924 2386 979 tentium.

2185 1014 2337 1069 459
2372 1015 2665 1070 Successit
2692 1015 2785 1070 his
2813 1016 3054 1087 quidam
3085 1018 3409 1084 Nestorius,
3450 1036 3485 1075 a
3515 1020 3752 1077 Germa-

2110 1102 2267 1158 nicia
2311 1105 2492 1176 Syrias
2532 1105 2606 1159 ad
2665 1104 2874 1161 solium
2930 1107 3306 1178 Cpolitanum
3347 1110 3754 1180 occupandum

2109 1193 2427 1264 profectus.
2460 1197 2514 1251 Is
2546 1212 2782 1267 quoque
2810 1196 3110 1253 vocabulis
3142 1197 3396 1254 duarum
3427 1200 3489 1253 in
3523 1200 3752 1257 Christo

2109 1290 2454 1341 naturarum
2487 1303 2760 1358 perverse
2791 1292 2882 1342 est
2919 1287 3159 1355 abusus,
3190 1289 3439 1345 Paulum
3471 1295 3529 1345 et
3574 1292 3756 1348 Theo-

2109 1373 2320 1428 dorum
2348 1376 2606 1446 majores
2637 1394 2776 1434 suos
2823 1379 3110 1436 imitatus.
3144 1381 3282 1435 Erat
3337 1380 3496 1436 enim
3553 1380 3751 1437 Cilicis

2106 1463 2277 1519 istius
2325 1465 2506 1533 ﬁlius,
2560 1474 2980 1539 auctoremque
3047 1469 3247 1541 stirpis
3303 1470 3753 1526 Samosatenum

2105 1551 2360 1609 habebat
2400 1555 2652 1626 ideoque
2681 1555 2903 1612 bellum
2926 1556 3296 1628 implacabile
3318 1563 3524 1614 contra
3543 1559 3747 1615 Divam
3773 1593 3782 1612 ί

2103 1641 2388 1712 virginem
2421 1645 2820 1716 gessit,malus
2852 1662 3055 1702 servus
3079 1652 3255 1718 atque
3286 1648 3775 1719 impudens,qui,

2102 1736 2160 1785 et
2190 1733 2504 1790 Dominum
2535 1751 2706 1790 suum
2737 1735 3096 1792 difﬂteretur
3124 1741 3184 1791 et
3204 1737 3510 1793 Dominam
3532 1743 3742 1793 contu—
3775 1786 3778 1791 .

337 1822 495 1886 λαιος
530 1823 730 1888 δοῦλος
788 1826 877 1880 καὶ
939 1825 1316 1901 ἀναίσχυντος.
1374 1825 1548 1886 Οὗτος
1606 1821 1698 1879 οὖν
1740 1823 1768 1877 ὁ
1821 1819 1972 1877 δεινὰ

2103 1821 2283 1876 melia
2299 1822 2642 1880 afﬁceret.ls
2661 1841 2797 1898 ergo
2812 1827 3184 1898 perniciosus
3205 1825 3509 1881 Nestorihs
3530 1827 3744 1884 ducem

333 1913 664 1988 Νεστόριος,
697 1915 1008 1986 προστάτης
1062 1915 1299 1991 γεγονὼς
1352 1920 1454 1983 τῆς
1513 1909 1820 1980 Ἰουδαϊκῆς
1863 1911 1988 1966 ταύ-

331 2024 433 2074 της
466 2002 750 2077 αἱρέσεως,
782 2001 954 2058 ἄλλον
1014 2006 1150 2058 εἶναι
1204 2004 1356 2079 παρ’,
1380 2002 1700 2074 ἒαυτῷητὸν
1755 2002 1988 2076 Χριστὸν

325 2091 416 2146 καὶ
448 2089 625 2146 ἄλλον
652 2093 744 2146 τὸν
777 2096 913 2147 Θεοῦ
953 2090 1128 2168 Λόγον
1181 2092 1317 2146 κατὰ
1351 2093 1472 2164 ,τὴν
1514 2091 1782 2166 πατρικὴν
1825 2087 1990 2144 αὐτοῦ

325 2179 542 2252 πλᾶνην
574 2178 922 2257 ἐδογμάτισε.

401 2273 516 2339 Τῆς
550 2267 607 2325 δὲ
637 2271 774 2326 κατὰ
825 2271 1073 2329 Μάνεντα
1121 2268 1209 2325 καί
1270 2269 1656 2345 Ἀπολινάριον
1709 2268 1986 2324 ἀντιθέτου

330 2359 525 2434 μοίρας
554 2360 737 2434 τρίτος
769 2359 934 2415 πάλιν
993 2361 1333 2429 ὑπασπιστὴς
1365 2358 1646 2433 Εὒτυχὴς,
1678 2357 1985 2433 ἡγούμενος

329 2449 706 2524 μοναστηρίου
740 2449 1391 2518 Κωνσταντινουπόλευυς,
1450 2447 1762 2524 ἀνεδείχθη·
1816 2448 1872 2511 ὅς
1907 2449 1983 2522 μὴ

326 2540 671 2614 ἀνεχόμενος
698 2539 995 2612 ὁμοούσιον
1029 2543 1167 2612 ἡμῖν
1197 2541 1286 2594 καὶ
1325 2542 1410 2613 [Ρ.
1457 2542 1582 2612 262]
1607 2539 1827 2616 ὁμοφυῆ
1886 2539 1985 2606 τήν

326 2631 499 2702 σάρκα
530 2634 630 2683 τοῦ
671 2629 871 2703 Κυρίου
932 2627 1286 2705 διομολογεῖν
1346 2629 1662 2703 ἀπηρνεῖτο,
1721 2627 1982 2696 σώζεσθαι

319 2715 495 2795 λέγων
530 2717 584 2772 ἐν
637 2723 720 2790 τῷ
750 2721 966 2793 Χριστῷ
1025 2716 1118 2773 δύο
1186 2719 1368 2796 φύσεις
1431 2718 1564 2791 μετὰ
1619 2724 1719 2786 τῆς
1777 2717 1984 2772 τούτων

317 2810 571 2871 ἒνώσεώς
604 2829 665 2863 τε
705 2809 792 2862 καὶ
825 2810 1117 2887 συμφυῖας.
1152 2807 1228 2865 Ού
1265 2810 1372 2880 μὴν
1441 2805 1498 2862 δὲ
1526 2806 1791 2878 ἀλλὰςκαῖ
1818 2825 1981 2881 τεραο

308 2897 469 2967 τώδη
533 2898 658 2952 τινὰ
714 2898 802 2952 καὶ
865 2896 1143 2953 ἀλλόκοτα
1207 2895 1604 2972 παρέπλαττεν,
1653 2895 1702 2966 ἐξ
1753 2896 1980 2971 ούρανοῦ

313 2987 499 3065 λέγων
535 2986 932 3060 ητενηνέχθαι
961 2987 1023 3041 τὸ
1054 2991 1213 3060 σῶμα
1242 2991 1338 3040 τοῦ
1372 2986 1592 3061 Κυρίου,
1625 2987 1714 3041 καὶ
1765 2986 1840 3046 ὡς
1888 2982 1978 3040 διὰ

313 3077 567 3147 σωλῆνας
600 3083 704 3146 τῆς
746 3076 1018 3151 Παρθένου
1050 3073 1425 3151 παραδραμεῖν
1465 3077 1561 3130 τὸν
1616 3077 1745 3131 Θεὸν
1779 3075 1974 3151 Λόγον,

317 3167 600 3240 οὐρανόθεν
659 3170 853 3221 τοῦτον
916 3163 1284 3239 ἐνδεδυμένον,
1338 3164 1430 3219 ’ίνα
1469 3162 1596 3239 δόξῃ
1651 3170 1970 3240 γεγενῆσθαι

321 3254 386 3311 ἐκ
409 3257 655 3329 γυναικὸς
683 3255 878 3328 καίπερ
915 3257 988 3328 μὴ
1021 3255 1433 3329 γεγεννημένος.
1468 3257 1776 3328 Μανιχαῖος
1810 3253 1968 3313 οὗτος

327 3346 358 3400 δ
391 3342 580 3420 λόγος,
618 3345 695 3399 καὶ
726 3345 1166 3421 πεφαντασμένος
1222 3343 1422 3415 πολλῷ
1486 3342 1698 3415 μᾶλλον
1744 3341 1970 3401 ἐκείνου.

328 3434 477 3491 Μίαν
505 3434 650 3509 φύσιν
675 3435 763 3490 καὶ
798 3436 958 3496 οὗτος
992 3431 1392 3509 διεστραμμένη
1407 3429 1600 3506 καρδίᾳ
1629 3433 1720 3488 τὸν
1745 3432 1972 3507 Χριστὸν

323 3516 653 3598 ἐπρέσϐἐυεν.

386 3613 524 3669 Εἶτα
555 3608 800 3688 Σεϐἡρός
831 3633 913 3674 τις
946 3610 1266 3686 λεγόμενος,
1329 3613 1570 3687 ἀρπάσας
1625 3611 1717 3665 τὸν
1778 3608 1967 3684 θρόνον

312 3703 684 3777 Ἀντιοχείας,
725 3703 824 3770 τήν
881 3703 1016 3756 κατὰ
1068 3701 1310 3759 Μάνεντα
1369 3701 1522 3762 αὗθις
1581 3698 1968 3774 Ἀπολινάριόν

309 3811 367 3846 τε
411 3791 506 3846 καὶ
569 3790 824 3865 Εὗτυχέα
878 3787 1164 3846 διεκδικεῖν
1221 3789 1426 3863 α’ἰρεσιν
1485 3789 1760 3864 ἐπειρᾶτο,
1791 3794 1968 3842 κυκῶν

305 3879 404 3951 δση
467 3877 704 3953 δύναμις
761 3880 912 3952 αὐτῷ
990 3882 1089 3948 τὴν
1167 3887 1268 3949 τῆς
1330 3878 1659 3948 Ἐκκλησίας
1718 3878 1965 3952 εἰρήνην.

304 3966 614 4039 ’Βξελαθεὶς
650 3967 708 4023 δὲ
737 3976 837 4036 τῆς
872 3968 1214 4044 Ἀντιοχείας
1271 3968 1298 4021 ὁ
1359 3965 1662 4038 στασιώδης
1727 3965 1817 4021 καὶ
1873 3988 1965 4022 τα-

304 4058 493 4133 ραξίας
572 4063 644 4132 τῇ
703 4056 1094 4134 Ἀλεξανδρέων
1171 4059 1472 4133 κουφότητι
1547 4056 1819 4120 Λαίλαπος
1876 4058 1964 4112 καὶ

298 4146 548 4218 θυέλλης
579 4145 736 4218 δίκην
765 4147 1079 4223 ἐνέσκηψεν,
1135 4146 1262 4202 ἔνθα
1315 4149 1402 4202 καὶ
1467 4148 1650 4222 ἑτέρας
1717 4151 1962 4222 καταιγῖ-

298 4236 395 4301 δος
453 4239 880 4310 ἆντιπνευσάσης
936 4239 1085 4311 αύτῷ
1151 4260 1210 4294 τε
1266 4240 1353 4294 καὶ
1420 4243 1498 4311 τῷ
1559 4237 1679 4310 λαῷ
1743 4240 1965 4314 συνέχεε

296 4329 507 4390 πάντας
538 4329 628 4383 καὶ
660 4324 977 4403 ἐθορύϐησε.
1040 4325 1353 4383 Διεσκέδασε
1408 4328 1509 4404 γὰρ
1571 4325 1766 4392 αὖτοὺς
1823 4329 1960 4382 Ἰου-

295 4415 488 4479 λιανός
515 4439 598 4480 τις
631 4418 996 4492 καλούμενος,
1030 4416 1464 4492 Ἁλικαρνασσοῦ
1511 4419 1606 4491 μὶν
1637 4423 1736 4487 τῆς
1771 4418 1960 4478 Ἀσίας

294 4506 618 4577 ἐπίσκοπος,
672 4510 769 4576 τῆς
827 4505 887 4562 δὲ
937 4509 1284 4583 Εύτυχιανῆς
1343 4504 1665 4578 κακοδοξίας
1732 4507 1963 4582 προστά-

2103 1927 2165 1964 se
2185 1911 2440 1968 Judaicaa
2470 1913 2681 1969 haeresi
2701 1915 2978 1986 prmbuit,
3000 1915 3184 1970 alium
3205 1932 3307 1987 per
3326 1932 3389 1971 se
3415 1932 3545 1971 esse
3565 1917 3742 1971 Chri-

2099 2005 2280 2067 stum,
2302 2001 2608 2074 aliumque
2657 2019 2863 2059 rursus
2895 2004 3149 2060 Verbum
3180 2005 3305 2073 Dei,
3329 2020 3590 2061 errorem
3620 2005 3742 2060 avi-
3775 2053 3780 2058 .

2096 2093 2222 2145 tum
2254 2091 2555 2162 sequendo
2587 2096 2875 2148 statuens.

2164 2269 2290 2324 Jam
2323 2270 2569 2326 Manetis
2598 2275 2775 2343 atque
2817 2271 3144 2343 Apolinarii
3184 2271 3444 2330 adversis
3472 2274 3742 2346 partibus

2093 2359 2301 2416 tertius
2329 2367 2733 2435 propugnator
2761 2363 2985 2419 exstitit
3032 2365 3344 2436 Eutyches,
3393 2366 3741 2421 monasterii

2095 2450 2379 2522 Cpolitani
2438 2453 2734 2526 princeps.
2800 2455 2855 2508 Is
2912 2470 3152 2510 carnem
3200 2455 3414 2511 Christi
3471 2455 3742 2527 ejusdem

2088 2538 2271 2596 fuisse
2290 2557 2424 2597 cum
2447 2547 2650 2598 nostra
2671 2548 2896 2599 naturai
2910 2549 3087 2616 atque
3105 2544 3449 2601 substantias
3467 2545 3738 2601 confiteri
3769 2551 3774 2554 ’

2091 2645 2212 2684 non
2248 2631 2530 2687 sustinuit
2556 2650 2570 2699 ;
2593 2634 2942 2706 negavitque
2976 2635 3037 2689 in
3082 2635 3310 2690 Christo
3342 2635 3488 2691 duas
3505 2652 3740 2707 perma-

2093 2733 2239 2774 nere
2271 2725 2512 2776 naturas
2533 2727 2667 2793 post
2688 2739 2889 2779 earum
2910 2725 3195 2779 unionem
3217 2729 3391 2795 atque
3406 2725 3733 2780 concretio-

2089 2824 2246 2862 nem.
2271 2809 2423 2874 Quin
2451 2811 2793 2866 etinaudita
2821 2812 2936 2868 alia
2993 2818 3170 2884 atque
3217 2818 3554 2870 monstrosa
3597 2830 3735 2869 con-

2088 2895 2276 2966 ﬁnxit,
2310 2913 2524 2968 corpus
2562 2899 2777 2953 Christi
2835 2915 2907 2954 ex
2965 2899 3110 2955 caelo
3166 2900 3474 2972 delapsum
3543 2900 3732 2970 aiens,

2087 3000 2276 3055 eoque
2304 2986 2364 3039 in
2391 2987 2550 3041 cmlis
2581 2987 2857 3043 indutum
2889 2988 3144 3044 Verbum
3167 2989 3264 3044 Dei
3295 3005 3401 3060 per
3430 2989 3729 3062 Virginem

2083 3073 2263 3127 veluti
2293 3091 2401 3145 per
2429 3075 2697 3132 canalem
2720 3077 3365 3144 transivisse,utinatus
3391 3094 3462 3134 ex
3478 3079 3729 3135 muliere

2083 3161 2403 3230 videretur,
2436 3181 2569 3219 cum
2593 3182 2713 3221 non
2759 3171 3104 3222 nasceretur
3151 3171 3372 3223 tamen.
3424 3168 3727 3224 Manichaei

2081 3249 2194 3305 ista
2224 3257 2313 3306 est
2342 3252 2562 3324 opinio,
2598 3259 2653 3310 et
2683 3255 2924 3326 quidem
2983 3257 3228 3312 Manetis
3286 3257 3464 3312 etiam
3503 3257 3729 3313 deliriis

2075 3339 2408 3397 absurdior.
2431 3343 2487 3398 Is
2519 3360 2754 3417 quoque
2781 3347 2958 3418 igitur
2976 3362 3252 3418 perverso
3283 3346 3462 3403 corde
3482 3348 3723 3404 unicam

2073 3429 2287 3484 Christi
2319 3436 2593 3489 naturam
2631 3435 2904 3491 asseruit.

2147 3617 2304 3672 460
2321 3615 2790 3671 PosteaS-everus
2821 3614 3087 3685 quidam,
3121 3620 3356 3688 arrepto
3386 3616 3727 3673 Antiochea

2074 3705 2653 3778 episcopatu,rursus
2670 3704 2914 3760 Manetis
2943 3704 3272 3774 Apolinarii
3304 3709 3362 3759 et
3383 3704 3725 3776 Eutychetis

2072 3811 2303 3850 errores
2321 3793 2635 3849 defendere
2653 3793 3346 3864 intendit,quantumque
3378 3794 3440 3848 in
3466 3794 3595 3864 ipso
3613 3794 3726 3848 fuit

2069 3885 2306 3951 virium,
2339 3884 2400 3938 id
2431 3883 2561 3955 paci
2593 3881 2869 3937 Ecclesiae
2919 3882 3341 3938 conturbandas
3404 3883 3718 3957 impendit.

2071 3975 2387 4030 Antiochia
2415 3978 2613 4028 autem
2645 3971 2852 4044 pulsus
2873 3971 3048 4026 homo
3079 3972 3395 4027 seditiosus
3439 3977 3497 4027 et
3541 3973 3718 4030 rebus

2074 4062 2382 4118 turbandis
2411 4062 2694 4128 intentus,
2728 4062 2915 4116 instar
2943 4061 3216 4132 procellas
3247 4067 3423 4132 atque
3465 4063 3718 4118 turbinis

2069 4152 2608 4207 Alexandrinorum
2637 4151 2859 4206 levitati
2886 4149 3172 4205 incubuit.
3209 4151 3314 4206 Ubi
3346 4167 3480 4206 cum
3513 4168 3584 4206 ex
3619 4153 3718 4207 ad-

2067 4258 2233 4297 versa
2264 4245 2428 4312 parte
2455 4245 2667 4295 contra
2689 4256 2824 4294 eum
2843 4240 3161 4294 vehemens
3177 4245 3385 4294 ventus
3405 4244 3716 4312 tempesta-

2069 4336 2187 4387 tem
2226 4331 2600 4395 concitasset,
2661 4329 2886 4402 ingenti
2935 4329 3192 4384 tumultu
3246 4334 3404 4385 totus
3461 4329 3712 4401 populus

2064 4419 2346 4476 confusus
2377 4418 2506 4473 fuit.
2541 4417 2900 4473 Disturbavit
2928 4419 3087 4472 enim
3119 4433 3254 4473 eum
3281 4417 3550 4474 Julianus
3581 4418 3710 4489 qui-

2066 4507 2626 4577 dam,Halicarnassi
2655 4507 2808 4562 Asia:
2842 4506 3003 4562 urbis
3030 4508 3360 4581 episc0pus,
3392 4507 3712 4564 animosis-

287 4619 390 4669 της
425 4597 812 4669 εὖθυμότατος.
847 4592 1090 4671 Σεϐήρου
1120 4599 1223 4674 γάρ
1286 4598 1412 4670 μίαν
1457 4595 1613 4675 φύσιν
1672 4597 1809 4651 εἶναι
1859 4595 1943 4653 λέ-

2087 4599 2240 4653 imus
2268 4596 2648 4669 Eutychiante
2678 4596 2954 4652 falsitatis
2983 4599 3554 4671 propugnator.Nam
3571 4614 3707 4653 cum

290 4710 486 4764 γοντος
515 4689 608 4743 τὸν
644 4688 873 4762 Χριστὸν
901 4686 990 4742 καὶ
1040 4689 1139 4757 τὴν
1173 4687 1224 4742 ἐν
1276 4692 1502 4763 Χριστῷ
1532 4685 1788 4764 διαφοράν
1849 4685 1943 4743 δε-

291 4778 562 4855 χομένου,
599 4777 902 4836 Ἰουλιανοῦ
953 4775 1010 4833 δὲ
1079 4777 1202 4852 μίαν
1240 4780 1336 4852 μὲν
1400 4780 1537 4834 κατά
1579 4779 1673 4833 τὸν
1706 4774 1946 4854 Σεϐῆρον

290 4870 594 4949 φάσκοντος
626 4869 806 4942 φύσιν,
839 4867 1192 4940 ἀναιροῦντος
1224 4865 1282 4922 δὲ
1324 4869 1423 4936 τήν
1456 4866 1740 4946 διαφορὰν,
1773 4866 1941 4924 α’ίτιοι

287 4959 468 5026 πάσης
502 4964 752 5032 ταραχῆς
776 4957 864 5011 καὶ
901 4957 1073 5028 ζάλης
1130 4959 1408 5032 γεγόνασιν
1461 4959 1511 5012 οἱ
1571 4957 1800 5029 ἀνόσιοι,
1865 4959 1940 5031 μὴ

282 5054 566 5116 νοοῦντες,
598 5049 733 5103 κατὰ
762 5049 824 5102 τὸ
858 5044 923 5114 δὴ
968 5045 1285 5122 λεγόμενον,
1324 5049 1460 5120 μήτε
1489 5045 1522 5102 ἂ
1553 5046 1774 5124 λέγουσι
1803 5050 1939 5122 μήτε

281 5137 595 5212 περῖτίνων
655 5131 1114 5193 διαϐεϐαιοῦνται.
1177 5137 1387 5199 Οἳτινες
1445 5135 1581 5212 πρὸς
1637 5139 1785 5210 ἡμᾶς
1817 5135 1935 5192 διαο

284 5227 557 5302 μάχονται
619 5221 1004 5298 λαμϐάνόντας
1076 5225 1151 5286 εἷς
1236 5222 1580 5301 παράδειγμα
1633 5233 1733 5296 τῆς
1793 5226 1936 5290 θείας

278 5312 522 5375 ἒνώσεως
550 5314 643 5368 τὸν
671 5311 731 5367 ὶκ
761 5315 950 5389 ψυχῆς
999 5312 1088 5365 καὶ
1145 5312 1398 5385 σώματος
1455 5311 1757 5386 ἄνθρωπον,
1844 5314 1936 5367 καί

276 5423 452 5478 φασιν
492 5404 707 5459 Οὐκοῦν
736 5407 886 5474 τρεῖς
929 5401 1256 5477 ὁμολογεῖτε
1308 5400 1511 5479 φύσεις.
1544 5400 1704 5460 Ἀλλ’
1759 5401 1929 5457 ’ίστω-

276 5513 368 5548 σαν
400 5495 452 5550 οἱ
486 5494 720 5566 ἀμαθεῖς
750 5492 839 5545 καί
897 5488 1229 5558 ἀπαίδευτοι,
1286 5486 1410 5546 ὅταν
1469 5489 1562 5546 δύο
1617 5492 1802 5570 φύσεις
1851 5491 1932 5548 λέ-

341 5669 392 5743 ἒι
419 5671 442 5726 I
473 5665 730 5726 Timoth.
762 5681 803 5734 ι,
832 5662 890 5722 ι.

2057 4689 2302 4745 Severus
2327 4703 2507 4742 unam
2537 4687 2599 4741 in
2629 4686 2860 4741 Christo
2888 4692 3163 4743 naturam
3195 4705 3324 4743 esse
3369 4687 3592 4744 diceret
3639 4705 3706 4746 ac

2055 4776 2453 4833 differentiam
2479 4780 2842 4849 agnosceret,
2857 4776 3126 4832 Julianus
3156 4776 3363 4832 itidem
3391 4794 3574 4834 unam
3603 4795 3706 4834 na-

2054 4873 2248 4924 turam
2279 4869 2635 4938 affirmabat,
2697 4869 2800 4925 sed
2855 4869 3249 4925 differentiam
3295 4871 3565 4943 negabat.
3617 4873 3703 4925 Ita

2053 4958 2222 5030 impii
2254 4959 2340 5014 illi
2374 4960 2597 5033 ingenti
2631 4959 2818 5014 turbas
2851 4965 3027 5031 atque
3089 4961 3428 5031 tempestati
3459 4975 3699 5015 causam

2050 5047 2451 5119 praebuerunt,
2486 5065 2620 5104 vere
2651 5049 3011 5121 ignorantes,
3049 5055 3114 5103 ut
3155 5049 3237 5103 ait
3268 5049 3604 5120 Apostolus,
3639 5053 3697 5104 et

2049 5137 2190 5208 quid
2213 5137 2480 5193 dicerent
2513 5143 2571 5192 et
2602 5138 2816 5209 quibus
2848 5137 2920 5192 de
2953 5138 3130 5193 rebus
3163 5136 3592 5193 contenderent
3619 5136 3695 5199 ⁸³.

2047 5227 2318 5298 Pugnant
2347 5233 2554 5282 contra
2599 5244 2729 5294 nos,
2789 5243 2923 5282 cum
2977 5245 3082 5299 pro
3141 5227 3350 5282 divinas
3405 5227 3694 5284 unitionis

2047 5320 2315 5390 exemplo
2347 5319 2607 5374 hominis
2639 5336 2709 5373 ex
2742 5319 2940 5374 anima
2971 5325 3028 5374 et
3057 5335 3301 5390 corpore
3328 5321 3696 5377 constitutio-

2044 5423 2183 5462 nem
2213 5424 2591 5478 usurpamus,
2625 5409 2911 5480 aiuntque
2942 5426 3052 5464 nos
3077 5413 3194 5463 tres
3236 5409 3298 5463 in
3329 5409 3560 5466 Christo
3589 5427 3691 5467 na-

2042 5501 2206 5554 turas
2237 5503 2516 5554 statuere.
2552 5498 2708 5554 Scire
2755 5504 2954 5555 autem
3002 5499 3300 5556 debebant
3343 5500 3532 5575 ignari
3589 5502 3688 5557 isti
