4118 6288
370 359 488 420 503

1741 352 2059 414 GEORGII
2107 352 2447 415 CEDRENl

3663 358 3782 418 504

373 499 549 566 atque
577 491 798 548 indocti
831 490 1125 556 homines,
1151 505 1262 544 nos
1285 505 1420 544 cum
1454 489 1525 543 de
1574 489 1802 544 duabus
1834 489 2026 560 loqui-

2153 508 2335 565 γωμεν
2369 489 2554 560 ἡμεῖς,
2617 489 2683 542 οὐ
2743 491 2874 544 Θεοῦ
2931 488 3020 543 καὶ
3081 489 3297 564 σαρκὸς,
3331 487 3454 544 οὕτε
3495 489 3602 562 μὴν
3658 495 3832 546 Θεοῦ’

371 600 507 639 mur
529 581 906 647 naturis,non
938 578 1104 648 loqui
1138 579 1211 632 de
1240 579 1353 633 Deo
1385 584 1443 633 et
1464 595 1932 650 corpore,neque
1957 578 2028 633 de

370 675 488 730 Deo
523 677 580 725 et
609 670 830 736 anima,
875 667 980 722 sed
1014 666 1084 720 de
1116 668 1234 722 Deo
1268 672 1326 722 et
1349 667 1611 723 homine.
1644 669 1844 738 Neque
1867 669 2029 723 enim

368 761 607 834 proprie
621 758 884 813 hominis
911 755 1199 812 naturaid
1226 755 1560 828 appellatur
1573 757 1733 827 quod
1752 757 2028 812 humanas

369 854 594 906 naturae
615 865 751 921 pars
776 847 1117 917 est.Quippe
1135 852 1252 900 tam
1269 863 1482 916 corpus
1498 863 1674 916 quam
1689 847 1891 901 anima
1904 863 2032 917 par-

370 945 460 997 tes
485 944 625 994 sunt
647 937 908 993 hominis
936 952 948 1002 ;
975 941 1149 1005 atque
1175 936 1318 1006 ipsae
1343 942 1540 1005 partes
1562 953 1767 990 rursus
1801 936 1860 990 in
1883 936 2030 991 alias

375 1048 511 1086 suas
527 1034 726 1100 partes
739 1025 1380 1096 dividuntur,repetitis
1400 1025 1576 1079 etiam
1599 1025 1880 1095 deinceps
1894 1026 2032 1080 divi-

375 1119 640 1177 sionibus
663 1117 724 1171 in
739 1116 887 1171 alias
905 1116 1280 1170 minores.Ita
1292 1119 1490 1185 partes
1503 1114 1717 1168 Christi
1735 1115 2030 1169 distinctas

372 1216 510 1266 sunt
539 1207 736 1263 divina
767 1212 942 1276 atque
976 1206 1238 1259 humana
1262 1209 1512 1258 natura:
1544 1205 1745 1258 anima
1762 1209 1960 1259 autem
1977 1221 2034 1274 et

371 1301 516 1355 461
559 1314 773 1368 corpus
823 1295 953 1351 aliae
1014 1300 1154 1348 sunt
1210 1299 1428 1365 partes,
1483 1294 1666 1364 partis
1724 1295 2030 1348 nimirum.

372 1389 554 1444 Porro
585 1390 784 1457 partes
814 1383 1072 1455 partium
1107 1383 1390 1450 hominis,
1448 1383 1607 1452 quod
1667 1383 1739 1438 ad
1770 1383 2033 1438 animam

375 1476 608 1541 attinet,
633 1478 771 1529 sunt
801 1471 1134 1527 substantia
1155 1471 1382 1525 ratione
1416 1471 1664 1542 praedita
1691 1479 1748 1526 et
1779 1472 2034 1542 qualitas

378 1564 645 1636 corporis
677 1562 981 1633 expers.Et
1011 1560 1224 1616 animai
1257 1559 1420 1614 aliud
1457 1566 1545 1615 est
1572 1561 1728 1631 quod
1759 1562 2031 1631 imperat,

383 1653 547 1711 aliud
577 1651 735 1723 quod
767 1651 1066 1716 irascitur,
1099 1648 1263 1704 aliud
1293 1649 1452 1719 quod
1484 1651 1726 1720 appetit,
1781 1655 1838 1703 et
1878 1648 2036 1719 quod

380 1742 682 1814 intelligit,
715 1740 953 1812 cogitat,
986 1738 1262 1794 meminit
1281 1743 1457 1808 atque
1489 1738 2036 1809 consulit,itemque

383 1831 542 1902 quod
597 1828 824 1900 appetit
882 1832 939 1882 et
989 1827 1252 1894 attrahit,
1316 1832 1442 1880 tum
1515 1826 1674 1897 quod
1751 1826 2034 1897 defendit,

389 1921 620 1977 diversa
642 1923 799 1981 sunt,
826 1918 1036 1987 hisque
1070 1933 1276 1971 rursus
1317 1916 1521 1970 divisis
1550 1917 1668 1971 alia
1705 1921 2037 1986 emergunt.

375 2011 578 2080 Neque
607 2009 669 2062 in
700 2006 1020 2079 praesentia
1062 2006 1412 2076 quwrimus,
1444 2011 1720 2077 partesne
1779 2004 1892 2060 ista
1921 2005 2043 2059 sint

382 2098 569 2156 animi
601 2114 677 2152 an
709 2113 845 2151 vero
878 2095 1212 2150 facultates.
1240 2096 1463 2166 Corpus
1495 2111 1730 2166 quoque
1762 2095 2044 2150 dividitur

380 2189 448 2244 in
479 2191 700 2258 partes,
735 2201 987 2256 quarum
1020 2183 1151 2240 aliae
1182 2183 1450 2254 partibus
1493 2184 1651 2239 idem
1705 2201 1924 2239 nomen
1984 2189 2040 2238 et

386 2277 657 2332 eamdem
689 2274 947 2345 speciem
978 2272 1347 2328 servantibus
1379 2278 1672 2340 constant,
1705 2272 1836 2328 alim
1868 2273 2039 2328 dissi-

385 2365 652 2430 milibus,
687 2368 753 2417 ut
780 2363 1038 2433 primum
1071 2362 1132 2416 in
1164 2367 1338 2434 caput
1387 2378 1601 2417 manus
1659 2361 1860 2432 pedes,
1914 2363 2040 2417 haac

388 2453 605 2511 deinde
636 2453 696 2506 in
729 2468 863 2506 ossa
896 2467 1108 2504 nervos
1139 2467 1402 2514 carnem,
1426 2451 1551 2506 haec
1581 2467 1788 2506 rursus
1818 2452 1880 2506 in
1902 2468 2041 2522 qua-

383 2549 520 2599 tuor
549 2542 869 2607 elementa,
899 2545 957 2594 et
977 2557 1048 2594 ea
1094 2539 1335 2594 demum
1368 2541 1429 2594 in
1457 2541 1768 2596 materiam
1799 2558 1865 2595 ac
1921 2541 2043 2595 for-

387 2646 569 2686 mam.
601 2627 782 2682 Multa
812 2643 988 2699 porro
1021 2627 1139 2681 alia
1195 2627 1693 2699 philosophantur
1722 2629 1936 2684 medici
1970 2627 2041 2683 de

386 2716 768 2775 facultatibus
799 2715 1190 2781 naturalibus,
1213 2733 1464 2786 quarum
1496 2717 1673 2772 aliam
1707 2718 2040 2773 tractricem

391 2812 571 2868 aliam
601 2811 1000 2866 alteratricem
1015 2809 1193 2864 aliam
1208 2809 1600 2880 expultricem
1631 2809 2044 2865 dicunt.Multa

395 2903 575 2958 etiam
604 2901 676 2955 de
722 2899 1016 2968 sensibus,
1069 2897 1140 2953 de
1198 2898 1561 2970 imaginandi
1615 2899 1916 2967 facultate,
1970 2900 2044 2954 de

394 2991 558 3046 vitali
590 3007 656 3046 ac
685 3007 792 3061 per
821 2989 1218 3043 instrumenta
1251 3003 1358 3042 sua
1402 2987 1588 3042 didito
1649 2989 1880 3059 spiritu,
1942 2989 2042 3059 qui

396 3080 674 3136 animalis
695 3079 876 3133 vitam
907 3082 1237 3146 conservat,
1253 3093 1430 3147 quem
1461 3076 1533 3132 ab
1555 3077 1887 3132 intellectui
1921 3095 2042 3132 ser-

387 3170 581 3225 viente
613 3168 909 3224 diversum
960 3171 1247 3222 statuunt.
1306 3165 1816 3232 Quemadmodum
1865 3167 2043 3240 igitur

2217 577 2230 598 ‘
2391 585 2418 595 ..
2519 578 2531 592 ιι
2629 577 2643 594 ι
2791 582 2812 592 ε-
2919 577 2932 594 \
3006 579 3018 594 θ
3151 577 3163 598 I
3421 575 3492 596 sv“
3599 579 3609 597 ι
3680 579 3694 598 ν

2141 598 2232 632 και
2267 581 2476 652 ψυχης,
2508 576 2654 632 αλλά
2685 583 2817 633 Θεου
2846 599 2936 632 και
2995 579 3304 652 ανθρωπου.
3365 579 3504 636 Ουοε
3545 598 3649 653 γαρ
3677 599 3788 635 εστι

2141 666 2348 742 κυρίως
2381 667 2663 742 ἂνθρώπου
2723 667 2878 744 φύσις
2933 669 2967 737 ἡ
3029 671 3126 722 τοῦ
3183 668 3379 741 μέρους
3413 667 3590 746 φύσις.
3639 669 3788 742 Μέρη

2147 757 2244 830 μὶν
2275 757 2380 832 γὰρ
2413 757 2701 831 ἀνθρώπου
2759 758 2910 832 ψυχὴ
2971 757 3060 811 καὶ
3119 761 3296 829 σῶμα,
3360 758 3496 830 μέρη
3571 756 3629 811 δὲ
3686 763 3790 812 τῶν

2147 849 2325 918 μερῶν
2380 846 2434 900 αἱ
2489 845 2615 920 περὶ
2669 845 2804 900 αὐτὰ
2862 842 3147 919 διαιρέσεις
3203 866 3262 900 τε
3339 846 3428 900 καὶ
3492 843 3793 920 ὑποδιαιρέ-

2145 955 2274 995 σεις.
2321 933 2417 990 Καὶ
2470 934 2608 1009 μέρη
2673 935 2764 1006 μὲν
2821 938 3069 1009 Χριστοῦ
3127 933 3409 1008 ἀσύγχυτα
3457 934 3647 1005 θεότης
3703 936 3788 990 καὶ

2146 1023 2526 1098 ἀνθρωπότης,
2557 1025 2710 1098 ψυχή
2741 1022 2798 1078 δὲ
2827 1023 2914 1077 καὶ
2971 1028 3130 1097 σῶμα
3187 1021 3334 1078 ἄλλα
3385 1022 3524 1097 μέρη
3565 1028 3658 1078 τοῦ
3692 1026 3785 1097 μέ-

2146 1131 2294 1186 ρους.
2326 1112 2471 1186 Μέρη
2519 1114 2611 1186 μὲν
2644 1117 2751 1167 τῶν
2809 1117 2984 1186 μερῶν
3042 1117 3138 1167 τοῦ
3195 1112 3485 1186 ἀνθρώπου
3546 1113 3631 1168 ἐπὶ
3693 1115 3776 1185 μὶν

2145 1204 2328 1276 ψυχῆς
2360 1201 2516 1256 οὐσία
2566 1201 2762 1275 λογικὴ
2823 1202 2914 1255 καὶ
2972 1203 3201 1271 ποιότης
3260 1203 3570 1274 ἀσώματος,
3602 1203 3676 1256 ὧν
3730 1203 3789 1256 τὸ

2151 1289 2246 1362 μὶν
2278 1290 2626 1362 ἡγεμονικὸν,
2659 1291 2721 1344 τὸ
2753 1287 2810 1344 δὲ
2839 1291 3092 1362 θυμικὸν,
3146 1292 3209 1344 τὸ
3267 1288 3324 1344 δὲ
3376 1286 3792 1364 ἐπιθυμητικόν.

2148 1378 2370 1437 Τούτων
2401 1380 2463 1433 τὸ
2497 1380 2590 1451 μὲν
2642 1379 3030 1452 έννοηματικὸν
3087 1377 3428 1449 διανοητικὸν
3485 1401 3791 1453 μνημονευ-

2147 1469 2297 1524 τικόν
2327 1488 2387 1523 τε
2441 1468 2530 1522 καὶ
2591 1467 2969 1543 βουλευτικὸν,
3027 1469 3090 1523 τὸ
3149 1467 3205 1524 δὲ
3263 1469 3536 1543 ὀρεκτικόν
3589 1489 3646 1523 τε
3700 1470 3788 1522 καὶ

2150 1557 2420 1627 ἑλκτικὸν,
2451 1559 2514 1614 τὸ
2547 1555 2605 1613 δὲ
2635 1558 2953 1631 ἁμυντικόν.
2987 1559 3090 1615 Καὶ
3143 1556 3334 1614 πολλά
3389 1558 3542 1635 ἕτερα
3571 1561 3794 1621 τούτοις

2156 1644 2590 1723 ὑποδιαιροῦται.
2649 1646 2917 1725 Ἀφείσθω
2991 1647 3056 1701 τὰ
3141 1646 3233 1701 νῦν
3320 1654 3498 1718 ζητεῖν
3567 1650 3796 1721 πότερον

2151 1739 2236 1807 [Ρ.
2268 1738 2393 1810 263]
2427 1737 2501 1800 ὡς
2534 1735 2671 1810 μέρη
2705 1740 2878 1790 ταῦτα
2934 1736 3066 1791 εἰσὶν
3125 1736 3176 1791 έν
3209 1736 3277 1811 τῇ
3305 1741 3457 1812 ψυχῇ
3567 1738 3642 1798 ὡς
3703 1733 3801 1791 δυ-

2149 1827 2360 1899 νάμεις.
2397 1828 2455 1880 ἸΙ
2492 1823 2547 1880 δὲ
2597 1829 2694 1880 τοῦ
2735 1826 2990 1896 σώματος
3045 1823 3210 1880 πάλιν
3279 1824 3535 1900 διαίρεσις
3593 1827 3802 1901 γίνεται

2152 1915 2228 1975 εἷς
2261 1915 2594 1988 ὁμοιομερῆ,
2626 1913 2716 1968 καὶ
2754 1915 2960 1968 τούτων
2993 1909 3072 1968 ἔτι
3115 1915 3188 1977 εἰς
3241 1913 3482 1992 κεφαλὴν
3515 1916 3606 1971 καὶ
3683 1922 3805 1990 χεῖ-

2153 2021 2244 2076 ρας
2273 2003 2364 2057 καὶ
2397 2000 2589 2074 πόδας,
2615 2003 2703 2058 καὶ
2763 2007 2932 2057 ταῦτα
2989 2002 3066 2064 εἷς
3136 2003 3295 2059 ὀστέα
3347 2005 3436 2060 καὶ
3493 2009 3656 2078 νεῦρα
3708 2003 3807 2058 καὶ

2151 2091 2341 2168 σάρκα,
2373 2092 2463 2146 καὶ
2518 2096 2686 2148 ταῦτα
2742 2092 2820 2153 είς
2875 2092 3106 2167 τέσσαρα
3173 2099 3442 2169 στοιχεῖα,
3496 2093 3586 2149 καὶ
3632 2098 3808 2149 ταῦτα

2153 2180 2229 2244 εἰς
2259 2177 2398 2251 ὕλην
2429 2181 2517 2236 καὶ
2550 2178 2715 2244 εἶδος.
2752 2180 2944 2236 Πολλά
2972 2179 3030 2236 δὲ
3057 2182 3147 2236 καὶ
3203 2179 3356 2258 ἕτερα
3410 2181 3810 2261 φιλοσοφοῦσιν

2153 2271 2350 2344 ίατρῶν
2390 2268 2578 2332 παῖδες
2609 2270 2732 2346 περὶ
2801 2275 3040 2346 φυσικῶν
3083 2268 3378 2344 δυνάμεων,
3430 2274 3505 2326 ὧν
3554 2275 3654 2343 τὴν
3709 2273 3810 2344 μὶν

2151 2357 2557 2428 ὲλκτικήν,τὴν
2609 2357 2667 2413 δὲ
2723 2357 3120 2429 ἀλλοιωτικὴν,
3177 2363 3277 2430 τήν
3334 2358 3391 2416 δέ
3437 2363 3807 2436 ἀποκριτικὴν

2154 2449 2506 2520 ὀνομάζουσι,
2538 2445 2814 2502 πολλὰδὲ
2851 2449 2940 2502 καὶ
2998 2449 3120 2523 περὶ
3160 2449 3462 2520 αἰσθήσεως
3521 2452 3611 2506 καὶ
3671 2473 3810 2528 φαν-

2149 2537 2335 2599 τασίας
2366 2537 2580 2592 καὶτοῦ
2613 2537 2936 2615 συνέχοντος
2967 2539 3028 2593 τὸ
3078 2539 3213 2608 ζῶον
3275 2545 3505 2609 ζωτικοῦ
3560 2543 3651 2596 καὶ
3713 2543 3810 2619 ὀρ-

2149 2631 2373 2704 γανικοῦ
2458 2625 2788 2699 πνεύματος,
2848 2625 3030 2703 ἐτέρου
3098 2631 3245 2703 παρὰ
3293 2631 3354 2684 τὸ
3409 2630 3661 2706 λογικὸν,
3736 2632 3808 2695 ὥς

2153 2738 2336 2795 φασιν,
2373 2719 2740 2795 ὑπάρχοντος.
2791 2719 2947 2773 Ὣστε
3001 2718 3178 2774 τοίνυν
3238 2719 3461 2795 ἀπόχρη
3522 2723 3660 2797 πρὸς
3743 2725 3804 2780 τὸ

2153 2813 2492 2881 παραστῆσαι
2541 2811 2709 2862 ταῦτα
2764 2807 2939 2863 πάντα
2998 2806 3132 2883 [διὰ]
3198 2811 3261 2865 τὸ
3311 2811 3483 2882 σάρκα
3513 2811 3682 2867 εἰπεῖν
3766 2815 3800 2882 ἢ

2151 2900 2310 2968 σῶμα
2336 2896 2642 2969 ἀνθρώπου,
2675 2897 2764 2951 καὶ
2811 2897 3035 2971 ἀπόχρη
3069 2896 3234 2953 πάλιν
3270 2896 3357 2953 διὰ
3413 2907 3512 2969 τῆς
3568 2900 3790 2976 λογικῆς

2151 2987 2336 3060 ψυχῆς
2359 2991 2422 3040 τὸ
2454 2984 2529 3046 εἰς
2560 2984 2594 3040 ἄ
2624 2983 2912 3055 διαιρεῖται
2965 2986 3102 3061 μέρη
3164 2984 3414 3058 δηλῶσαί
3463 3009 3516 3043 τε
3543 2991 3624 3044 καὶ
3684 3011 3786 3044 πα-

2154 3081 2414 3145 ραστῆσαι
2472 3075 2537 3128 τὰ
2592 3073 2641 3145 ἐξ
2698 3075 2770 3129 ὧν
2832 3074 3147 3145 συνέστηκεν
3217 3075 3270 3132 έν
3331 3081 3414 3140 οἷς
3461 3078 3790 3154 γνωρίζεται.

2153 3166 2215 3218 0i
2248 3161 2323 3236 δὲ,
2377 3165 2485 3238 οὐχ
2524 3162 2616 3219 ’ίνα
2671 3167 2762 3220 τὸν
2823 3164 3106 3240 ἄνθρωπον
3161 3165 3371 3222 τέλειον
3426 3169 3804 3248 ἀποφήνωσιν,

391 3259 467 3313 ad
517 3257 634 3311 ista
684 3253 864 3310 simul
921 3253 1198 3308 universa
1253 3253 1776 3309 commemoranda
1823 3237 2040 3310 sufficit

2157 3253 2282 3310 ἀλλ’
2309 3252 2400 3309 ’ίνα
2429 3255 2520 3309 τὸν
2555 3256 2752 3328 Κύριον
2795 3259 3246 3333 συκοφαντήσωσι
3285 3258 3374 3313 καὶ
3407 3267 3505 3328 τῆς
3535 3263 3806 3337 ἡμετέρας

393 3346 706 3402 nominare
736 3343 829 3398 vel
851 3358 1091 3397 carnem
1122 3341 1212 3394 vel
1239 3357 1452 3412 corpus
1483 3343 1853 3412 honiinis,ita
1883 3359 2041 3398 men-

393 3436 558 3490 tione
588 3433 802 3488 anima)
834 3431 1065 3485 ratione
1116 3430 1378 3501 prmditm
1436 3432 1609 3500 facta,
1664 3433 1806 3487 satis
1863 3433 2041 3488 etiam

395 3523 813 3595 intelliguntur
843 3520 972 3590 ejus
999 3525 1216 3590 partes,
1249 3519 1310 3573 in
1363 3537 1509 3589 quas
1555 3520 1834 3575 dividitur
1864 3527 1920 3575 et
1973 3539 2044 3576 ex

396 3612 610 3684 quibus
642 3608 1124 3665 constat.Verum
1146 3608 1242 3663 isti
1273 3624 1395 3663 non
1427 3613 1491 3663 ut
1520 3610 1825 3665 hominem
1849 3613 2040 3666 omni-

394 3702 504 3758 bus
533 3701 798 3756 numeris
825 3698 1165 3754 absolutum
1197 3698 1605 3768 pronuntient,
1640 3699 1743 3753 sed
1782 3705 1846 3754 ut
1876 3700 2043 3754 Chri-

392 3797 548 3846 stum
581 3789 1022 3846 calumnientur
1051 3804 1306 3857 eumque
1339 3804 1372 3842 a
1425 3794 1629 3843 nostra
1661 3796 1874 3844 natura
1905 3790 2043 3845 alie-

2151 3343 2315 3399 αὐτὸν
2349 3342 2770 3418 ἀλλοτριώσωσι
2799 3344 3032 3416 φύσεως,
3064 3346 3155 3402 καὶ
3207 3345 3243 3416 ἤ
3279 3349 3354 3419 μὴ
3387 3349 3808 3425 προσειληφότα

2150 3435 2248 3504 τὴν
2275 3435 2456 3508 ἀρχὴν
2483 3434 2544 3488 τὸ
2576 3433 2840 3507 ἡμέτερον
2897 3435 2931 3504 ἢ
2994 3438 3069 3508 μή
3133 3436 3436 3513 φυλάξαντα
3494 3444 3637 3495 σῶον
3674 3442 3810 3516 ὅπερ

2151 3516 2280 3598 ἔσχε
2311 3524 2436 3597 παρ’
2466 3526 2652 3596 ἡμῶν,
2682 3528 2849 3579 ταῦτα
2904 3525 2992 3579 καὶ
3050 3527 3117 3580 τὰ
3171 3531 3394 3581 τοιαῦτα
3424 3531 3810 3606 σοφιζόμενοι,

2149 3614 2237 3668 καὶ
2297 3613 2422 3686 περὶ
2477 3614 2539 3668 τὸ
2599 3612 2944 3691 παράδειγμα
2999 3622 3442 3691 κακουργοῦντες,
3503 3620 3581 3682 εἰς
3667 3621 3810 3699 ἀφύ-

2152 3722 2314 3763 κτους
2390 3701 2480 3757 καὶ
2540 3699 2947 3773 ἀδιεξοδεύτους
3004 3707 3458 3762 καταπεπτώκασι
3541 3705 3816 3785 λαϐυρίν-

2158 3792 2303 3853 Θους.

392 3898 537 3937 num
563 3881 803 3943 faciant,
837 3885 902 3933 ut
929 3878 1020 3931 vel
1053 3894 1127 3932 ne
1159 3879 1555 3948 assumpsisse
1589 3878 1829 3949 quidem
1864 3879 2032 3935 initio
2065 3887 2330 3938 nostram
2382 3889 2658 3939 naturam
2718 3885 3017 3955 credatur,
3069 3887 3159 3942 vel
3219 3889 3278 3944 id
3337 3889 3636 3961 integrum
3693 3909 3815 3947 non

395 3986 659 4026 servasse
693 3968 852 4039 quod
884 3984 917 4023 a
949 3967 1121 4022 nobis
1153 3972 1483 4037 acceperat,
1517 3973 1832 4039 pr0pterea
1862 3969 2205 4040 hujusmodi
2241 3973 2400 4028 462
2433 3973 2714 4044 captiosis
2744 3979 2992 4030 utuntur
3021 3977 3590 4050 ratiocinationibus,
3615 3999 3818 4037 exem-

393 4060 680 4132 plumque
711 4057 1080 4129 propositum
1116 4056 1273 4112 mala
1301 4057 1414 4112 [ide
1447 4063 1855 4128 pervertentes
1889 4059 2400 4117 inextricabilibus
2431 4067 2489 4116 et
2521 4062 2743 4118 exitum
2775 4080 2896 4119 non
2952 4065 3310 4124 habentibus
3354 4086 3484 4124 sese
3529 4069 3807 4128 insinua-

395 4155 606 4206 verunt
635 4146 1006 4218 labyrinthis.

467 4240 546 4293 De
578 4237 672 4292 his
702 4241 760 4292 et
781 4251 985 4291 eorum
1018 4233 1316 4290 similibus
1371 4235 1568 4306 impiis
1627 4237 1930 4292 erroribus
1962 4238 2045 4292 ita

396 4326 601 4384 scribit
628 4324 1050 4380 Theodoretus.
1081 4324 1230 4378 Sunt
1251 4323 1513 4394 quidem,
1548 4325 2043 4395 inquit,nonnulli

2227 4237 2446 4310 Ἀμέλει
2476 4240 2539 4316 γέ
2569 4260 2654 4296 τοι
2711 4240 2801 4294 καὶ
2843 4238 3198 4317 Θεοδὼρητος
3256 4237 3356 4321 ἔφη
3417 4247 3538 4319 περὶ
3597 4249 3816 4304 τούτων

2153 4325 2380 4380 καὶτῶν
2431 4329 2699 4383 τοιούτων
2756 4329 2988 4385 ἀνοσίων
3046 4330 3252 4394 οὕτως·
3322 4334 3439 4389 Εἰσὶ
3501 4335 3694 4408 μέντοι
3752 4337 3817 4413 γέ

398 4418 575 4474 etiam
631 4414 873 4469 nomine
931 4412 1271 4477 Christiani,
1333 4413 1433 4482 qui
1492 4413 1687 4484 palam
1739 4415 2040 4470 veritatem

2153 4436 2292 4477 τινες
2323 4417 2375 4470 οἳ
2425 4416 2515 4471 καὶ
2570 4422 2918 4492 Χριστιανῶν
2986 4420 3086 4491 μὶν
3144 4424 3516 4498 προσηγορίαν
3559 4412 3813 4504 ἔχουσιν,

398 4508 758 4578 oppugnant.
785 4503 1005 4556 Horum
1027 4501 1129 4555 alii
1178 4500 1239 4555 id
1298 4502 1454 4571 quod
1485 4504 1750 4574 genitum
1781 4522 1902 4560 non
1933 4512 2042 4571 est,

399 4595 461 4649 in
493 4589 1053 4663 triapartiuntur,in
1084 4589 1332 4653 bonum,
1396 4591 1618 4647 malum
1681 4599 1738 4648 et
1787 4595 2041 4664 justum.

401 4681 515 4738 Alii
537 4681 652 4736 duo
684 4691 991 4749 nunquam
1020 4684 1160 4732 nata
1191 4678 1484 4750 principia
1513 4680 1862 4753 depingunt,
1896 4685 2042 4739 invi-

401 4788 530 4827 cem
562 4785 741 4840 quam
775 4767 1029 4822 maxime
1063 4767 1382 4822 contraria.
1418 4769 1552 4838 Alii,
1589 4772 1689 4840 qui
1741 4789 1802 4826 se
1847 4774 2046 4844 impiis

401 4861 530 4916 istis
586 4856 967 4930 opinionibus
1049 4855 1344 4911 adversari
1423 4859 1796 4928 profitentur,
1869 4861 2047 4918 aliam

400 4947 722 5021 impietatis
779 4945 934 4999 viam
987 4943 1401 5016 ingrediuntur
1437 4965 1449 5002 :
1486 4946 1854 5019 unigenitum
1887 4952 2048 5006 enim

400 5038 501 5095 Dei
537 5035 790 5091 Verbum
823 5050 956 5088 cum
986 5033 1287 5090 fateantur
1312 5051 1441 5090 esse
1473 5035 1709 5105 Filium,
1765 5044 2046 5110 tanquam

398 5128 618 5185 factum
649 5122 938 5180 creaturis
970 5130 1390 5189 annumerant,
1425 5125 1606 5196 inque
1639 5143 1844 5183 earum
1889 5129 2048 5184 ordi-

400 5233 534 5272 nem
565 5215 934 5269 conditorem
967 5212 1261 5283 redigunt.
1296 5213 1576 5269 Sanctum
1601 5233 1834 5288 quoque
1865 5219 2046 5290 Spiri-

399 5310 524 5360 tum
549 5304 729 5374 impio
782 5318 1059 5357 sermone
1119 5301 1316 5358 divina
1360 5307 1758 5362 exterminant
1815 5314 2045 5366 natura.

401 5393 515 5448 Alii
547 5391 662 5446 alio
685 5407 720 5445 a
750 5397 908 5446 recto
941 5391 1156 5447 itinere
1183 5391 1566 5460 divertentes,
1600 5395 1741 5451 dum
1791 5399 2050 5470 vestigiis

403 5487 878 5552 antegressorum
915 5481 1189 5536 insistere
1222 5481 1574 5554 detrectant,
1608 5485 1780 5560 longe
1833 5505 1868 5542 a
1897 5489 2049 5543 veri-

407 5577 525 5626 tate
557 5568 1229 5624 aberraverunt.Eorum
1245 5573 1521 5627 nonnulli
1545 5575 1758 5629 Christi
1792 5577 1852 5630 in
1875 5594 2051 5632 carne

411 5657 915 5731 dispensationem
947 5674 1052 5728 pro
1083 5659 1255 5713 nobis
1284 5661 1497 5716 factam
1523 5679 1766 5732 prorsus
1797 5665 2054 5721 infitian-

2154 4503 2404 4578 ἄντικρυς
2435 4505 2491 4558 δὲ
2519 4511 2634 4567 τοῖς
2664 4512 2767 4575 τῆς
2825 4506 3086 4577 ἀληθείας
3145 4507 3384 4586 δόγμασι
3442 4511 3812 4586 πολεμοῦσιν.

2157 4593 2226 4650 Οἱ
2253 4593 2347 4665 μὲν
2379 4594 2478 4668 γὰρ
2507 4595 2570 4649 τὸ
2602 4593 2895 4670 ἀγέννητον
2956 4597 3032 4659 εἷς
3089 4599 3214 4673 τρία
3269 4601 3550 4673 τέμνουσι,
3599 4603 3694 4657 καὶ
3753 4605 3816 4658 τὸ

2159 4682 2252 4755 μὲν
2285 4682 2543 4737 καλοῦσιν
2575 4684 2798 4759 ἀγαθὸν,
2828 4686 2890 4740 τὸ
2949 4683 3006 4741 δὲ
3058 4689 3246 4757 κακὸν,
3277 4690 3338 4744 τὸ
3390 4688 3447 4744 δὲ
3478 4687 3714 4750 δίκαιον.
3748 4694 3815 4750 Οἱ

2159 4768 2215 4825 δὲ
2237 4768 2336 4825 δύο
2367 4772 2540 4847 ἀρχὰς
2570 4772 2895 4846 ἀγεννήτους
2944 4780 3309 4855 ζωγραφοῦσι,
3377 4784 3456 4850 τῷ
3515 4779 3670 4855 λόγῳ
3701 4781 3814 4837 ἀλ·-

2159 4859 2357 4931 λήλαις
2398 4861 2630 4922 ἐναντίας
2690 4862 2749 4917 ἐκ
2806 4860 3118 4940 διαμέτρου.
3180 4866 3383 4924 ⁹¹Αλλοι
3437 4867 3495 4924 δὲ
3552 4876 3673 4934 τοῖς
3714 4872 3815 4944 μὲν

2156 4945 2368 5005 ἀσεϐέσι
2432 4950 2648 5014 τούτοις
2707 4951 2972 5024 πολεμεῖν
3027 4953 3462 5031 ἐπαγγέλλονται
3521 4957 3816 5035 δόγμασιν,

2157 5039 2340 5114 ἑτέραν
2402 5037 2459 5094 δὲ
2517 5036 2824 5104 δυσσεϐείας
2883 5042 3188 5100 ἐπινοοῦσιν
3219 5043 3360 5102 ὁδόν·
3413 5049 3504 5102 τὸν
3560 5050 3664 5124 γὰρ
3716 5053 3817 5105 τοῦ

2157 5133 2290 5184 Θεοῦ
2325 5137 2586 5203 μονογενῆ
2615 5131 2786 5206 Λόγον
2847 5131 3250 5207 ὁμολογοῦντες
3308 5136 3431 5193 Υἱὸν
3490 5138 3564 5199 ὡς
3595 5139 3818 5210 ποίημα

2155 5221 2222 5291 τῇ
2297 5217 2464 5272 κτίσει
2522 5223 2930 5292 συναριθμοῦσι,
2991 5223 3080 5276 καὶ
3133 5225 3224 5278 τὸν
3296 5226 3530 5296 Κτίστην
3617 5229 3817 5282 ἱστῶσι

2163 5307 2296 5380 μετὰ
2323 5315 2423 5376 τῆς
2451 5308 2695 5379 κτίσεως,
2725 5311 2815 5364 καὶ
2847 5311 2908 5364 τὸ
2971 5312 3123 5386 ἅγιον
3183 5319 3401 5388 ΙΙνεῦμα
3459 5321 3538 5388 τῷ
3567 5313 3820 5372 δυσσεϐεῖ

2160 5395 2315 5472 λόγῳ
2343 5404 2442 5466 τῆς
2478 5397 2618 5460 θείας
2649 5397 2948 5473 ἐξορίζουσι
2980 5401 3210 5477 φύσεως.
3271 5403 3466 5460 ’Ἄλλοι
3528 5403 3587 5462 δὲ
3625 5404 3820 5467 ἄλλως

2161 5489 2260 5556 τήν
2291 5487 2494 5552 εὐθεῖαν
2529 5486 2653 5544 ὁδὸν
2685 5487 3050 5553 ἀπολέσαντες
3079 5492 3168 5547 καί
3221 5500 3335 5556 τοῖς
3380 5499 3488 5550 τῶν
3522 5493 3818 5570 προωδευ-

2161 5577 2334 5632 κότων
2383 5576 2589 5652 ἴχνεσιν
2647 5577 3019 5648 ἀκολουθῆσαι
3081 5583 3156 5653 μὴ
3221 5582 3580 5656 βουληθέντες
3620 5584 3819 5658 πόρῥω

2163 5686 2267 5722 που
2325 5673 2423 5738 τῆς
2480 5667 2740 5742 ἀληθείας
2799 5666 3060 5746 ἐγένοντο,
3120 5671 3208 5726 καὶ
3272 5672 3324 5730 οὶ
3383 5674 3480 5748 μὲν
3516 5675 3617 5747 τὴν
3686 5673 3822 5750 ὑπὲρ
