4118 6288
341 397 453 460 505

339 531 500 602 ἡμῶν
545 531 910 607 γεγενημένην
969 531 1282 604 οἷκονομίαν
1380 532 1662 594 παντελῶς

344 639 519 688 σαντο,
553 620 604 673 οἱ
637 618 692 674 δὲ
720 620 1056 697 ὁμολογοῦσι
1118 621 1212 692 μὲν
1275 619 1680 696 ἐνανθρωπῆσαι
1737 621 1831 676 τὸν
1863 622 1990 675 Θεὸν

346 714 532 787 Λόγον,
566 717 724 785 σῶμα
755 710 813 767 δέ
874 713 1039 785 μόνον
1098 712 1463 792 ἀνειληφέναι,
1523 715 1573 768 οἳ
1633 712 1690 768 δὲ
1739 711 1990 791 ἔμψυχον

346 803 438 874 μὲν
469 800 702 857 καλοῦσι
731 804 829 872 τὴν
887 801 1186 879 ληφθεῖσαν
1249 804 1444 878 σάρκα,
1504 803 1566 857 o6
1615 804 1721 876 μὴν
1758 803 1990 877 λογικὴν

341 888 396 946 δὲ
423 893 512 945 καὶ
547 892 733 964 νοερᾶν
777 890 828 946 ἐν
881 891 1049 966 ταύτῃ
1103 895 1414 967 γεγενῆσθαι
1473 894 1682 968 ψυχὴν,
1711 891 1844 953 ’ἰσως
1893 892 1992 960 τὴν

345 981 544 1036 οἰκείαν
580 981 763 1036 ἄνοιαν
788 982 982 1037 τούτου
1039 984 1338 1055 τεκμήριον
1398 980 1632 1058 ἔχοντες.
1689 983 1879 1055 Ἡμεῖς
1935 977 1992 1036 δὲ

342 1073 634 1146 ἀνθρώπου
668 1073 852 1146 ψυχῆν
881 1070 1138 1144 οὐδεμίαν
1172 1071 1324 1144 ἴσμεν
1380 1071 1562 1144 ἑτέραν
1607 1073 1642 1142 ἢ
1699 1073 1797 1138 τήν
1829 1069 1990 1146 λογι-

337 1162 437 1228 κήν
468 1161 561 1215 καὶ
596 1160 880 1224 ἀθάνατον.
912 1164 996 1234 [Ρ.
1029 1164 1156 1234 264]
1193 1162 1287 1215 Καὶ
1322 1159 1486 1215 ἄλλοι
1550 1162 1644 1232 μὲν
1693 1159 1859 1214 πάλιν
1914 1160 1990 1222 εἷς

337 1247 434 1304 δύο
494 1251 584 1304 τὸν
651 1247 744 1304 ἕνα
797 1251 1024 1316 Χριστὸν
1081 1247 1446 1323 διατέμνουσι,
1506 1249 1594 1305 καὶ
1649 1246 1828 1324 ἕτερον
1895 1251 1989 1322 μὶν

336 1341 475 1393 εἶναι
500 1337 893 1411 διατεινάμενοι
922 1339 1012 1393 τὸν
1048 1338 1106 1393 ἐκ
1157 1341 1429 1412 Παρθένου
1457 1337 1715 1414 τεχθέντα
1762 1337 1989 1402 τελείως

335 1430 650 1505 ἄνθρωπον,
679 1428 858 1506 ἕτερον
893 1428 949 1485 δὲ
972 1432 1066 1486 τέν
1108 1430 1167 1486 ἐκ
1223 1435 1356 1486 Θεοῦ
1405 1432 1615 1506 Πατρὸς
1647 1432 1840 1506 Λόγον,
1898 1431 1990 1485 καὶ

332 1521 427 1575 τὸν
493 1521 586 1592 μὶν
621 1521 694 1581 ὡς
727 1518 1006 1595 ἄνθρωπον
1059 1517 1169 1591 ἰδία
1222 1521 1451 1582 τιθέντες
1505 1520 1594 1575 καὶ
1641 1520 1741 1574 ἀνὰ
1801 1520 1987 1596 μέρος,

330 1609 426 1663 τὸν
461 1605 517 1662 δὶ
579 1608 656 1670 ὡς
714 1610 840 1664 Θεὸν
893 1607 1046 1682 φύσει
1096 1630 1154 1663 τε
1208 1609 1296 1663 καὶ
1355 1608 1586 1680 ἀληθείᾳ
1623 1610 1751 1664 Θεὸν
1785 1611 1986 1682 ὀνομά-

336 1701 539 1766 ζουσιν.
575 1696 772 1753 ’Ἄλλοι
815 1695 873 1752 δὲ
918 1698 1356 1775 παρατετράιρθαι
1406 1697 1532 1775 φασὶ
1586 1697 1678 1753 τὸν
1739 1697 1798 1752 ἐκ
1849 1702 1987 1753 Θεοῦ

331 1785 545 1860 Πατρὸς
578 1786 751 1860 Λόγον
786 1785 862 1847 εἷς
895 1783 1094 1840 ὀστέων
1115 1783 1205 1839 καὶ
1223 1784 1424 1860 νεύρων
1456 1786 1546 1840 καὶ
1577 1786 1774 1860 σαρκὸς
1805 1785 1984 1865 ερύσιν,

330 1879 501 1930 ταῦτα
529 1874 699 1931 πάντα
723 1870 996 1935 δυσσεϐῶς
1037 1873 1478 1950 δογματίζοντες.

407 1965 635 2026 Τάκιτος
717 1959 1059 2019 ἐϐασίλευσεν
1113 1960 1204 2035 ἔτη
1414 1962 1588 2026 Οὗτος
1672 1965 1976 2038 Μαξιμῖνον

330 2059 566 2129 συγγενῆ
600 2051 762 2106 αὐτοῦ
791 2051 1052 2123 ἐπέστησε
1078 2056 1146 2126 τῇ
1182 2054 1462 2128 Ἀσσυρίᾳ,
1522 2053 1578 2108 ὅν
1639 2050 1728 2107 διὰ
1765 2060 1863 2122 τῆς
1891 2053 1979 2107 ὕπ’

327 2141 498 2196 αὐτοῦ
529 2140 823 2215 γενομένης
851 2139 1064 2206 ἀδικίας
1091 2141 1372 2204 ἀνελόντες
1404 2144 1456 2196 οἱ
1487 2148 1832 2217 στρατιῶται,
1867 2142 1981 2197 εἶτα

325 2227 654 2310 φοϐηθέντες
687 2233 761 2303 μή
795 2228 1054 2305 ἐκδικήσῃ
1087 2231 1245 2286 αὐτὸν
1305 2233 1332 2286 6
1365 2233 1622 2302 Τάκιτος,
1669 2231 1978 2287 ἀπέκτειναν

323 2322 420 2376 καὶ
451 2321 617 2376 αὐτὸν
643 2321 895 2395 ὑποθήκῃ
925 2319 1272 2396 Φλωριανοῦ.

402 2405 617 2484 Πρόϐος
645 2411 734 2464 καὶ
773 2408 1095 2478 Φλωριανὸς
1155 2406 1504 2465 ἐϐασίλευσαν
1561 2407 1654 2481 ἔτη
1715 2408 1810 2465 δύο
1873 2417 1982 2485 μῆ-

323 2521 426 2561 νας
456 2497 521 2557 δ’.
560 2501 734 2562 Οὗτος
791 2501 818 2553 6
874 2495 1086 2573 Πρόϐος
1142 2499 1456 2576 παράφρονα
1508 2501 1691 2555 ἑαυτὸν
1749 2502 1984 2570 ποιήσας

327 2587 511 2643 ἀνεῖλε
542 2588 632 2643 τὸν
665 2587 1009 2662 Φλωριανόν.
1043 2588 1165 2643 Ἐπὶ
1221 2588 1386 2644 αὐτοῦ
1447 2590 1658 2664 βροχῆς
1700 2590 1985 2665 γεγονυίας

334 2685 486 2740 σῖτος
547 2677 880 2752 μεμιγμένος
932 2682 1012 2750 τῷ
1070 2675 1222 2733 ὕδατι
1278 2677 1453 2740 πολὺς
1528 2678 1864 2753 κατηνέχθη,
1923 2679 1980 2734 ὅν

340 2768 724 2843 συναγαγόντες
771 2765 982 2841 σωροὺς
1043 2765 1312 2842 μεγάλους
1367 2765 1648 2836 ἐποίησαν.
1708 2769 1980 2831 Ὡσαύτως

323 2859 413 2912 καί
472 2855 708 2930 ψεκάδας
765 2855 1004 2933 ἀργύρου
1084 2856 1471 2931 κατενεχθῆναί
1530 2879 1680 2935 φασι.
1713 2859 1982 2931 Βικτωρῖ-

325 2969 416 3009 νος
448 2944 506 3001 δὲ
536 2943 709 3025 φίλος
762 2949 858 3000 τοῦ
914 2941 1130 3020 Πρόϐου
1160 2943 1331 3020 ᾔτησε
1359 2945 1516 3021 φίλον
1545 2947 1710 3002 αὐτοῦ
1742 2944 1983 3022 ἄρχοντα

332 3035 575 3112 γενέσθαι
631 3035 706 3096 εἷς
765 3033 1105 3107 Βρεττανίαν·
1193 3035 1221 3089 ὁ
1276 3031 1332 3088 δὲ
1396 3033 1647 3098 ἀπελθὼν
1733 3035 1980 3110 ἀντ-ἦρεν.

338 3123 774 3197 Ὀνειδιζόμενος
805 3121 919 3178 δὶὸ
977 3125 1306 3199 Βικτωρίνος
1365 3121 1434 3178 δι’
1492 3122 1651 3180 αὐτὸν
1703 3124 1978 3196 ἀπεστάλη

351 3216 558 3269 παύσων
615 3215 716 3282 τήν
771 3214 1078 3288 ἆνταρσίαν.
1143 3213 1654 3288 Προσποιησάμενος
1739 3211 1795 3269 δὲ
1874 3215 1980 3270 ἀπὸ

349 3305 632 3378 προσώπου
662 3303 870 3381 φεύγειν
903 3307 1000 3357 τοῦ
1036 3301 1324 3376 βασιλέως,
1382 3302 1458 3363 ὡς
1506 3301 1666 3381 φίλος
1730 3308 1828 3358 τοῦ
1857 3303 1983 3359 ἀντ-

346 3391 566 3466 άραντος
620 3390 890 3467 ἀπεδέχθη
963 3392 1052 3446 καὶ
1109 3390 1313 3447 ἀνεῖλεν
1364 3391 1541 3448 αὐτόν.
1618 3392 1978 3467 Ὑποστρέψας

341 3479 418 3551 δὲ,
461 3482 533 3543 ὡς
565 3482 700 3555 ἐξῄει
740 3486 838 3536 τοῦ
889 3480 1110 3549 πλοίου,
1170 3480 1336 3543 λύσας
1394 3483 1492 3550 τήν
1551 3483 1742 3537 ἑαυτοῦ
1801 3485 1978 3554 ζώνην

330 3569 546 3646 ἔρριψεν
578 3572 654 3632 εἰς
676 3573 777 3640 τὴν
808 3568 1078 3633 θάλασσαν
1124 3570 1213 3624 καὶ
1271 3569 1490 3640 εἰσῆλθε
1548 3570 1846 3641 Λυσίζωνος
1904 3571 1980 3634 εἷς

327 3660 420 3715 τὸν
457 3658 706 3734 βασιλέα.
740 3660 796 3713 Ὀ
829 3657 886 3714 δὲ
946 3658 1214 3734 ὠργίσθη,
1275 3658 1448 3715 δοκῶν
1505 3661 1592 3738 ὑφ’
1648 3659 1832 3735 ἐτέρου
1890 3661 1980 3714 αύ-

325 3750 421 3805 τὸν
449 3754 613 3804 τοῦτο
645 3749 990 3804 πεπονθέναι.
1053 3752 1384 3822 Βικτωρῖνος
1445 3747 1501 3803 δὲ
1531 3748 1632 3822 ἔφη
1669 3751 1755 3827 ὑφ’
1787 3752 1979 3805 ἑαυτοῦ

322 3843 490 3895 τοῦτο
549 3838 814 3914 γενέσθαι,
875 3838 1237 3910 αἰτησάμενος
1296 3837 1492 3911 μηκέτι
1544 3837 1697 3914 ἄρξαι
1726 3841 1980 3914 πράγμα-

321 3951 445 3992 τος.
479 3931 662 4007 Ἀρχῆ
696 3929 801 4005 γὰρ
829 3933 992 3996 πᾶσα,
1043 3924 1169 4004 ἔφη,
1231 3929 1366 4000 μετά
1419 3925 1681 3983 κινδύνων
1708 3929 1796 3983 καὶ
1853 3927 1980 3982 κλι-

326 4021 630 4094 μακτήρων
664 4021 793 4091 (74).
852 4018 912 4075 Ὀ
971 4014 1027 4070 δὲ
1083 4015 1171 4070 καὶ
1228 4018 1464 4092 ἡσυχίαν
1513 4016 1661 4089 αὐτῷ
1687 4017 1979 4092 ἐχαρίσατο

321 4110 421 4164 καὶ
457 4107 666 4182 δωρεὰς
695 4106 912 4168 πολλὰς
971 4107 1258 4181 παρέσχεν.
1313 4105 1618 4164 Ἀπέκτεινε
1677 4103 1734 4161 δὲ
1779 4109 1982 4170 πάντας

316 4198 456 4260 τοὺς
476 4195 902 4258 ἀποκτείναντας
932 4195 1167 4251 Τάκιτον
1225 4195 1315 4250 καὶ
1372 4194 1742 4268 Αὐρηλιανὸν,
1804 4194 1855 4250 ἐν
1910 4199 1979 4269 τῇ

322 4287 601 4360 Ηειρίνθῳ
623 4285 710 4339 ἐπὶ
743 4283 978 4339 ἐστίασιν
1011 4283 1173 4338 αὐτὸν
1197 4282 1448 4346 καλέσας.
1485 4284 1744 4358 ’Λνῃρέθη
1805 4282 1862 4338 δὲ
1891 4287 1981 4339 καὶ

318 4375 516 4438 αὐτός.

403 4464 574 4539 Κάρος
606 4463 698 4517 καὶ
758 4465 992 4535 Καρῖνος
1048 4461 1139 4515 καὶ
1200 4461 1576 4536 Νουμεριανὸς
1636 4456 1983 4516 ἐϐασίλευσαν

319 4557 422 4626 ἔτη
562 4553 734 4616 Οὗτος
764 4553 792 4606 ὁ
826 4553 1002 4625 Κάρος
1060 4552 1161 4620 τήν
1217 4549 1445 4626 Περσίδα
1497 4553 1588 4607 καὶ
1621 4557 1982 4627 Κτησιφῶντα

318 4638 658 4721 παρέλαϐεν,
695 4640 948 4716 τέταρτον
999 4644 1162 4695 τοῦτο
1219 4641 1569 4710 πεπονθυίας,
1633 4641 1733 4696 ὑπὸ
1785 4647 1982 4715 Τραϊα-

317 4735 444 4802 νοῦ,
481 4733 585 4788 ὑπὸ
617 4733 799 4806 Βήρου
849 4729 938 4783 καὶ
992 4730 1244 4804 Σεβηρου
1301 4729 1389 4784 καὶ
1447 4732 1652 4803 Κάρου.
1708 4729 1981 4802 Τελευτή-

323 4842 524 4882 σαντος
592 4821 651 4876 δὲ
708 4819 894 4893 Κάρου
951 4818 1055 4872 ὑπὸ
1114 4817 1396 4890 λοιμικῆς,
1456 4818 1546 4872 καὶ
1601 4820 1978 4894 Νουμεριανοῦ

323 4912 728 4990 τυφλωθέντος,
775 4907 984 4963 ἀνεῖλεν
1045 4907 1204 4961 αὐτὸν
1265 4911 1472 4982 *Απρος
1524 4909 1551 4962 6
1586 4907 1750 4963 αὐτοῦ
1795 4909 1982 4963 πενθε-

327 5003 445 5077 ρὸς,
479 5000 569 5054 καὶ
601 4993 914 5054 ἐϐασίλευσε
943 4995 1319 5070 Νουμεριανὸς
1353 4992 1476 5066 ὃοὺξ
1533 4998 1819 5075 τυγχάνων
1864 5003 1982 5052 Μυ-

327 5090 469 5152 σίας.
498 5089 623 5144 Ἐπὶ
673 5088 839 5142 αὐτοῦ
895 5084 1266 5160 ἐμαρτύρησεν
1336 5085 1364 5139 ὁ
1424 5080 1580 5160 ἅγιος
1627 5080 1876 5148 Βαϐύλας
1930 5083 1982 5140 ἐν

324 5179 663 5253 Ἀντιοχείᾳ.
695 5177 896 5233 Τοῦτον
934 5173 1112 5228 ἀνεῖλε
1143 5173 1552 5245 Διοκλητιανός.

403 5265 798 5335 Διοκλητιανὸς
829 5257 1171 5316 ἐϐασίλευσεν
1204 5258 1296 5331 ἔτη
1355 5263 1463 5335 κβ“,
1519 5267 1599 5334 τῷ
1654 5261 1793 5338 γένει
1840 5260 1986 5318 Δαλ-

1517 399 2058 464 HISTORIARUM
2108 397 2657 460 COMPENDIUM.

1765 530 1982 605 ἂπηρή-
2016 533 2067 600 Α
2099 533 2214 582 tur.
2249 528 2500 594 Quidam
2527 528 2778 583 Verbum
2809 529 2870 582 in
2903 544 3142 584 carnem
3169 527 3400 582 venisse
3430 526 3746 582 fatenturii

3627 392 3748 458 506

2099 617 2362 689 quidem,
2395 618 2498 673 sed
2525 619 2596 673 ab
2629 635 2697 674 eo
2746 623 2975 672 tantum
3030 635 3241 688 corpus
3289 617 3471 672 fuisse
3521 634 3748 672 assum-

2093 713 2259 779 ptum
2292 707 2679 763 contendunt.
2703 708 2961 777 Suntqui
2993 722 3234 761 carnem
3263 723 3394 760 eam
3418 706 3744 762 animatam

2093 796 2278 852 fuisse
2305 797 2654 861 concedant,
2702 797 2806 851 sed
2863 796 3124 850 animam
3178 801 3377 850 mente
3435 797 3744 866 praeditam

2093 885 2277 941 fuisse
2309 892 2547 958 negent,
2590 903 2712 940 suae
2760 885 3012 939 fortasse
3061 885 3334 938 amentia:
3394 891 3742 956 argumento

2094 975 2354 1030 adducti.
2388 977 2503 1030 Nos
2532 992 2666 1029 vero
2695 974 2922 1028 nullam
2954 973 3132 1028 aliam
3162 973 3422 1028 hominis
3468 976 3742 1030 novimus

2094 1065 2354 1119 animam
2387 1081 2562 1134 quam
2596 1064 2822 1118 ratione
2854 1063 3170 1134 praeditam
3202 1067 3259 1116 et
3317 1065 3741 1120 immortalem.

2094 1155 2317 1208 Rursus
2349 1153 2448 1208 alii
2480 1153 2721 1207 unicum
2749 1152 3047 1206 Christum
3097 1151 3157 1205 in
3211 1151 3360 1205 duos
3420 1151 3740 1222 dissecant,

2094 1243 2580 1312 contenduntque
2612 1241 2798 1296 alium
2831 1256 2958 1294 esse
2991 1257 3126 1294 eum
3153 1239 3253 1310 qui
3298 1239 3554 1310 perfecte
3587 1242 3740 1297 463

2093 1331 2270 1386 homo
2295 1336 2468 1385 natus
2501 1336 2590 1384 est
2621 1347 2690 1384 ex
2727 1329 3177 1400 Virgine,alium
3213 1328 3467 1382 Verbum
3497 1329 3597 1383 Dei
3628 1332 3741 1385 Pa-

2092 1422 2426 1490 tris.Atque
2456 1419 2620 1474 illum
2655 1420 3124 1490 quidem,utpote
3157 1417 3742 1484 hominem,seorsim

2092 1510 2582 1579 collocant,hunc
2614 1515 2827 1564 natura
2860 1511 3038 1563 Deum
3071 1514 3129 1562 et
3158 1506 3370 1562 Filium
3404 1507 3740 1566 nominant.

2091 1600 2206 1654 Alii
2226 1599 2475 1654 Verbum
2498 1600 2557 1652 in
2590 1604 2862 1652 naturam
2888 1598 3452 1663 ossium,nervorum
3477 1599 3743 1653 etcarnis

2091 1694 2522 1744 commutatum
2579 1687 2881 1743 afﬁrmant
2923 1704 2935 1752 ;
2997 1704 3128 1758 quaa
3180 1700 3389 1740 omnes
3429 1686 3742 1756 opiniones

2092 1784 2231 1834 sunt
2251 1779 2470 1850 impiae.

2160 1959 2392 2012 Tacitus
2423 1958 2734 2028 imperavit
2763 1973 2953 2012 annos
3005 1960 3055 2009 2.
3118 1959 3173 2011 ls
3222 1958 3609 2012 Maximinum
3640 1974 3734 2011 co-

2084 2052 2327 2119 gnatum
2361 2063 2532 2101 suum
2564 2047 2818 2117 Assyriae
2853 2046 3132 2116 praefecit.
3193 2048 3398 2112 Quem,
3434 2047 3592 2116 quod
3651 2046 3742 2098 in-

2078 2137 2239 2209 juste
2272 2136 2459 2190 multa
2489 2135 2934 2207 ageret,milites
2966 2135 3410 2190 trucidaverunt
3432 2140 3734 2201 ;metuen-

2085 2230 2292 2295 tesque
2327 2241 2400 2278 ne
2433 2239 2562 2278 eam
2595 2224 2815 2278 caedem
2845 2224 3076 2278 Tacitus
3107 2224 3516 2290 ulcisceretur,
3536 2223 3734 2294 ipsum

2088 2329 2324 2384 quoque
2351 2313 2607 2368 Floriani
2641 2329 2817 2367 suasu
2849 2313 3300 2368 interfecerunt.

2157 2402 2384 2457 Probus
2411 2407 2468 2457 et
2497 2402 2805 2458 Florianus
2836 2402 3206 2473 imperarunt
3249 2418 3434 2457 annos
3465 2405 3498 2456 2
3539 2406 3599 2456 et
3628 2402 3733 2455 tri-

2088 2497 2306 2548 entem.
2341 2491 2566 2546 Probus
2599 2491 2880 2546 simulata
2910 2493 3146 2546 insania
3175 2491 3516 2547 Florianum
3559 2491 3714 2545 inter

2085 2581 2244 2636 fecit.
2282 2581 2398 2635 Sub
2423 2599 2490 2636 eo
2515 2581 2712 2652 pluvia
2742 2581 2962 2636 decidit
2991 2581 3051 2635 in
3095 2598 3212 2652 qua
3266 2581 3548 2636 frumenti
3581 2580 3734 2634 mul-

2085 2673 2212 2723 tum
2238 2669 2350 2723 fuit
2379 2686 2548 2740 aquae
2583 2670 3280 2741 permistum,magnique
3315 2672 3442 2741 ejus
3473 2669 3734 2741 congesti

2083 2764 2220 2812 sunt
2250 2757 2462 2812 acervi.
2499 2759 2718 2812 Ferunt
2748 2758 2927 2812 etiam
2959 2764 3153 2829 guttas
3211 2759 3441 2827 argenti
3481 2758 3729 2829 pluisse.

2087 2847 2418 2902 Victorinus
2448 2865 2623 2918 porro
2647 2849 2876 2903 amicus
2904 2848 3080 2901 Probi
3111 2847 3267 2918 apud
3299 2865 3433 2903 eum
3468 2865 3573 2918 pro
3624 2863 3729 2902 suo

2085 2937 2343 3008 quodam
2375 2937 2566 2991 amico
2625 2938 2983 2999 intercessit,
3017 2943 3081 2990 ut
3132 2938 3182 2991 is
3240 2937 3301 2990 in
3361 2937 3726 2991 Britanniam

2086 3027 2399 3099 praefectus
2431 3027 2784 3080 mitteretur.
2819 3026 3027 3080 Missus
3059 3031 3268 3080 contra
3304 3025 3727 3095 imperatorem

2087 3115 2440 3171 seditionem
2470 3115 2688 3185 (movit.
2724 3113 3022 3168 Victorino
3081 3130 3150 3168 ea
3207 3113 3454 3168 rebellio
3510 3115 3729 3184 probro

2091 3204 2616 3274 dataﬁmissusque
2649 3210 2738 3258 est
2787 3203 2860 3258 ad
2889 3219 3023 3258 eam
3055 3203 3398 3259 sedandam.
3433 3204 3732 3258 Simulans

2091 3311 2228 3364 ergo
2263 3311 2322 3349 se
2353 3293 2425 3349 ab
2458 3294 2815 3364 imperatore
2846 3292 3197 3366 profugisse,
3246 3298 3518 3365 receptus
3557 3294 3730 3348 amici

2083 3386 2212 3440 loco
2235 3390 2326 3438 est
2353 3399 2388 3438 a
2417 3383 2779 3455 rebellionis;
2793 3388 3052 3447 auctore,
3111 3399 3366 3454 eumque
3413 3383 3728 3438 interfecit-

2083 3475 2370 3529 Reversus
2429 3472 2589 3537 inde,
2648 3488 2783 3526 cum
2840 3472 3025 3526 exiret
3083 3471 3238 3539 navi,
3297 3488 3502 3526 zonam
3563 3488 3732 3526 suam

2084 3563 2258 3617 solvit
2286 3578 2352 3617 ac
2383 3562 2444 3615 in
2475 3577 2637 3615 mare
2659 3560 2897 3632 abjecit,
2932 3566 2990 3615 et
3011 3561 3138 3615 sine
3163 3561 3360 3615 cinctu
3383 3561 3456 3616 ad
3485 3562 3736 3632 impera-

2082 3657 2271 3707 torem
2285 3651 2586 3722 ingressus
2601 3657 2707 3706 est.
2730 3653 3059 3720 Imperator
3079 3649 3150 3705 ab
3166 3650 3278 3705 alio
3298 3651 3379 3706 ita
3395 3667 3527 3705 eum
3546 3651 3731 3704 fuisse

2082 3747 2397 3796 tractatum
2426 3740 2736 3811 suspicans
2762 3740 2947 3794 iratus
2977 3739 3427 3794 est.Victorinus
3442 3745 3640 3794 autem
3673 3755 3735 3792 se

2081 3830 2240 3885 ultro
2264 3831 2373 3884 hoc
2394 3829 2604 3884 fecisse
2629 3827 3145 3899 dixit,rogavitque
3167 3844 3239 3881 ne
3252 3827 3360 3884 ulli
3383 3829 3630 3898 posthac
3645 3828 3729 3882 rei

2083 3920 2238 3974 464
2270 3919 2692 3989 praeficeretur,
2723 3916 2879 3986 quod
2939 3915 3143 3970 omnia
3199 3915 3449 3987 imperia
3504 3916 3732 3987 pericu-

2085 4007 2214 4062 losa
2243 4012 2302 4061 et
2344 4012 2520 4061 certas
2580 4005 2862 4075 perniciei
2916 4006 3171 4060 obnoxia
3228 4011 3385 4060 esset
3433 4011 3734 4077 expertus.

2084 4097 2413 4165 Imperator
2444 4099 2502 4147 et.
2530 4092 2716 4147 otium
2748 4092 2800 4146 ei
2859 4093 3152 4146 concessit
3210 4098 3269 4147 et
3317 4094 3544 4164 magnis
3605 4110 3736 4149 mu—

2087 4183 2331 4238 neribus
2362 4182 2618 4236 donavit.
2651 4183 2868 4236 Omnes
2901 4182 3078 4235 etiam
3110 4182 3290 4237 Taciti
3340 4187 3517 4252 atque
3547 4186 3738 4237 Aure-

2085 4273 2229 4328 liani
2256 4289 2636 4343 percussores
2666 4272 2915 4338 necavit,
2964 4271 3232 4326 Perinthi
3285 4271 3359 4326 ad
3405 4270 3734 4326 convivium

2088 4364 2420 4420 invitatum.
2457 4364 2584 4434 lpse
2625 4379 2858 4434 quoque
2890 4361 3237 4417 interfectus
3269 4368 3375 4418 est.

2157 4455 2338 4509 Carus
2371 4457 2428 4507 et
2465 4452 2711 4507 Carinus
2743 4458 2801 4505 et
2857 4452 3248 4508 Numerianus
3298 4452 3738 4524 imperaverunt

2090 4560 2276 4598 annos
2305 4545 2357 4596 2.
2391 4543 2571 4595 Carus
2602 4540 2902 4596 Persidem
2945 4545 3001 4594 et
3057 4541 3499 4612 Ctesiphontem
3557 4543 3734 4613 cepit,

2091 4639 2366 4706 quartum
2400 4639 2522 4686 tum
2572 4637 2840 4702 captam:
2873 4649 3011 4686 nam
3069 4648 3199 4686 eam
3253 4632 3460 4686 urbem
3493 4637 3550 4687 et
3598 4635 3738 4688 Tra-

2086 4727 2266 4798 janus
2297 4722 2604 4794 occupavit
2659 4728 2716 4776 et
2751 4725 2929 4777 Verus
2989 4729 3045 4777 et
3101 4724 3345 4778 Severus
3403 4728 3461 4778 et
3527 4726 3732 4779 Carus.

2088 4821 2231 4870 Caro
2262 4818 2426 4885 peste
2469 4811 2721 4877 sublato,
2781 4811 3203 4866 Numerianum
3262 4812 3449 4867 oculis
3498 4819 3737 4884 captum

2091 4919 2257 4959 socer
2287 4903 2437 4974 ejus,
2471 4903 2627 4972 Aper
2673 4901 2936 4968 nomine,
2971 4900 3287 4957 interfecit.
3340 4903 3408 4955 Et
3431 4901 3739 4972 imperavit

2090 4994 2485 5050 Numerianus
2526 4992 2644 5046 dux
2699 4991 2916 5061 Mysiae.
2980 4991 3095 5045 Sub
3151 5009 3217 5046 eo
3250 4992 3457 5047 beatus
3489 4991 3736 5062 Babylas

2090 5083 2419 5140 Antiochia)
2445 5086 2671 5151 martyr
2702 5084 2791 5133 est
2819 5067 3029 5134 factus.
3060 5080 3487 5136 Numerianum
3514 5080 3738 5136 Diocle-

2095 5175 2290 5229 tianus
2322 5170 2645 5226 interfecit.

2163 5260 2562 5317 Diocletianus
2584 5257 2893 5328 imperavit
2949 5273 3138 5313 annos
3190 5261 3278 5328 zz,
3333 5257 3622 5316 Dalmata.
3685 5259 3737 5315 ls

1535 5379 1897 5435 XYLANDRI
1937 5381 2023 5434 ET
2061 5378 2275 5434 GOARI
2315 5376 2534 5429 NOTAE.

422 5500 509 5572 74)
546 5496 930 5568 κλιμακτῆρας
966 5493 1322 5565 interpretor
1348 5511 1581 5572 _rerum
1639 5495 1850 5572 dubios
1893 5511 1978 5572 ca-

334 5567 452 5637 sus,
486 5567 616 5642 quae
647 5567 712 5624 ut
740 5581 1169 5642 nonnunquam
1198 5567 1522 5642 consistere
1554 5571 1621 5642 et_
1640 5567 1860 5639 augeri,
1896 5568 1976 5622 ita

333 5650 392 5699 et
411 5638 781 5714 frequentius
815 5639 875 5692 in
900 5639 1137 5714 ruinam
1172 5638 1506 5709 praecipites
1535 5639 1624 5711 agi
1657 5638 1972 5694 consueve-

330 5722 470 5774 runt
491 5709 887 5788 {metaphora
916 5725 951 5767 α
975 5709 1241 5766 revoluto
1269 5709 1652 5784 septenorum
1680 5726 1973 5768 annorum

2088 5490 2334 5563 circulo,
2367 5489 2426 5543 in
2459 5504 2596 5563 quo,
2629 5493 2694 5543 ut
2723 5488 2996 5563 uniusin
3049 5489 3209 5544 aliud
3259 5495 3736 5563 temperamenti,

2086 5563 2170 5691 Eic
2202 5569 2260 5618 et
2287 5561 2415 5615 vitae
2450 5559 2620 5616 solito
2646 5560 2861 5631 sapius
2899 5561 3009 5616 fuit
3066 5563 3128 5616 in
3160 5559 3410 5618 mortem
3469 5559 3736 5621 mutatio.

2133 5653 2259 5691 om.

2133 5653 2259 5691 OAR.
