4118 6276
393 379 508 439 507

1753 367 2075 446 cnoacn
2117 385 2463 447 CEqu-M

3685 383 3806 444 508

391 513 644 586 imperio
674 516 868 588 potius
900 518 1322 574 Maximianum
1353 520 1729 588 Herculeum,
1752 536 2027 594 generum

2155 518 2852 595 μᾶτηνς.11εριγενόμενος
2912 514 2970 573 δὲ
3024 521 3132 573 τῶν
3162 517 3497 593 πραγμάτων
3555 509 3816 592 προϐάλ-

398 619 572 658 suum
607 610 663 659 et
691 606 970 671 amicum,
1004 608 1294 664 Cmsarem
1323 609 1660 666 declaravit.
1711 612 1812 665 His
1858 613 2046 686 impe-

395 694 663 749 rantibus
695 695 901 767 ingens
923 696 1395 754 Christianorum
1412 703 1744 770 persecutio
1761 703 2045 759 fuit.Nam

398 799 504 855 per
533 785 805 856 regiones
836 792 1012 857 atque
1045 787 1222 841 urbes
1247 788 1559 858 jusserunt
1588 791 1798 846 Christi
1824 794 2045 865 templa

398 873 644 938 destrui,
678 891 874 930 sacras
905 892 1036 946 quae
1067 893 1251 946 penes
1281 877 1440 947 ipsos
1481 885 1680 934 essent
1711 881 2044 953 Scripturas

394 964 684 1030 comburi,
719 970 777 1019 et
806 965 907 1034 qui
933 965 1250 1020 Christiani
1279 966 1940 1038 deprehenderentur,vi
1969 972 2043 1026 ad

393 1052 653 1107 divinum
682 1053 1054 1108 daemonibus
1084 1056 1491 1125 praestandum
1524 1057 1748 1113 cultum
1781 1059 2043 1131 adigi.Ea

387 1141 459 1196 de
501 1159 680 1198 causa
730 1143 902 1196 multi
955 1160 1234 1198 coronam
1294 1145 1443 1199 sacri
1504 1149 1846 1203 certaminis
1906 1156 2043 1205 sunt

387 1231 604 1301 adepti.
637 1232 897 1296 Quorum
927 1233 998 1287 de
1027 1250 1275 1289 numero
1334 1241 1470 1290 sunt
1525 1239 1733 1293 Petrus
1791 1240 2042 1295 Alexan.

387 1320 553 1389 driaz,
587 1325 645 1373 et
674 1322 986 1376 Anthimus
1015 1324 1370 1379 Nicomediae
1403 1326 1688 1398 episcopi,
1722 1334 1781 1383 et
1827 1333 2038 1387 Proco-

384 1410 518 1480 pius
549 1415 724 1480 atque
757 1411 1038 1483 Georgius
1068 1413 1272 1484 inclyti
1322 1420 1632 1486 martyres.
1667 1420 1826 1474 Tunc
1858 1423 2037 1478 etiam

383 1498 645 1554 innotuit
677 1499 1008 1569 Sabbatius,
1061 1502 1111 1556 is
1173 1503 1272 1573 qui
1309 1504 1564 1560 haeresin
1620 1511 2035 1578 quatuordeci-

386 1605 700 1643 manorum
733 1590 1347 1648 conﬁrmavit.Eodem
1382 1600 1644 1667 tempore
1677 1615 1845 1655 sacra
1876 1619 2038 1673 quae-

391 1677 528 1734 dam
560 1679 712 1733 465
756 1679 972 1734 mulier
999 1685 1176 1751 atque
1227 1682 1621 1741 admiratione
1677 1687 1873 1761 digna,
1907 1692 2037 1763 pul-

385 1768 720 1824 chritudine
754 1769 956 1824 formae
984 1771 1222 1843 insigni,
1259 1779 1317 1827 et
1347 1792 1476 1844 quae
1504 1775 1898 1849 virginitatem
1922 1797 2038 1837 ser-

2157 604 2309 661 λεται
2365 609 2702 682 Μαξιμιανὸν
2760 606 3112 684 Ἐρκοὺλιον,
3185 603 3432 684 γαμϐρὸν
3488 605 3578 661 καὶ
3641 603 3810 685 φίλον

2155 695 2319 751 αὐτοῦ
2351 695 2500 752 ὄντα·
2559 698 2642 774 ὑφ’
2703 697 2776 752 ὧν
2834 699 3004 770 μέγας
3064 695 3310 774 διωγμὸς
3367 696 3502 750 κατά
3540 692 3818 768 Χριστια-“

2153 790 2523 862 νῶν[Ρ.265]
2573 787 2824 859 ἐκινήθη.
2889 787 3220 863 Προσὲταξαν
3277 787 3378 864 γὰρ
3444 785 3579 840 κατὰ
3637 783 3809 841 πόλιν

2151 878 2240 930 καὶ
2294 878 2429 931 κατὰ
2485 877 2671 952 χώραν
2752 877 2846 941 τὰς
2905 878 2999 951 μεν
3071 880 3303 949 Χριστοῦ
3359 873 3656 945 ἐκκλησίας
3700 894 3806 928 κα·

2150 965 2536 1042 ταστρέφεσθαι
2592 965 2681 1021 καὶ
2740 967 2834 1028 τὰς
2889 965 3031 1027 Θείας
3090 962 3264 1020 αὑτῶν
3344 963 3556 1038 Γραφάς
3637 982 3804 1017 κατα-

2150 1054 2418 1126 καίεσθαι,
2526 1056 2652 1117 τοὺς
2754 1054 2810 1112 δὲ
2935 1057 3293 1129 Χριστιανοὺς
3382 1053 3800 1128 εὑρισκομένους

2149 1140 2538 1218 ἅναγκάζεσθαι
2569 1145 2714 1209 θὺειν
2744 1149 2858 1205 τοῖς
2885 1141 3130 1218 δαίμοσι.
3167 1143 3256 1198 Διὸ
3314 1141 3404 1198 καὶ
3452 1140 3656 1198 πολλοὶ
3702 1141 3794 1195 τὸν

2148 1239 2248 1302 τῆς
2335 1232 2615 1302 ἀθλήσεως
2691 1231 3019 1303 ἀνεδήσαντο
3112 1231 3389 1308 στέφανον,
3448 1231 3499 1302 ἐξ
3567 1231 3638 1285 ὧν
3693 1229 3803 1284 εἶσι

2149 1320 2352 1398 Πέτρος
2411 1320 2816 1395 Ἀλεξανδρείας
2896 1323 2985 1377 καὶ
3070 1323 3334 1394 Ἀνθιμος
3416 1317 3794 1392 Νικομηόείας

2147 1410 2237 1466 καὶ
2271 1412 2580 1487 Προκόπιος
2634 1412 2726 1467 καὶ
2782 1413 3054 1488 Γεώργιος
3114 1411 3163 1466 οἱ
3221 1408 3471 1483 ἀοίδιμοι
3501 1409 3788 1485 μαρτυρες.

2149 1502 2246 1558 Καὶ
2309 1496 2610 1563 Σαϐϐἀτιος
2665 1501 2694 1555 ὁ
2748 1503 2848 1571 τήν
2903 1499 3106 1576 α’ίρεσιν
3165 1504 3272 1556 τῶν
3353 1496 3797 1572 τεσσαρεσκαιδε-

2147 1594 2379 1646 κατιτῶν
2430 1595 2538 1662 (75)
2600 1591 2863 1664 κρατύνας
2929 1589 3278 1666 ἐγνωρίζετο,
3347 1587 3436 1644 καὶ
3522 1590 3659 1662 γυνή
3714 1608 3801 1649 τις

2147 1685 2266 1759 ἱερὰ
2331 1685 2422 1739 καὶ
2517 1683 2807 1757 θαυμασία,
2911 1684 3002 1739 τὸν
3075 1682 3190 1757 βίον
3287 1683 3633 1758 ἀειπάρθενος
3707 1683 3800 1738 καὶ

2147 1772 2342 1850 ὡραία,
2375 1775 2515 1828 πάνυ
2547 1774 2869 1847 συσχεθεῖσα
2899 1773 2988 1827 καὶ
3032 1770 3272 1833 πολλαῖς
3304 1776 3582 1846 μηχαναῖς
3643 1772 3803 1826 θῦσαι

381 1862 596 1924 vasset,
659 1859 1092 1929 comprehensa
1144 1877 1211 1916 ac
1270 1863 1472 1918 multis
1532 1871 1917 1937 tyrannorum
1971 1877 2027 1925 ut

2149 1870 2254 1920 τῶν
2310 1863 2582 1938 τυράννων
2649 1862 2816 1932 αὐτὴν
2877 1861 3280 1934 ἂναγκαζόντων
3341 1863 3416 1934 μὴ
3479 1863 3805 1931 ἡττηθεῖσα.

384 1945 756 2002 daemonibus
788 1948 1146 2003 sacriﬁcaret
1176 1953 1493 2007 tormentis
1525 1954 1746 2011 frustra
1794 1963 2040 2034 tentata,

381 2036 557 2092 militi
591 2036 825 2092 cuidam
858 2038 932 2092 ad
963 2039 1351 2097 concubitum
1385 2042 1585 2099 dedita
1610 2051 1721 2115 est,
1748 2063 1818 2103 ea
1847 2050 2047 2105 condi-

383 2125 546 2180 tione
576 2130 642 2180 ut
665 2127 714 2181 si
747 2142 882 2181 eum
907 2144 1027 2182 non
1050 2128 1411 2200 admitteret,
1438 2134 1630 2204 capite
1662 2135 2042 2206 plecteretur'

385 2216 584 2271 Tantis
615 2215 716 2270 illa
740 2216 969 2272 inclusa
1017 2220 1307 2290 angustiis
1365 2223 1717 2279 Anthimum
1773 2227 2043 2284 Nicome-

387 2306 678 2374 diensem,
714 2307 814 2376 qui
857 2307 1124 2363 nondum
1181 2311 1477 2381 supplicio
1536 2312 1729 2369 fuerat
1786 2316 2042 2385 deditus,

383 2400 582 2448 utrum
613 2395 826 2448 horum
859 2401 1091 2466 optaret
1120 2397 1180 2452 in
1203 2399 1520 2455 consilium
1546 2402 1833 2460 adhibuit.
1852 2409 2044 2478 Atque

387 2485 458 2550 is,
492 2488 558 2538 ut
589 2489 713 2538 erat
743 2485 830 2537 vir
859 2501 921 2538 re
952 2502 1088 2540 vera
1121 2486 1313 2542 bonus
1370 2494 1428 2542 et
1474 2490 1852 2562 dispensator
1881 2489 2044 2552 verbi

386 2573 488 2628 Dei
523 2573 715 2627 ﬁdelis
747 2580 922 2644 atque
954 2575 1237 2646 prudens,
1274 2577 1355 2632 ita
1391 2578 1443 2633 ei
1493 2582 1836 2652 respondit:
1872 2586 2040 2642 Filia:

387 2667 741 2737 praeclarum
772 2684 841 2722 ac
875 2666 1142 2723 divinum
1168 2675 1256 2724 est
1304 2671 1592 2727 castitatis
1624 2680 2040 2735 conservanda

394 2756 659 2810 ofﬁcium
688 2763 959 2828 :praastat
986 2763 1186 2813 tamen
1220 2759 1268 2813 ei
1305 2759 1441 2815 ﬁdei
1475 2771 1859 2836 praeceptum,
1883 2771 2040 2839 quod

395 2850 483 2900 est
508 2845 802 2900 bonorum
832 2863 866 2901 a
891 2846 1109 2917 pietate
1141 2848 1647 2919 proﬁciscentium
1679 2854 2037 2914 fundamen-

385 2939 532 2989 tum.
568 2934 697 2989 Noli
731 2951 865 3007 ergo
898 2935 1194 2992 deteriora
1252 2941 1762 3009 praestantioribus
1791 2953 2034 3019 antepo-

385 3039 555 3078 nere.
596 3024 757 3078 Sicut
787 3024 948 3078 enim
978 3025 1039 3078 in
1090 3025 1354 3097 periculo
1414 3027 1627 3099 aliquis
1680 3035 2036 3093 constitutus

384 3119 602 3168 vestem
636 3114 830 3184 potius
864 3130 1032 3169 suam
1064 3115 1254 3170 scindi
1287 3133 1466 3186 quam
1497 3136 1711 3192 corpus
1761 3125 1915 3192 velit,
1950 3128 2035 3184 ita

377 3203 436 3256 in
470 3202 896 3257 tentationibus
924 3219 1160 3274 quoque
1191 3205 1406 3260 animae
1437 3223 1471 3262 a
1523 3213 2026 3271 contaminatione

374 3291 674 3346 servandae
702 3307 882 3344 causa
919 3307 1132 3361 corpus
1165 3293 1400 3362 expedit
1445 3295 1679 3352 libidini
1710 3300 2020 3360 hominum

373 3394 693 3449 exponere,
722 3378 916 3448 potius
943 3394 1122 3447 quam
1155 3379 1282 3449 ejus
1311 3385 1673 3451 generositas
1716 3390 2018 3459 prodatur.

371 3469 473 3524 His
495 3469 600 3523 illa
630 3468 844 3522 auditis
877 3474 1072 3522 mente
1100 3470 1274 3523 anxia
1305 3471 1469 3538 abiit,
1515 3475 1653 3543 quia
1699 3484 2018 3552 utrumque

373 3559 595 3614 bonum
628 3556 957 3628 expetebat.
991 3556 1197 3614 Divina
1228 3563 1425 3614 tamen
1474 3561 1806 3636 benignitas
1846 3570 2022 3642 virgi-

373 3648 619 3704 nitatem
663 3646 790 3716 ejus
838 3647 950 3702 hoc
1007 3652 1176 3718 pacto
1234 3652 1616 3707 conservavit.
1666 3656 1900 3713 Inclusa
1957 3661 2018 3716 in

369 3743 544 3800 domo
576 3764 709 3803 cum
752 3751 939 3807 milite
991 3754 1214 3825 rogavit
1270 3769 1404 3809 eum
1463 3758 1527 3808 ut
1581 3752 1693 3807 sibi
1725 3757 2018 3824 parceret,

368 3834 606 3905 dignam
638 3847 984 3912 recepturus
1010 3844 1456 3901 mercedem.Se
1490 3843 1651 3899 enim
1683 3859 1812 3898 esse
1835 3843 2018 3897 medi-

367 3939 518 3990 cam,
566 3927 797 3997 ipsique
856 3932 1357 3988 medicamentum
1414 3932 1797 4004 praabituram
1857 3933 2015 4003 quod

367 4014 576 4068 mortis
606 4016 758 4071 foret
786 4019 1142 4077 amuletum:
1169 4039 1306 4076 nam
1333 4039 1398 4077 eo
1422 4021 1730 4076 inunctum
1763 4022 1821 4075 in
1841 4021 2014 4077 bellis

366 4103 493 4158 fore
542 4105 1053 4166 invulnerabilem.
1117 4115 1304 4184 thue
1365 4113 1492 4184 ejus
1540 4113 1625 4168 rei
1686 4111 2014 4183 periculum

369 4191 562 4248 facere
594 4204 819 4266 posset,
855 4201 1007 4255 466
1038 4203 1259 4274 rogavit
1291 4207 1354 4256 ut
1415 4201 1527 4257 sibi
1583 4203 1709 4271 ejus
1765 4201 2016 4256 medica-

367 4285 553 4337 menti
586 4288 939 4344 conﬁciendi
973 4297 1322 4361 potestatem
1345 4291 1582 4345 faceret.
1600 4290 1659 4345 Id
1691 4306 1826 4344 cum
1844 4290 2013 4344 miles

367 4371 686 4430 admodum
714 4377 884 4432 lmtus
919 4380 1307 4449 permisisset,
1341 4379 1442 4434 illa
1470 4395 1666 4434 ceram
1715 4379 1845 4433 oleo
1876 4395 2011 4449 per-

361 4462 602 4518 miscuit
634 4471 811 4536 atque
844 4468 1094 4539 subegit.
1127 4469 1398 4538 colloque
1433 4486 1538 4524 suo
1574 4485 1641 4523 ea
1669 4485 1733 4523 re
1767 4469 2010 4523 inuncto

360 4552 608 4608 militem
647 4558 809 4610 omni
842 4557 1053 4612 robore
1112 4560 1289 4613 ferire
1327 4558 1527 4629 jussit,
1587 4559 1703 4612 vim
1761 4560 2022 4615 medica-

2153 1956 2485 2031 Προσέταξαν
2567 1951 2852 2022 ἐκδοθῆναι
2940 1955 3243 2027 στρατιώτῃ
3325 1953 3460 2026 πρὸς
3563 1951 3802 2030 αἰσχρὰν

2154 2045 2322 2120 μῖξιν,
2352 2043 2441 2099 καὶ
2475 2041 2616 2117 μηδέ
2673 2044 2846 2105 οὓτως
2900 2042 3230 2117 πειθομένην
3285 2036 3656 2106 ὑποϐαλέσθαι
3707 2063 3804 2096 κε-

2149 2133 2359 2213 φαλικῇ
2421 2135 2684 2208 τιμωρίᾳ.
2745 2133 2852 2189 Καὶ
2909 2137 3359 2207 περιστατηθεῖσα
3445 2128 3569 2186 λίαν
3627 2128 3803 2186 ἐδεῖτο

2147 2229 2244 2280 τοῦ
2285 2225 2548 2297 Ἀνθίμου
2595 2218 2992 2295 Νικομηδείας,
3056 2221 3224 2294 μήπω
3279 2217 3658 2283 τελειωθέντας
3714 2217 3804 2276 διὰ

2153 2316 2473 2392 μαρτυρίου,
2506 2308 2908 2387 συμϐουλεῦσαι
2963 2311 3098 2386 αὐτῇ
3157 2311 3211 2366 τί
3267 2309 3326 2366 ἃν
3376 2310 3682 2386 αἱρήσοιτο.
3737 2312 3800 2370 Ὀ

2149 2403 2206 2460 δὲ
2235 2405 2477 2481 χρηστὸς
2511 2399 2682 2464 ὅντως
2712 2401 2847 2476 ἀνὴρ
2897 2401 2985 2456 καὶ
3037 2401 3328 2475 οἰκονόμος
3366 2401 3455 2455 καἱ
3487 2407 3695 2464 πιστῶς
3748 2400 3798 2457 ἓν

2145 2495 2320 2568 κρίσει
2350 2492 2416 2548 τὰ
2463 2493 2622 2566 λόγια
2683 2492 2886 2566 Κυρίου
2942 2488 3338 2562 ταμιευόμενὸς
3398 2511 3551 2568 φησι,
3614 2489 3793 2546 Καλὸν

2149 2585 2265 2656 μὶν,
2297 2583 2576 2651 ὧτέκνον,
2623 2581 2685 2636 τὸ
2741 2581 3068 2654 κατόρθωμα
3122 2583 3224 2645 τῆς
3277 2579 3484 2653 ἁγνείας
3523 2579 3614 2634 καὶ
3675 2582 3794 2636 θεο-

2145 2672 2367 2747 πρεπὶς,
2404 2671 2602 2744 μείζων
2634 2667 2718 2741 ὺ’δὲ
2773 2672 2809 2739 ἡ
2872 2676 2972 2738 τῆς
3031 2669 3265 2730 πίστεως
3323 2666 3545 2738 ἐντολὴ,
3587 2670 3796 2744 κρηπὶς

2145 2763 2275 2819 οῦσα
2329 2766 2439 2816 τῶν
2495 2760 2676 2816 καλῶν
2731 2763 2833 2826 τῆς
2889 2755 3180 2821 εὐσεϐείας.
3246 2760 3334 2828 Μὴ
3376 2759 3466 2813 οῦν
3497 2761 3796 2834 προκρίνῃς

2141 2856 2246 2908 τῶν
2307 2851 2631 2926 κρειττόνων
2677 2851 2744 2906 τὰ
2802 2847 3042 2924 δεύτερα.
3107 2851 3312 2922 Ὥσπερ
3370 2848 3473 2925 γὰρ
3526 2848 3577 2903 ἓν
3630 2870 3780 2923 περι-

2142 2942 2324 2998 στάσει
2363 2939 2482 2995 τινὰ
2530 2938 2820 3015 γενόμενον
2883 2937 3237 3012 αἱρετώτερόν
3297 2935 3436 2991 ἐστιν
3500 2937 3622 3005 ὑπὲρ
3678 2941 3772 2992 τοῦ

2141 3031 2395 3103 σώματος
2454 3027 2816 3105 διαρπαγῆναι
2868 3027 2930 3082 τὸ
3004 3027 3244 3100 ἱμάτιον,
3306 3025 3477 3088 οὕτως
3560 3023 3770 3098 μᾶλλὸν

2138 3117 2278 3174 ἐστιν
2337 3118 2391 3173 ἐν
2449 3123 2564 3180 τοῖς
2616 3122 2942 3192 πειρασμοῖς
3026 3114 3256 3170 ἄσπιλον
3327 3118 3632 3191 τηρήσαντα
3680 3117 3781 3185 τὴν

2139 3210 2323 3284 ψυχὴν
2359 3205 2654 3284 προδοῦναι
2685 3209 2786 3275 τὴν
2847 3209 3017 3280 σάρκα
3071 3211 3188 3268 τοῖς
3246 3205 3517 3266 παντοίως
3577 3200 3791 3280 ἐνυϐρί-

2134 3305 2240 3369 ζειν
2273 3297 2550 3354 ἐθέλουσιν
2581 3295 2616 3367 ἤ
2648 3295 2912 3352 ἀπολέσαι
2961 3303 3061 3365 τῆς
3130 3299 3316 3370 ψυχῆς
3368 3297 3468 3365 τὴν
3496 3295 3788 3370 εὐγένειαν.

2129 3389 2193 3444 Ἣ
2253 3385 2310 3442 δὲ
2354 3388 2554 3442 τούτου
2611 3386 2886 3442 ἀκούσασα
2959 3384 3124 3459 ἀπῄει
3193 3382 3630 3457 ταλαντευομένη
3691 3385 3782 3440 τὸν

2130 3481 2277 3547 νοῦν,
2346 3477 2419 3538 ὡς
2473 3474 2568 3531 δύο
2615 3473 2800 3531 καλῶν
2858 3475 3300 3547 ἀντιποιουμένῃ.
3360 3472 3520 3529 Ἀλλ’
3581 3477 3617 3544 ἡ
3669 3476 3787 3530 θεία

2130 3565 2295 3644 χάρις
2364 3567 2566 3636 ταύτης
2654 3562 3010 3643 διεφυλάξατο
3091 3564 3192 3631 τὴν
3251 3561 3533 3638 παρθενίαν
3593 3563 3786 3637 τρόπῳ

2127 3652 2345 3726 τοιῷδε.
2405 3655 2494 3716 Ὧς
2535 3657 2638 3730 γὰρ
2689 3653 2773 3733 ἐφ’
2833 3654 2948 3716 ἑνὸς
2994 3651 3148 3708 ο⁹ίκου
3200 3650 3571 3723 συνεκλείσθη,
3634 3651 3788 3729 λέγει

2127 3749 2208 3818 τῷ
2238 3744 2564 3820 στρατιώτῃ·
2599 3769 2627 3796 ‹‹
2663 3740 2846 3813 Μηδὲν
2897 3740 3097 3797 ἂτοπον
3156 3741 3364 3817 πράξῃς
3395 3741 3472 3804 εἰς
3511 3741 3633 3816 ἐμὲ,
3695 3744 3790 3800 ἃν-

2128 3837 2329 3910 θρωπε,
2387 3835 2478 3888 καὶ
2535 3834 2749 3908 παρέξω
2803 3853 2887 3887 σοι
2951 3832 3137 3906 μισθὸν
3187 3831 3423 3902 ἑπάξιον·
3457 3831 3618 3888 δώσω
3677 3837 3777 3910 γάρ

2129 3943 2215 3980 σοι
2246 3926 2552 4000 φάρμακον,
2615 3920 2747 3976 οὖσα
2794 3925 3093 4001 φαρμακὶς,
3152 3920 3442 3984 ἀθανασίας
3493 3923 3777 3998 πρόξενον,

2127 4013 2494 4088 ᾦχριόμενος
2539 4007 2782 4084 ἄτρωτος
2841 4015 3017 4082 μενεῖς
3068 4007 3120 4063 ἐν
3174 4015 3290 4071 τοῖς
3348 4009 3780 4084 πολέμοις.Καῖ

2127 4103 2173 4159 εἰ
2209 4101 2382 4178 βούλῃ
2416 4101 2616 4155 τούτου
2649 4094 2835 4155 λαϐεῖν
2865 4104 3078 4172 πεῖραν,
3140 4097 3425 4174 ἐπίτρεψόν
3462 4121 3528 4173 με
3586 4103 3782 4157 σκευά-

2128 4214 2213 4247 σαι
2263 4192 2413 4248 αὐτό.
2445 4192 2552 4248 Τοῦ
2589 4188 2646 4246 δὲ
2689 4191 2821 4262 μετᾶ
2877 4188 3099 4258 πολλῆς
3157 4194 3329 4264 χαρᾶς
3370 4190 3777 4267 ἐπιτρέψαντος,

2126 4277 2369 4338 λαϐοῦσα
2398 4283 2621 4354 κηρὸνὴ
2657 4277 2895 4354 μακαρία
2949 4279 3036 4333 καὶ
3096 4276 3266 4350 ἐλαίῳ
3321 4280 3654 4352 συμμίξασα,
3686 4286 3776 4339 καί

2129 4371 2409 4446 μαλάξασα
2437 4372 2525 4426 καὶ
2555 4372 2645 4426 τὸν
2681 4371 2875 4438 ἑαυτῆς
2923 4369 3129 4443 αὐχένα
3181 4367 3563 4443 περιχρίσασα,
3627 4371 3773 4448 λέγει

2124 4464 2294 4536 αὐτῷ,
2320 4463 2582 4534 Πάταξον,
2615 4462 2689 4524 ὡς
2713 4459 2945 4535 δύνῃ.’0
2977 4457 3033 4513 δὲ
3066 4458 3198 4531 μετᾶ
3229 4456 3509 4532 δυνάμεως
3523 4464 3772 4538 κατενέγ-

2125 4574 2220 4614 κας
2250 4555 2313 4608 τὸ
2342 4551 2495 4632 ξίφος
2522 4550 2784 4623 ἀπέτεμεν
2825 4547 3021 4612 εὐθέως
3053 4549 3150 4618 τήν
3188 4547 3374 4621 τιμίαν
3405 4549 3573 4619 αὐτῆς
3601 4572 3770 4629 mea-

360 4643 545 4711 menti
586 4651 987 4714 experturum.
1051 4647 1134 4701 lta
1176 4647 1348 4701 miles
1406 4647 1596 4702 valido
1646 4647 1826 4717 gladii
1886 4649 2007 4703 ictu

2138 4644 2247 4713 ιήν.
2282 4642 2379 4696 Καὶ
2430 4642 2574 4695 οὑτω
2621 4642 2886 4709 νικήσασα
2914 4642 3019 4693 τῶν
3053 4635 3331 4710 δυσμενῶν
3390 4639 3488 4708 τὴν
3530 4661 3764 4717 κακουρ.

359 4731 521 4786 illato
561 4733 962 4787 venerandum
995 4741 1168 4806 caput
1197 4735 1393 4789 statim
1432 4737 1755 4806 amputavit
1785 4754 1799 4802 ;
1825 4743 2000 4807 atque

359 4822 463 4876 illa
495 4823 644 4877 victa
675 4824 1144 4878 adversariorum
1177 4823 1704 4893 malitia,martyrii
1725 4841 2002 4882 coronam

359 4912 648 4966 castitatis
681 4928 901 4968 corona
923 4913 1102 4968 auxit.

429 5003 647 5057 Eodem
680 5003 856 5057 modo
902 5002 1015 5058 alia
1044 5003 1317 5074 qumdam
1350 5002 1568 5074 puella,
1601 5004 1757 5074 virgo
1789 5003 2003 5057 formo-

354 5091 592 5147 sissima
622 5097 678 5146 et
706 5092 1058 5164 virginitatis
1113 5093 1413 5148 servandas
1467 5091 1752 5158 studiosa,
1810 5091 2003 5147 delata

351 5183 508 5251 quod
540 5185 600 5236 in
635 5183 776 5238 deos
809 5182 1242 5238 contumeliosa
1277 5183 1504 5249 fuisset,
1529 5198 1664 5236 cum
1725 5187 1893 5253 capta
1944 5185 2003 5236 et

353 5269 548 5341 ﬂagris
597 5289 747 5327 caasa
804 5289 920 5328 non
980 5272 1217 5326 cederet
1263 5273 1521 5326 hostium
1574 5270 1884 5341 impietati,
1938 5270 2000 5324 in

354 5359 604 5429 lupanar
635 5367 723 5415 est
772 5364 1005 5429 tradita,
1043 5363 1360 5432 lenonique
1421 5362 1616 5416 cibum
1675 5360 1728 5416 ei
1787 5375 1997 5431 suppe-

352 5447 560 5502 ditanti
593 5449 934 5505 mandatum
969 5456 1034 5506 ut
1063 5451 1134 5505 ab
1157 5468 1226 5506 ea
1257 5451 1521 5522 quotidie
1553 5457 1671 5505 tres
1721 5465 1997 5505 nummos

2113 4729 2231 4807 γίαν
2263 4729 2490 4786 διπλοῦν
2523 4731 2615 4785 τὸν
2647 4728 2898 4805 στέφανον
2928 4727 3022 4783 τὸν
3080 4731 3176 4782 τοῦ
3211 4728 3509 4803 μαρτυρίου
3540 4731 3632 4786 καὶ
3664 4734 3761 4799 τῆς
3797 4745 3799 4748 ’

2111 4820 2324 4896 ἁγνείας
2351 4817 2666 4890 ἀνεδήσατο.

2181 5000 2450 5061 Ὡσαύτως
2511 4995 2568 5053 δέ
2621 5019 2703 5060 τις
2759 4997 2849 5052 καὶ
2908 4995 3055 5067 ἄλλη
3111 5000 3246 5073 γυνὴ
3326 4997 3758 5073 εὐπρεπεστάτη,

2109 5089 2246 5163 κόρη
2281 5088 2414 5142 οὖσα
2444 5087 2535 5141 καὶ
2567 5087 2652 5161 [Ρ.
2709 5087 2836 5158 266]
2887 5085 3174 5160 παρθενίαν
3230 5085 3491 5156 ἀσκοῦσα,
3531 5083 3762 5158 διεϐλή-

2111 5189 2177 5248 θη
2238 5177 2313 5239 ὡς
2377 5176 2505 5236 τοὺς
2565 5175 2720 5239 θεοὺς
2776 5169 3146 5250 ἐνυϐρίζουσω
3230 5174 3295 5244 ἢν
3348 5171 3754 5250 συλλαϐόμενοι

2107 5267 2197 5321 καὶ
2231 5265 2668 5340 μαστιγώσαντες
2731 5265 2806 5337 μή
2867 5263 3188 5319 ὑπείκουσαν
3246 5267 3314 5338 τῇ
3370 5263 3579 5319 τούτων
3627 5265 3756 5320 δυσ-

2109 5351 2291 5427 σεϐείᾳ
2343 5351 2662 5428 παρέδωκαν
2748 5352 2824 5413 εἷς
2906 5358 3178 5428 πορνεῖον,
3250 5351 3620 5426 ἐντειλάμενοι
3677 5360 3756 5427 τῷ

2105 5445 2304 5515 ταύτην
2381 5446 2600 5516 νέμοντι
2679 5443 2922 5516 κομίζειν
3007 5442 3138 5517 ὑπὲρ
3222 5441 3388 5512 αὐτῆς
3447 5445 3755 5518 ἡμερήσιον

1545 5574 1905 5633 XYLANDRI
1943 5575 2030 5631 ET
2067 5572 2282 5631 GOARI
2321 5571 2544 5628 NOTAE.

421 5677 535 5755 (75)
568 5676 788 5748 Nempe
817 5679 882 5734 ut
911 5672 1137 5732 Pascha
1160 5671 1705 5748 Judalcojnstituto
1737 5689 1805 5730 ac
1835 5673 1931 5730 die
1963 5671 2365 5741 celebraretur
2393 5668 2532 5728 ΧΠ..
