  <div class='ocr_page' id='page_1' title='image "/cluster/home/n/w/nwhite01/storage/ocr_20150623/121/mdp.39015078384289/262.png"; bbox 0 0 4118 6288; ppageno 0'>
   <div class='ocr_carea' id='block_1_1' title="bbox 357 342 476 404">
    <p class='ocr_par' dir='ltr' id='par_1_1' title="bbox 357 342 476 404">
     <span class='ocr_line' id='line_1_1' title="bbox 357 342 476 404; baseline 0.017 -2"><span class='ocrx_word' id='word_1_1' title='bbox 357 342 476 404; x_wconf 79' lang='lat'>509</span> 
     </span>
    </p>
   </div>
   <div class='ocr_carea' id='block_1_2' title="bbox 354 466 1559 549">
    <p class='ocr_par' dir='ltr' id='par_1_2' title="bbox 354 466 1559 549">
     <span class='ocr_line' id='line_1_2' title="bbox 354 466 1559 549; baseline -0.008 -17"><span class='ocrx_word' id='word_1_2' title='bbox 354 477 672 549; x_wconf 72' lang='grc' dir='ltr'>νομίσματα</span> <span class='ocrx_word' id='word_1_3' title='bbox 729 478 872 546; x_wconf 72' lang='grc' dir='ltr'>τρῖα.</span> <span class='ocrx_word' id='word_1_4' title='bbox 929 475 1022 535; x_wconf 87' lang='grc' dir='ltr'>Ὃς</span> <span class='ocrx_word' id='word_1_5' title='bbox 1090 466 1309 526; x_wconf 78' lang='grc' dir='ltr'>ἔκδοτον</span> <span class='ocrx_word' id='word_1_6' title='bbox 1391 467 1559 538; x_wconf 78' lang='grc' dir='ltr'>αὐτὴν</span> 
     </span>
    </p>
   </div>
   <div class='ocr_carea' id='block_1_3' title="bbox 365 552 2016 641">
    <p class='ocr_par' dir='ltr' id='par_1_3' title="bbox 365 552 2016 641">
     <span class='ocr_line' id='line_1_3' title="bbox 365 552 2016 641; baseline -0.008 -21"><span class='ocrx_word' id='word_1_7' title='bbox 365 563 752 641; x_wconf 79' lang='grc' dir='ltr'>βουλομένοις·</span> <span class='ocrx_word' id='word_1_8' title='bbox 786 564 876 618; x_wconf 79' lang='grc' dir='ltr'>καὶ</span> <span class='ocrx_word' id='word_1_9' title='bbox 906 559 1134 617; x_wconf 83' lang='grc' dir='ltr'>πολλῶν</span> <span class='ocrx_word' id='word_1_10' title='bbox 1178 559 1314 633; x_wconf 86' lang='grc' dir='ltr'>πρὸς</span> <span class='ocrx_word' id='word_1_11' title='bbox 1370 557 1538 626; x_wconf 69' lang='grc' dir='ltr'>αὐτὴν</span> <span class='ocrx_word' id='word_1_12' title='bbox 1600 552 2016 625; x_wconf 71' lang='grc' dir='ltr'>εἴσπηδώντων,</span> 
     </span>
    </p>
   </div>
   <div class='ocr_carea' id='block_1_4' title="bbox 361 639 2014 727">
    <p class='ocr_par' dir='ltr' id='par_1_4' title="bbox 361 639 2014 727">
     <span class='ocr_line' id='line_1_4' title="bbox 361 639 2014 727; baseline -0.008 -16"><span class='ocrx_word' id='word_1_13' title='bbox 361 656 564 716; x_wconf 85' lang='grc' dir='ltr'>πάντας</span> <span class='ocrx_word' id='word_1_14' title='bbox 597 651 952 727; x_wconf 71' lang='grc' dir='ltr'>ἀπεκρούετο,</span> <span class='ocrx_word' id='word_1_15' title='bbox 1003 648 1454 726; x_wconf 79' lang='grc' dir='ltr'>προφασιζομένη</span> <span class='ocrx_word' id='word_1_16' title='bbox 1515 641 1675 707; x_wconf 78' lang='grc' dir='ltr'>ἕλκος</span> <span class='ocrx_word' id='word_1_17' title='bbox 1729 639 1878 720; x_wconf 82' lang='grc' dir='ltr'>ἔχειν</span> <span class='ocrx_word' id='word_1_18' title='bbox 1926 641 2014 698; x_wconf 83' lang='grc' dir='ltr'>ἐπὶ</span> 
     </span>
    </p>
   </div>
   <div class='ocr_carea' id='block_1_5' title="bbox 371 729 2012 818">
    <p class='ocr_par' dir='ltr' id='par_1_5' title="bbox 371 729 2012 818">
     <span class='ocr_line' id='line_1_5' title="bbox 371 729 2012 818; baseline -0.009 -18"><span class='ocrx_word' id='word_1_19' title='bbox 371 747 610 818; x_wconf 79' lang='grc' dir='ltr'>κρυπτοῦ</span> <span class='ocrx_word' id='word_1_20' title='bbox 639 743 814 797; x_wconf 84' lang='grc' dir='ltr'>τόπου</span> <span class='ocrx_word' id='word_1_21' title='bbox 845 741 934 796; x_wconf 82' lang='grc' dir='ltr'>καὶ</span> <span class='ocrx_word' id='word_1_22' title='bbox 991 740 1190 796; x_wconf 89' lang='grc' dir='ltr'>τούτου</span> <span class='ocrx_word' id='word_1_23' title='bbox 1255 741 1354 808; x_wconf 74' lang='grc' dir='ltr'>τήν</span> <span class='ocrx_word' id='word_1_24' title='bbox 1416 733 1742 812; x_wconf 70' lang='grc' dir='ltr'>ἀπαλλαγὴν</span> <span class='ocrx_word' id='word_1_25' title='bbox 1801 729 2012 804; x_wconf 75' lang='grc' dir='ltr'>ἐκδέξαο</span> 
     </span>
    </p>
   </div>
   <div class='ocr_carea' id='block_1_6' title="bbox 375 821 2015 897">
    <p class='ocr_par' dir='ltr' id='par_1_6' title="bbox 375 821 2015 897">
     <span class='ocr_line' id='line_1_6' title="bbox 375 821 2015 897; baseline -0.009 -9"><span class='ocrx_word' id='word_1_26' title='bbox 375 845 514 897; x_wconf 85' lang='grc' dir='ltr'>σθαι.</span> <span class='ocrx_word' id='word_1_27' title='bbox 547 831 736 893; x_wconf 78' lang='grc' dir='ltr'>Οὕτως</span> <span class='ocrx_word' id='word_1_28' title='bbox 799 831 890 886; x_wconf 80' lang='grc' dir='ltr'>οὖν</span> <span class='ocrx_word' id='word_1_29' title='bbox 939 828 1166 892; x_wconf 78' lang='grc' dir='ltr'>τούτους</span> <span class='ocrx_word' id='word_1_30' title='bbox 1223 822 1680 883; x_wconf 83' lang='grc' dir='ltr'>ἀποϐουκαλοῦσα</span> <span class='ocrx_word' id='word_1_31' title='bbox 1735 823 1829 878; x_wconf 85' lang='grc' dir='ltr'>τὸν</span> <span class='ocrx_word' id='word_1_32' title='bbox 1888 821 2015 876; x_wconf 86' lang='grc' dir='ltr'>Θεὸν</span> 
     </span>
    </p>
   </div>
   <div class='ocr_carea' id='block_1_7' title="bbox 375 911 2009 995">
    <p class='ocr_par' dir='ltr' id='par_1_7' title="bbox 375 911 2009 995">
     <span class='ocr_line' id='line_1_7' title="bbox 375 911 2009 995; baseline -0.006 -17"><span class='ocrx_word' id='word_1_33' title='bbox 375 922 598 979; x_wconf 76' lang='grc' dir='ltr'>ἱκέτευεν</span> <span class='ocrx_word' id='word_1_34' title='bbox 651 919 880 977; x_wconf 84' lang='grc' dir='ltr'>ἃσπιλον</span> <span class='ocrx_word' id='word_1_35' title='bbox 935 922 1034 990; x_wconf 76' lang='grc' dir='ltr'>τήν</span> <span class='ocrx_word' id='word_1_36' title='bbox 1091 920 1378 995; x_wconf 79' lang='grc' dir='ltr'>παρθενίαν</span> <span class='ocrx_word' id='word_1_37' title='bbox 1434 917 1602 986; x_wconf 78' lang='grc' dir='ltr'>αὐτῆς</span> <span class='ocrx_word' id='word_1_38' title='bbox 1663 911 2009 988; x_wconf 78' lang='grc' dir='ltr'>διαφυλάξαι.</span> 
     </span>
    </p>
   </div>
   <div class='ocr_carea' id='block_1_8' title="bbox 368 1002 2012 1082">
    <p class='ocr_par' dir='ltr' id='par_1_8' title="bbox 368 1002 2012 1082">
     <span class='ocr_line' id='line_1_8' title="bbox 368 1002 2012 1082; baseline -0.008 -14"><span class='ocrx_word' id='word_1_39' title='bbox 368 1012 473 1068; x_wconf 84' lang='grc' dir='ltr'>Καὶ</span> <span class='ocrx_word' id='word_1_40' title='bbox 507 1011 574 1081; x_wconf 78' lang='grc' dir='ltr'>δὴ</span> <span class='ocrx_word' id='word_1_41' title='bbox 611 1011 912 1082; x_wconf 73' lang='grc' dir='ltr'>ὑπήκουσεν</span> <span class='ocrx_word' id='word_1_42' title='bbox 969 1012 1138 1078; x_wconf 77' lang='grc' dir='ltr'>αὐτῆς</span> <span class='ocrx_word' id='word_1_43' title='bbox 1198 1010 1225 1063; x_wconf 98' lang='lat'>6</span> <span class='ocrx_word' id='word_1_44' title='bbox 1283 1007 1431 1071; x_wconf 88' lang='grc' dir='ltr'>Θεός.</span> <span class='ocrx_word' id='word_1_45' title='bbox 1494 1006 1598 1062; x_wconf 86' lang='grc' dir='ltr'>Καὶ</span> <span class='ocrx_word' id='word_1_46' title='bbox 1651 1002 1874 1080; x_wconf 75' lang='grc' dir='ltr'>’ἔρχεταί</span> <span class='ocrx_word' id='word_1_47' title='bbox 1931 1022 2012 1063; x_wconf 89' lang='grc' dir='ltr'>τις</span> 
     </span>
    </p>
   </div>
   <div class='ocr_carea' id='block_1_9' title="bbox 365 1092 2006 1177">
    <p class='ocr_par' dir='ltr' id='par_1_9' title="bbox 365 1092 2006 1177">
     <span class='ocr_line' id='line_1_9' title="bbox 365 1092 2006 1177; baseline -0.007 -20"><span class='ocrx_word' id='word_1_48' title='bbox 365 1101 637 1163; x_wconf 73' lang='grc' dir='ltr'>νεανίσκος</span> <span class='ocrx_word' id='word_1_49' title='bbox 667 1103 964 1177; x_wconf 71' lang='grc' dir='ltr'>περιφανὴς</span> <span class='ocrx_word' id='word_1_50' title='bbox 1023 1101 1112 1154; x_wconf 88' lang='grc' dir='ltr'>καὶ</span> <span class='ocrx_word' id='word_1_51' title='bbox 1174 1098 1292 1156; x_wconf 83' lang='grc' dir='ltr'>λίαν</span> <span class='ocrx_word' id='word_1_52' title='bbox 1349 1092 1574 1164; x_wconf 76' lang='grc' dir='ltr'>εὐσεϐὴς</span> <span class='ocrx_word' id='word_1_53' title='bbox 1631 1093 1857 1165; x_wconf 71' lang='grc' dir='ltr'>ἑσπέρας</span> <span class='ocrx_word' id='word_1_54' title='bbox 1911 1092 2006 1166; x_wconf 87' lang='grc' dir='ltr'>βα-</span> 
     </span>
    </p>
   </div>
   <div class='ocr_carea' id='block_1_10' title="bbox 365 1179 2007 1265">
    <p class='ocr_par' dir='ltr' id='par_1_10' title="bbox 365 1179 2007 1265">
     <span class='ocr_line' id='line_1_10' title="bbox 365 1179 2007 1265; baseline -0.008 -19"><span class='ocrx_word' id='word_1_55' title='bbox 365 1191 512 1253; x_wconf 80' lang='grc' dir='ltr'>θείας</span> <span class='ocrx_word' id='word_1_56' title='bbox 545 1192 681 1264; x_wconf 83' lang='grc' dir='ltr'>πρὸς</span> <span class='ocrx_word' id='word_1_57' title='bbox 712 1191 804 1246; x_wconf 86' lang='grc' dir='ltr'>τὸν</span> <span class='ocrx_word' id='word_1_58' title='bbox 838 1184 1239 1265; x_wconf 81' lang='grc' dir='ltr'>πορνοϐοσκὸν,</span> <span class='ocrx_word' id='word_1_59' title='bbox 1272 1186 1361 1242; x_wconf 81' lang='grc' dir='ltr'>καὶ</span> <span class='ocrx_word' id='word_1_60' title='bbox 1394 1183 1613 1241; x_wconf 83' lang='grc' dir='ltr'>δίδωσιν</span> <span class='ocrx_word' id='word_1_61' title='bbox 1646 1184 1796 1255; x_wconf 85' lang='grc' dir='ltr'>αὐτῷ</span> <span class='ocrx_word' id='word_1_62' title='bbox 1847 1179 2007 1253; x_wconf 86' lang='grc' dir='ltr'>νομί-</span> 
     </span>
    </p>
   </div>
   <div class='ocr_carea' id='block_1_11' title="bbox 367 1273 2002 1354">
    <p class='ocr_par' dir='ltr' id='par_1_11' title="bbox 367 1273 2002 1354">
     <span class='ocr_line' id='line_1_11' title="bbox 367 1273 2002 1354; baseline -0.007 -20"><span class='ocrx_word' id='word_1_63' title='bbox 367 1301 546 1351; x_wconf 87' lang='grc' dir='ltr'>σματα</span> <span class='ocrx_word' id='word_1_64' title='bbox 576 1280 754 1349; x_wconf 83' lang='grc' dir='ltr'>πέντε,</span> <span class='ocrx_word' id='word_1_65' title='bbox 787 1278 960 1354; x_wconf 91' lang='grc' dir='ltr'>λέγων</span> <span class='ocrx_word' id='word_1_66' title='bbox 990 1277 1186 1334; x_wconf 85' lang='grc' dir='ltr'>Ἒασόν</span> <span class='ocrx_word' id='word_1_67' title='bbox 1220 1299 1311 1350; x_wconf 89' lang='grc' dir='ltr'>μοι</span> <span class='ocrx_word' id='word_1_68' title='bbox 1337 1275 1536 1344; x_wconf 85' lang='grc' dir='ltr'>ταύτην</span> <span class='ocrx_word' id='word_1_69' title='bbox 1594 1275 1696 1342; x_wconf 78' lang='grc' dir='ltr'>τήν</span> <span class='ocrx_word' id='word_1_70' title='bbox 1739 1273 2002 1345; x_wconf 85' lang='grc' dir='ltr'>κόρην....</span> 
     </span>
    </p>
   </div>
   <div class='ocr_carea' id='block_1_12' title="bbox 358 1360 2002 1444">
    <p class='ocr_par' dir='ltr' id='par_1_12' title="bbox 358 1360 2002 1444">
     <span class='ocr_line' id='line_1_12' title="bbox 358 1360 2002 1444; baseline -0.007 -20"><span class='ocrx_word' id='word_1_71' title='bbox 358 1371 428 1424; x_wconf 77' lang='grc' dir='ltr'>τά</span> <span class='ocrx_word' id='word_1_72' title='bbox 484 1369 679 1444; x_wconf 76' lang='grc' dir='ltr'>ἱμάτια</span> <span class='ocrx_word' id='word_1_73' title='bbox 735 1369 920 1440; x_wconf 77' lang='grc' dir='ltr'>αὐτοῦ,</span> <span class='ocrx_word' id='word_1_74' title='bbox 998 1369 1088 1423; x_wconf 84' lang='grc' dir='ltr'>καὶ</span> <span class='ocrx_word' id='word_1_75' title='bbox 1173 1363 1548 1441; x_wconf 77' lang='grc' dir='ltr'>περικαλύψας</span> <span class='ocrx_word' id='word_1_76' title='bbox 1607 1367 1706 1433; x_wconf 76' lang='grc' dir='ltr'>τήν</span> <span class='ocrx_word' id='word_1_77' title='bbox 1763 1360 2002 1438; x_wconf 74' lang='grc' dir='ltr'>κεφαλὴν</span> 
     </span>
    </p>
   </div>
   <div class='ocr_carea' id='block_1_13' title="bbox 353 1451 2000 1536">
    <p class='ocr_par' dir='ltr' id='par_1_13' title="bbox 353 1451 2000 1536">
     <span class='ocr_line' id='line_1_13' title="bbox 353 1451 2000 1536; baseline -0.006 -23"><span class='ocrx_word' id='word_1_78' title='bbox 353 1457 523 1528; x_wconf 85' lang='grc' dir='ltr'>αὐτῆς</span> <span class='ocrx_word' id='word_1_79' title='bbox 607 1459 897 1531; x_wconf 76' lang='grc' dir='ltr'>ἐξέπεμψεν</span> <span class='ocrx_word' id='word_1_80' title='bbox 985 1458 1152 1526; x_wconf 73' lang='grc' dir='ltr'>αὒτὴν</span> <span class='ocrx_word' id='word_1_81' title='bbox 1242 1453 1476 1536; x_wconf 77' lang='grc' dir='ltr'>ἃφθορον</span> <span class='ocrx_word' id='word_1_82' title='bbox 1563 1454 1653 1508; x_wconf 86' lang='grc' dir='ltr'>καὶ</span> <span class='ocrx_word' id='word_1_83' title='bbox 1711 1451 2000 1530; x_wconf 79' lang='grc' dir='ltr'>ἀνέπαφον.</span> 
     </span>
    </p>
   </div>
   <div class='ocr_carea' id='block_1_14' title="bbox 351 1542 2000 1623">
    <p class='ocr_par' dir='ltr' id='par_1_14' title="bbox 351 1542 2000 1623">
     <span class='ocr_line' id='line_1_14' title="bbox 351 1542 2000 1623; baseline -0.005 -20"><span class='ocrx_word' id='word_1_84' title='bbox 351 1544 591 1623; x_wconf 79' lang='grc' dir='ltr'>Ἡμέρας</span> <span class='ocrx_word' id='word_1_85' title='bbox 624 1544 681 1602; x_wconf 79' lang='grc' dir='ltr'>δὲ</span> <span class='ocrx_word' id='word_1_86' title='bbox 709 1547 1008 1623; x_wconf 87' lang='grc' dir='ltr'>γενομένης</span> <span class='ocrx_word' id='word_1_87' title='bbox 1047 1546 1137 1600; x_wconf 88' lang='grc' dir='ltr'>καὶ</span> <span class='ocrx_word' id='word_1_88' title='bbox 1189 1550 1288 1601; x_wconf 82' lang='grc' dir='ltr'>τοῦ</span> <span class='ocrx_word' id='word_1_89' title='bbox 1347 1543 1622 1619; x_wconf 76' lang='grc' dir='ltr'>δράματος</span> <span class='ocrx_word' id='word_1_90' title='bbox 1671 1542 2000 1618; x_wconf 72' lang='grc' dir='ltr'>γνωσθέντος</span> 
     </span>
    </p>
   </div>
   <div class='ocr_carea' id='block_1_15' title="bbox 352 1629 1999 1712">
    <p class='ocr_par' dir='ltr' id='par_1_15' title="bbox 352 1629 1999 1712">
     <span class='ocr_line' id='line_1_15' title="bbox 352 1629 1999 1712; baseline -0.005 -20"><span class='ocrx_word' id='word_1_91' title='bbox 352 1636 538 1712; x_wconf 81' lang='grc' dir='ltr'>ἐκρίθη</span> <span class='ocrx_word' id='word_1_92' title='bbox 573 1638 600 1692; x_wconf 90' lang='lat'>6</span> <span class='ocrx_word' id='word_1_93' title='bbox 632 1635 836 1699; x_wconf 88' lang='grc' dir='ltr'>νεανίας</span> <span class='ocrx_word' id='word_1_94' title='bbox 890 1637 1256 1710; x_wconf 76' lang='grc' dir='ltr'>ἀναιρεθῆναι,</span> <span class='ocrx_word' id='word_1_95' title='bbox 1309 1635 1399 1690; x_wconf 85' lang='grc' dir='ltr'>καὶ</span> <span class='ocrx_word' id='word_1_96' title='bbox 1455 1632 1650 1688; x_wconf 89' lang='grc' dir='ltr'>τούτου</span> <span class='ocrx_word' id='word_1_97' title='bbox 1706 1629 1999 1705; x_wconf 71' lang='grc' dir='ltr'>γενομένου</span> 
     </span>
    </p>
   </div>
   <div class='ocr_carea' id='block_1_16' title="bbox 1518 329 2666 397">
    <p class='ocr_par' dir='ltr' id='par_1_16' title="bbox 1518 329 2666 397">
     <span class='ocr_line' id='line_1_16' title="bbox 1518 329 2666 397; baseline 0.003 -4"><span class='ocrx_word' id='word_1_98' title='bbox 1518 330 2066 393; x_wconf 74' lang='lat' dir='ltr'>HISTORIARUM</span> <span class='ocrx_word' id='word_1_99' title='bbox 2113 329 2666 397; x_wconf 83' lang='lat' dir='ltr'>COMPENDIUM.</span> 
     </span>
    </p>
   </div>
   <div class='ocr_carea' id='block_1_17' title="bbox 3660 336 3780 398">
    <p class='ocr_par' dir='ltr' id='par_1_17' title="bbox 3660 336 3780 398">
     <span class='ocr_line' id='line_1_17' title="bbox 3660 336 3780 398; baseline 0 -1"><span class='ocrx_word' id='word_1_100' title='bbox 3660 336 3780 398; x_wconf 83' lang='grc'>510</span> 
     </span>
    </p>
   </div>
   <div class='ocr_carea' id='block_1_18' title="bbox 1643 461 1990 544">
    <p class='ocr_par' dir='ltr' id='par_1_18' title="bbox 1643 461 1990 537">
     <span class='ocr_line' id='line_1_18' title="bbox 1643 461 1990 537; baseline -0.012 -15"><span class='ocrx_word' id='word_1_101' title='bbox 1643 461 1835 537; x_wconf 66' lang='grc' dir='ltr'>ἔστησε</span> <span class='ocrx_word' id='word_1_102' title='bbox 1889 469 1990 520; x_wconf 77' lang='grc' dir='ltr'>τοῖι</span> 
     </span>
    </p>
   </div>
   <div class='ocr_carea' id='block_1_19' title="bbox 2102 461 3774 544">
    <p class='ocr_par' dir='ltr' id='par_1_19' title="bbox 2124 466 3774 544">
     <span class='ocr_line' id='line_1_19' title="bbox 2124 466 3774 544; baseline 0.005 -23"><span class='ocrx_word' id='word_1_103' title='bbox 2124 466 2400 540; x_wconf 80' lang='lat' dir='ltr'>exigeret.</span> <span class='ocrx_word' id='word_1_104' title='bbox 2434 469 2521 526; x_wconf 79' lang='lat' dir='ltr'>Ab</span> <span class='ocrx_word' id='word_1_105' title='bbox 2549 489 2616 527; x_wconf 91' lang='lat' dir='ltr'>eo</span> <span class='ocrx_word' id='word_1_106' title='bbox 2647 471 2964 544; x_wconf 88' lang='lat' dir='ltr'>prostituta</span> <span class='ocrx_word' id='word_1_107' title='bbox 2994 473 3205 529; x_wconf 82' lang='lat' dir='ltr'>omnes</span> <span class='ocrx_word' id='word_1_108' title='bbox 3233 469 3307 527; x_wconf 86' lang='lat' dir='ltr'>ad</span> <span class='ocrx_word' id='word_1_109' title='bbox 3353 475 3434 527; x_wconf 78' lang='lat' dir='ltr'>se&#39;</span> <span class='ocrx_word' id='word_1_110' title='bbox 3470 470 3774 544; x_wconf 81' lang='lat' dir='ltr'>ingressos</span> 
     </span>
    </p>
   </div>
   <div class='ocr_carea' id='block_1_20' title="bbox 2127 560 3774 633">
    <p class='ocr_par' dir='ltr' id='par_1_20' title="bbox 2127 560 3774 633">
     <span class='ocr_line' id='line_1_20' title="bbox 2127 560 3774 633; baseline 0.004 -21"><span class='ocrx_word' id='word_1_111' title='bbox 2127 560 2356 627; x_wconf 81' lang='lat' dir='ltr'>avertit,</span> <span class='ocrx_word' id='word_1_112' title='bbox 2399 561 2569 617; x_wconf 88' lang='lat' dir='ltr'>ulcus</span> <span class='ocrx_word' id='word_1_113' title='bbox 2627 562 2737 616; x_wconf 86' lang='lat' dir='ltr'>sibi</span> <span class='ocrx_word' id='word_1_114' title='bbox 2796 580 2923 618; x_wconf 89' lang='lat' dir='ltr'>esse</span> <span class='ocrx_word' id='word_1_115' title='bbox 2979 568 3205 618; x_wconf 86' lang='lat' dir='ltr'>secreto</span> <span class='ocrx_word' id='word_1_116' title='bbox 3264 562 3393 617; x_wconf 91' lang='lat' dir='ltr'>loco</span> <span class='ocrx_word' id='word_1_117' title='bbox 3455 563 3774 633; x_wconf 87' lang='lat' dir='ltr'>mentiens,</span> 
     </span>
    </p>
   </div>
   <div class='ocr_carea' id='block_1_21' title="bbox 2125 651 3773 724">
    <p class='ocr_par' dir='ltr' id='par_1_21' title="bbox 2125 651 3773 724">
     <span class='ocr_line' id='line_1_21' title="bbox 2125 651 3773 724; baseline 0.004 -23"><span class='ocrx_word' id='word_1_118' title='bbox 2125 651 2306 718; x_wconf 90' lang='lat' dir='ltr'>utque</span> <span class='ocrx_word' id='word_1_119' title='bbox 2336 651 2463 722; x_wconf 82' lang='lat' dir='ltr'>ejus</span> <span class='ocrx_word' id='word_1_120' title='bbox 2487 652 2856 706; x_wconf 81' lang='lat' dir='ltr'>sanationem</span> <span class='ocrx_word' id='word_1_121' title='bbox 2880 658 3293 724; x_wconf 76' lang='lat' dir='ltr'>exspectarent</span> <span class='ocrx_word' id='word_1_122' title='bbox 3315 667 3504 706; x_wconf 83' lang='lat' dir='ltr'>orans.</span> <span class='ocrx_word' id='word_1_123' title='bbox 3562 653 3660 707; x_wconf 86' lang='lat' dir='ltr'>His</span> <span class='ocrx_word' id='word_1_124' title='bbox 3691 654 3773 707; x_wconf 90' lang='lat' dir='ltr'>ita</span> 
     </span>
    </p>
   </div>
   <div class='ocr_carea' id='block_1_22' title="bbox 2125 736 3771 814">
    <p class='ocr_par' dir='ltr' id='par_1_22' title="bbox 2125 736 3771 814">
     <span class='ocr_line' id='line_1_22' title="bbox 2125 736 3771 814; baseline 0.004 -22"><span class='ocrx_word' id='word_1_125' title='bbox 2125 736 2410 810; x_wconf 86' lang='lat' dir='ltr'>deceptis,</span> <span class='ocrx_word' id='word_1_126' title='bbox 2443 743 2628 796; x_wconf 81' lang='lat' dir='ltr'>Deum</span> <span class='ocrx_word' id='word_1_127' title='bbox 2660 747 2897 813; x_wconf 82' lang='lat' dir='ltr'>precata</span> <span class='ocrx_word' id='word_1_128' title='bbox 2928 749 3018 797; x_wconf 90' lang='lat' dir='ltr'>est</span> <span class='ocrx_word' id='word_1_129' title='bbox 3046 749 3112 797; x_wconf 93' lang='lat' dir='ltr'>ut</span> <span class='ocrx_word' id='word_1_130' title='bbox 3156 759 3324 797; x_wconf 90' lang='lat' dir='ltr'>suam</span> <span class='ocrx_word' id='word_1_131' title='bbox 3374 743 3771 814; x_wconf 80' lang='lat' dir='ltr'>virginitatem</span> 
     </span>
    </p>
   </div>
   <div class='ocr_carea' id='block_1_23' title="bbox 2125 827 3770 902">
    <p class='ocr_par' dir='ltr' id='par_1_23' title="bbox 2125 827 3770 902">
     <span class='ocr_line' id='line_1_23' title="bbox 2125 827 3770 902; baseline 0.003 -21"><span class='ocrx_word' id='word_1_132' title='bbox 2125 827 2499 899; x_wconf 88' lang='lat' dir='ltr'>impollutam</span> <span class='ocrx_word' id='word_1_133' title='bbox 2532 830 2642 886; x_wconf 91' lang='lat' dir='ltr'>sibi</span> <span class='ocrx_word' id='word_1_134' title='bbox 2677 837 2955 888; x_wconf 82' lang='lat' dir='ltr'>servaret.</span> <span class='ocrx_word' id='word_1_135' title='bbox 3017 834 3234 902; x_wconf 89' lang='lat' dir='ltr'>Estque</span> <span class='ocrx_word' id='word_1_136' title='bbox 3279 831 3350 886; x_wconf 91' lang='lat' dir='ltr'>ab</span> <span class='ocrx_word' id='word_1_137' title='bbox 3401 848 3468 885; x_wconf 93' lang='lat' dir='ltr'>eo</span> <span class='ocrx_word' id='word_1_138' title='bbox 3515 833 3603 886; x_wconf 92' lang='lat' dir='ltr'>sui</span> <span class='ocrx_word' id='word_1_139' title='bbox 3653 832 3770 888; x_wconf 90' lang='lat' dir='ltr'>voti</span> 
     </span>
    </p>
   </div>
   <div class='ocr_carea' id='block_1_24' title="bbox 2124 920 3765 993">
    <p class='ocr_par' dir='ltr' id='par_1_24' title="bbox 2124 920 3765 993">
     <span class='ocr_line' id='line_1_24' title="bbox 2124 920 3765 993; baseline 0.003 -21"><span class='ocrx_word' id='word_1_140' title='bbox 2124 933 2366 989; x_wconf 87' lang='lat' dir='ltr'>compos</span> <span class='ocrx_word' id='word_1_141' title='bbox 2394 920 2550 975; x_wconf 85' lang='lat' dir='ltr'>facta</span> <span class='ocrx_word' id='word_1_142' title='bbox 2579 937 2591 975; x_wconf 92' lang='lat'>:</span> <span class='ocrx_word' id='word_1_143' title='bbox 2625 938 2763 976; x_wconf 88' lang='lat' dir='ltr'>nam</span> <span class='ocrx_word' id='word_1_144' title='bbox 2796 921 2913 976; x_wconf 88' lang='lat' dir='ltr'>alta</span> <span class='ocrx_word' id='word_1_145' title='bbox 2944 926 3115 976; x_wconf 90' lang='lat' dir='ltr'>nocte</span> <span class='ocrx_word' id='word_1_146' title='bbox 3146 920 3491 976; x_wconf 88' lang='lat' dir='ltr'>adolescens</span> <span class='ocrx_word' id='word_1_147' title='bbox 3523 922 3765 993; x_wconf 90' lang='lat' dir='ltr'>quidam</span> 
     </span>
    </p>
   </div>
   <div class='ocr_carea' id='block_1_25' title="bbox 2121 1006 3765 1082">
    <p class='ocr_par' dir='ltr' id='par_1_25' title="bbox 2121 1006 3765 1082">
     <span class='ocr_line' id='line_1_25' title="bbox 2121 1006 3765 1082; baseline 0.002 -22"><span class='ocrx_word' id='word_1_148' title='bbox 2121 1006 2370 1063; x_wconf 87' lang='lat' dir='ltr'>illustris</span> <span class='ocrx_word' id='word_1_149' title='bbox 2401 1016 2578 1081; x_wconf 86' lang='lat' dir='ltr'>atque</span> <span class='ocrx_word' id='word_1_150' title='bbox 2599 1011 2918 1066; x_wconf 89' lang='lat' dir='ltr'>admodum</span> <span class='ocrx_word' id='word_1_151' title='bbox 2946 1012 3078 1082; x_wconf 89' lang='lat' dir='ltr'>pius</span> <span class='ocrx_word' id='word_1_152' title='bbox 3103 1009 3177 1064; x_wconf 90' lang='lat' dir='ltr'>ad</span> <span class='ocrx_word' id='word_1_153' title='bbox 3195 1010 3470 1065; x_wconf 88' lang='lat' dir='ltr'>lenonem</span> <span class='ocrx_word' id='word_1_154' title='bbox 3491 1012 3765 1079; x_wconf 89' lang='lat' dir='ltr'>accessit,</span> 
     </span>
    </p>
   </div>
   <div class='ocr_carea' id='block_1_26' title="bbox 2121 1095 3764 1171">
    <p class='ocr_par' dir='ltr' id='par_1_26' title="bbox 2121 1095 3764 1171">
     <span class='ocr_line' id='line_1_26' title="bbox 2121 1095 3764 1171; baseline 0.002 -20"><span class='ocrx_word' id='word_1_155' title='bbox 2121 1095 2292 1168; x_wconf 88' lang='lat' dir='ltr'>eique</span> <span class='ocrx_word' id='word_1_156' title='bbox 2324 1098 2487 1154; x_wconf 88' lang='lat' dir='ltr'>dedit</span> <span class='ocrx_word' id='word_1_157' title='bbox 2517 1101 2780 1171; x_wconf 91' lang='lat' dir='ltr'>quinque</span> <span class='ocrx_word' id='word_1_158' title='bbox 2812 1117 3109 1166; x_wconf 89' lang='lat' dir='ltr'>nummos,</span> <span class='ocrx_word' id='word_1_159' title='bbox 3144 1105 3210 1154; x_wconf 90' lang='lat' dir='ltr'>ut</span> <span class='ocrx_word' id='word_1_160' title='bbox 3237 1100 3311 1154; x_wconf 94' lang='lat' dir='ltr'>ad</span> <span class='ocrx_word' id='word_1_161' title='bbox 3328 1099 3589 1171; x_wconf 90' lang='lat' dir='ltr'>puellam</span> <span class='ocrx_word' id='word_1_162' title='bbox 3613 1100 3764 1155; x_wconf 91' lang='lat' dir='ltr'>hanc</span> 
     </span>
    </p>
   </div>
   <div class='ocr_carea' id='block_1_27' title="bbox 2119 1186 3761 1260">
    <p class='ocr_par' dir='ltr' id='par_1_27' title="bbox 2119 1186 3761 1260">
     <span class='ocr_line' id='line_1_27' title="bbox 2119 1186 3761 1260; baseline 0.001 -18"><span class='ocrx_word' id='word_1_163' title='bbox 2119 1186 2532 1244; x_wconf 86' lang='lat' dir='ltr'>admitteretur</span> <span class='ocrx_word' id='word_1_164' title='bbox 2575 1233 2586 1244; x_wconf 96' lang='lat'>.</span> <span class='ocrx_word' id='word_1_165' title='bbox 2633 1232 2644 1243; x_wconf 93' lang='lat'>.</span> <span class='ocrx_word' id='word_1_166' title='bbox 2692 1231 2705 1244; x_wconf 94' lang='lat'>.</span> <span class='ocrx_word' id='word_1_167' title='bbox 2764 1196 2955 1244; x_wconf 84' lang='lat' dir='ltr'>vestes</span> <span class='ocrx_word' id='word_1_168' title='bbox 3014 1190 3163 1260; x_wconf 86' lang='lat' dir='ltr'>ejus,</span> <span class='ocrx_word' id='word_1_169' title='bbox 3215 1190 3524 1260; x_wconf 88' lang='lat' dir='ltr'>capiteque</span> <span class='ocrx_word' id='word_1_170' title='bbox 3577 1190 3761 1244; x_wconf 89' lang='lat' dir='ltr'>velato</span> 
     </span>
    </p>
   </div>
   <div class='ocr_carea' id='block_1_28' title="bbox 2118 1276 3760 1350">
    <p class='ocr_par' dir='ltr' id='par_1_28' title="bbox 2118 1276 3760 1350">
     <span class='ocr_line' id='line_1_28' title="bbox 2118 1276 3760 1350; baseline 0.001 -20"><span class='ocrx_word' id='word_1_171' title='bbox 2118 1276 2401 1332; x_wconf 85' lang='lat' dir='ltr'>intactam</span> <span class='ocrx_word' id='word_1_172' title='bbox 2433 1278 2676 1336; x_wconf 90' lang='lat' dir='ltr'>dimisit.</span> <span class='ocrx_word' id='word_1_173' title='bbox 2713 1281 2887 1335; x_wconf 90' lang='lat' dir='ltr'>Facta</span> <span class='ocrx_word' id='word_1_174' title='bbox 2917 1279 3048 1334; x_wconf 91' lang='lat' dir='ltr'>luce</span> <span class='ocrx_word' id='word_1_175' title='bbox 3079 1296 3173 1334; x_wconf 91' lang='lat' dir='ltr'>res</span> <span class='ocrx_word' id='word_1_176' title='bbox 3232 1279 3603 1350; x_wconf 83' lang='lat' dir='ltr'>deprehensa</span> <span class='ocrx_word' id='word_1_177' title='bbox 3652 1284 3760 1343; x_wconf 89' lang='lat' dir='ltr'>est,</span> 
     </span>
    </p>
   </div>
   <div class='ocr_carea' id='block_1_29' title="bbox 2117 1366 3761 1438">
    <p class='ocr_par' dir='ltr' id='par_1_29' title="bbox 2117 1366 3761 1438">
     <span class='ocr_line' id='line_1_29' title="bbox 2117 1366 3761 1438; baseline 0.001 -18"><span class='ocrx_word' id='word_1_178' title='bbox 2117 1372 2174 1421; x_wconf 90' lang='lat' dir='ltr'>et</span> <span class='ocrx_word' id='word_1_179' title='bbox 2233 1366 2580 1423; x_wconf 88' lang='lat' dir='ltr'>adolescens</span> <span class='ocrx_word' id='word_1_180' title='bbox 2636 1376 2826 1424; x_wconf 86' lang='lat' dir='ltr'>morte</span> <span class='ocrx_word' id='word_1_181' title='bbox 2883 1369 3189 1423; x_wconf 91' lang='lat' dir='ltr'>multatus.</span> <span class='ocrx_word' id='word_1_182' title='bbox 3249 1370 3422 1438; x_wconf 90' lang='lat' dir='ltr'>Isque</span> <span class='ocrx_word' id='word_1_183' title='bbox 3481 1384 3549 1422; x_wconf 94' lang='lat' dir='ltr'>eo</span> <span class='ocrx_word' id='word_1_184' title='bbox 3607 1368 3761 1422; x_wconf 78' lang='lat' dir='ltr'>facto</span> 
     </span>
    </p>
   </div>
   <div class='ocr_carea' id='block_1_30' title="bbox 2115 1455 3760 1530">
    <p class='ocr_par' dir='ltr' id='par_1_30' title="bbox 2115 1455 3760 1530">
     <span class='ocr_line' id='line_1_30' title="bbox 2115 1455 3760 1530; baseline 0.001 -21"><span class='ocrx_word' id='word_1_185' title='bbox 2115 1455 2382 1526; x_wconf 84' lang='lat' dir='ltr'>implevit</span> <span class='ocrx_word' id='word_1_186' title='bbox 2411 1457 2674 1512; x_wconf 90' lang='lat' dir='ltr'>divinum</span> <span class='ocrx_word' id='word_1_187' title='bbox 2699 1458 3004 1514; x_wconf 87' lang='lat' dir='ltr'>oraculum</span> <span class='ocrx_word' id='word_1_188' title='bbox 3036 1457 3187 1513; x_wconf 92' lang='lat' dir='ltr'>illud</span> <span class='ocrx_word' id='word_1_189' title='bbox 3214 1474 3225 1511; x_wconf 89' lang='lat'><strong>:</strong></span> <span class='ocrx_word' id='word_1_190' title='bbox 3253 1459 3534 1530; x_wconf 87' lang='lat' dir='ltr'>Majorem</span> <span class='ocrx_word' id='word_1_191' title='bbox 3556 1457 3760 1512; x_wconf 89' lang='lat' dir='ltr'>chari-</span> 
     </span>
    </p>
   </div>
   <div class='ocr_carea' id='block_1_31' title="bbox 2112 1546 3759 1618">
    <p class='ocr_par' dir='ltr' id='par_1_31' title="bbox 2112 1546 3759 1618">
     <span class='ocr_line' id='line_1_31' title="bbox 2112 1546 3759 1618; baseline 0.001 -20"><span class='ocrx_word' id='word_1_192' title='bbox 2112 1547 2294 1598; x_wconf 87' lang='lat' dir='ltr'>tatem</span> <span class='ocrx_word' id='word_1_193' title='bbox 2325 1561 2500 1600; x_wconf 90' lang='lat' dir='ltr'>nemo</span> <span class='ocrx_word' id='word_1_194' title='bbox 2532 1552 2727 1617; x_wconf 90' lang='lat' dir='ltr'>potest</span> <span class='ocrx_word' id='word_1_195' title='bbox 2756 1553 3038 1618; x_wconf 68' lang='lat' dir='ltr'>praestare</span> <span class='ocrx_word' id='word_1_196' title='bbox 3073 1563 3250 1617; x_wconf 89' lang='lat' dir='ltr'>quam</span> <span class='ocrx_word' id='word_1_197' title='bbox 3309 1552 3376 1601; x_wconf 90' lang='lat' dir='ltr'>ut</span> <span class='ocrx_word' id='word_1_198' title='bbox 3421 1546 3599 1600; x_wconf 89' lang='lat' dir='ltr'>vitam</span> <span class='ocrx_word' id='word_1_199' title='bbox 3653 1562 3759 1616; x_wconf 88' lang='lat' dir='ltr'>pro</span> 
     </span>
    </p>
   </div>
   <div class='ocr_carea' id='block_1_32' title="bbox 2110 1633 2746 1705">
    <p class='ocr_par' dir='ltr' id='par_1_32' title="bbox 2110 1633 2746 1705">
     <span class='ocr_line' id='line_1_32' title="bbox 2110 1633 2746 1705; baseline 0.005 -18"><span class='ocrx_word' id='word_1_200' title='bbox 2110 1633 2315 1688; x_wconf 90' lang='lat' dir='ltr'>amicis</span> <span class='ocrx_word' id='word_1_201' title='bbox 2346 1633 2652 1705; x_wconf 86' lang='lat' dir='ltr'>impendat</span> <span class='ocrx_word' id='word_1_202' title='bbox 2679 1634 2746 1690; x_wconf 74' lang='grc'>⁸³.</span> 
     </span>
    </p>
   </div>
   <div class='ocr_carea' id='block_1_33' title="bbox 351 1719 3758 1802">
    <p class='ocr_par' dir='ltr' id='par_1_33' title="bbox 351 1719 3758 1802">
     <span class='ocr_line' id='line_1_33' title="bbox 351 1719 3758 1802; baseline -0.001 -21"><span class='ocrx_word' id='word_1_203' title='bbox 351 1725 644 1802; x_wconf 72' lang='grc' dir='ltr'>ἐπλήρωσε</span> <span class='ocrx_word' id='word_1_204' title='bbox 670 1727 732 1780; x_wconf 86' lang='grc' dir='ltr'>τὸ</span> <span class='ocrx_word' id='word_1_205' title='bbox 765 1727 1029 1802; x_wconf 84' lang='grc' dir='ltr'>Κυριακὸν</span> <span class='ocrx_word' id='word_1_206' title='bbox 1083 1724 1270 1801; x_wconf 89' lang='grc' dir='ltr'>λόγιον</span> <span class='ocrx_word' id='word_1_207' title='bbox 1301 1725 1364 1779; x_wconf 88' lang='grc' dir='ltr'>τὸ</span> <span class='ocrx_word' id='word_1_208' title='bbox 1391 1723 1616 1802; x_wconf 75' lang='grc' dir='ltr'>φάσκον·</span> <span class='ocrx_word' id='word_1_209' title='bbox 1666 1721 1902 1790; x_wconf 80' lang='grc' dir='ltr'>Μείζονα</span> <span class='ocrx_word' id='word_1_210' title='bbox 1947 1729 2150 1790; x_wconf 76' lang='grc' dir='ltr'>ταύτης</span> <span class='ocrx_word' id='word_1_211' title='bbox 2210 1719 2422 1794; x_wconf 79' lang='grc' dir='ltr'>ὰγάπην</span> <span class='ocrx_word' id='word_1_212' title='bbox 2479 1720 2654 1785; x_wconf 75' lang='grc' dir='ltr'>οὐδεὶς</span> <span class='ocrx_word' id='word_1_213' title='bbox 2688 1720 2852 1799; x_wconf 76' lang='grc' dir='ltr'>¹ἔχει,</span> <span class='ocrx_word' id='word_1_214' title='bbox 2905 1724 2991 1778; x_wconf 82' lang='grc' dir='ltr'>ἳνα</span> <span class='ocrx_word' id='word_1_215' title='bbox 3049 1745 3132 1782; x_wconf 85' lang='grc' dir='ltr'>τις</span> <span class='ocrx_word' id='word_1_216' title='bbox 3189 1723 3285 1792; x_wconf 75' lang='grc' dir='ltr'>τὴν</span> <span class='ocrx_word' id='word_1_217' title='bbox 3346 1724 3530 1797; x_wconf 80' lang='grc' dir='ltr'>ψυχὴν</span> <span class='ocrx_word' id='word_1_218' title='bbox 3591 1722 3758 1779; x_wconf 83' lang='grc' dir='ltr'>αύτοῦ</span> 
     </span>
    </p>
   </div>
   <div class='ocr_carea' id='block_1_34' title="bbox 351 1815 1154 1893">
    <p class='ocr_par' dir='ltr' id='par_1_34' title="bbox 351 1815 1154 1893">
     <span class='ocr_line' id='line_1_34' title="bbox 351 1815 1154 1893; baseline 0 -22"><span class='ocrx_word' id='word_1_219' title='bbox 351 1819 419 1889; x_wconf 84' lang='grc' dir='ltr'>θῇ</span> <span class='ocrx_word' id='word_1_220' title='bbox 453 1815 584 1882; x_wconf 78' lang='grc' dir='ltr'>ὑπὲρ</span> <span class='ocrx_word' id='word_1_221' title='bbox 615 1821 722 1870; x_wconf 70' lang='grc' dir='ltr'>τῶν</span> <span class='ocrx_word' id='word_1_222' title='bbox 756 1816 934 1893; x_wconf 80' lang='grc' dir='ltr'>φίλων</span> <span class='ocrx_word' id='word_1_223' title='bbox 968 1815 1154 1872; x_wconf 81' lang='grc' dir='ltr'>αὐτοῦ.</span> 
     </span>
    </p>
   </div>
   <div class='ocr_carea' id='block_1_35' title="bbox 415 1899 1990 1978">
    <p class='ocr_par' dir='ltr' id='par_1_35' title="bbox 415 1899 1990 1978">
     <span class='ocr_line' id='line_1_35' title="bbox 415 1899 1990 1978; baseline -0.006 -17"><span class='ocrx_word' id='word_1_224' title='bbox 415 1902 656 1976; x_wconf 83' lang='grc' dir='ltr'>Ὁμοίως</span> <span class='ocrx_word' id='word_1_225' title='bbox 714 1905 802 1959; x_wconf 84' lang='grc' dir='ltr'>καὶ</span> <span class='ocrx_word' id='word_1_226' title='bbox 891 1900 1076 1978; x_wconf 73' lang='grc' dir='ltr'>ἑτέρου</span> <span class='ocrx_word' id='word_1_227' title='bbox 1161 1902 1486 1978; x_wconf 85' lang='grc' dir='ltr'>μονάζοντος</span> <span class='ocrx_word' id='word_1_228' title='bbox 1567 1899 1990 1975; x_wconf 80' lang='grc' dir='ltr'>κατασχεθέντος</span> 
     </span>
    </p>
   </div>
   <div class='ocr_carea' id='block_1_36' title="bbox 2102 1899 3754 1978">
    <p class='ocr_par' dir='ltr' id='par_1_36' title="bbox 2178 1901 3754 1974">
     <span class='ocr_line' id='line_1_36' title="bbox 2178 1901 3754 1974; baseline 0.003 -19"><span class='ocrx_word' id='word_1_229' title='bbox 2178 1901 2322 1955; x_wconf 73' lang='grc'>467</span> <span class='ocrx_word' id='word_1_230' title='bbox 2363 1901 2529 1956; x_wconf 81' lang='lat' dir='ltr'>Alius</span> <span class='ocrx_word' id='word_1_231' title='bbox 2559 1904 2887 1958; x_wconf 87' lang='lat' dir='ltr'>monachus</span> <span class='ocrx_word' id='word_1_232' title='bbox 2927 1903 2999 1958; x_wconf 88' lang='lat' dir='ltr'>ab</span> <span class='ocrx_word' id='word_1_233' title='bbox 3034 1903 3234 1974; x_wconf 88' lang='lat' dir='ltr'>impiis</span> <span class='ocrx_word' id='word_1_234' title='bbox 3257 1907 3586 1973; x_wconf 89' lang='lat' dir='ltr'>correptus,</span> <span class='ocrx_word' id='word_1_235' title='bbox 3619 1913 3754 1960; x_wconf 82' lang='lat' dir='ltr'>cum</span> 
     </span>
    </p>
   </div>
   <div class='ocr_carea' id='block_1_37' title="bbox 357 1990 1998 2068">
    <p class='ocr_par' dir='ltr' id='par_1_37' title="bbox 357 1990 1998 2068">
     <span class='ocr_line' id='line_1_37' title="bbox 357 1990 1998 2068; baseline -0.002 -20"><span class='ocrx_word' id='word_1_236' title='bbox 357 1993 460 2048; x_wconf 75' lang='grc' dir='ltr'>υπὸ</span> <span class='ocrx_word' id='word_1_237' title='bbox 490 1998 596 2048; x_wconf 92' lang='grc' dir='ltr'>τῶν</span> <span class='ocrx_word' id='word_1_238' title='bbox 629 1990 861 2062; x_wconf 82' lang='grc' dir='ltr'>ἀσεϐῶν,</span> <span class='ocrx_word' id='word_1_239' title='bbox 899 1995 1034 2068; x_wconf 86' lang='grc' dir='ltr'>μετά</span> <span class='ocrx_word' id='word_1_240' title='bbox 1063 1993 1278 2056; x_wconf 80' lang='grc' dir='ltr'>πολλὰς</span> <span class='ocrx_word' id='word_1_241' title='bbox 1335 1992 1526 2055; x_wconf 78' lang='grc' dir='ltr'>ποινὰς</span> <span class='ocrx_word' id='word_1_242' title='bbox 1582 1992 1671 2046; x_wconf 84' lang='grc' dir='ltr'>καὶ</span> <span class='ocrx_word' id='word_1_243' title='bbox 1734 1991 1998 2065; x_wconf 84' lang='grc' dir='ltr'>μάστιγας</span> 
     </span>
    </p>
   </div>
   <div class='ocr_carea' id='block_1_38' title="bbox 353 2079 2000 2159">
    <p class='ocr_par' dir='ltr' id='par_1_38' title="bbox 353 2079 2000 2159">
     <span class='ocr_line' id='line_1_38' title="bbox 353 2079 2000 2159; baseline -0.004 -20"><span class='ocrx_word' id='word_1_244' title='bbox 353 2081 670 2139; x_wconf 87' lang='grc' dir='ltr'>τελευταῖον</span> <span class='ocrx_word' id='word_1_245' title='bbox 702 2084 945 2159; x_wconf 74' lang='grc' dir='ltr'>πονηρὰν</span> <span class='ocrx_word' id='word_1_246' title='bbox 1006 2083 1304 2155; x_wconf 86' lang='grc' dir='ltr'>ἐπεόύησαν</span> <span class='ocrx_word' id='word_1_247' title='bbox 1374 2082 1612 2138; x_wconf 89' lang='grc' dir='ltr'>ἐπίνοιαν</span> <span class='ocrx_word' id='word_1_248' title='bbox 1672 2082 1749 2143; x_wconf 83' lang='grc' dir='ltr'>είς</span> <span class='ocrx_word' id='word_1_249' title='bbox 1799 2079 2000 2157; x_wconf 70' lang='grc' dir='ltr'>φθορὰν</span> 
     </span>
    </p>
   </div>
   <div class='ocr_carea' id='block_1_39' title="bbox 353 2171 1996 2250">
    <p class='ocr_par' dir='ltr' id='par_1_39' title="bbox 353 2171 1996 2250">
     <span class='ocr_line' id='line_1_39' title="bbox 353 2171 1996 2250; baseline -0.002 -23"><span class='ocrx_word' id='word_1_250' title='bbox 353 2179 451 2242; x_wconf 83' lang='grc' dir='ltr'>τῆς</span> <span class='ocrx_word' id='word_1_251' title='bbox 508 2173 866 2250; x_wconf 75' lang='grc' dir='ltr'>σωφροσύνης</span> <span class='ocrx_word' id='word_1_252' title='bbox 921 2178 1018 2229; x_wconf 76' lang='grc' dir='ltr'>τοῦ</span> <span class='ocrx_word' id='word_1_253' title='bbox 1077 2171 1307 2228; x_wconf 86' lang='grc' dir='ltr'>δικαίου.</span> <span class='ocrx_word' id='word_1_254' title='bbox 1364 2174 1458 2230; x_wconf 85' lang='grc' dir='ltr'>’Ἑν</span> <span class='ocrx_word' id='word_1_255' title='bbox 1525 2193 1632 2226; x_wconf 90' lang='grc' dir='ltr'>τινι</span> <span class='ocrx_word' id='word_1_256' title='bbox 1677 2171 1782 2244; x_wconf 79' lang='grc' dir='ltr'>γὰρ</span> <span class='ocrx_word' id='word_1_257' title='bbox 1833 2171 1996 2242; x_wconf 84' lang='grc' dir='ltr'>κήπῳ</span> 
     </span>
    </p>
   </div>
   <div class='ocr_carea' id='block_1_40' title="bbox 345 2257 1997 2337">
    <p class='ocr_par' dir='ltr' id='par_1_40' title="bbox 345 2257 1997 2337">
     <span class='ocr_line' id='line_1_40' title="bbox 345 2257 1997 2337; baseline -0.002 -20"><span class='ocrx_word' id='word_1_258' title='bbox 345 2261 534 2332; x_wconf 88' lang='grc' dir='ltr'>κλίνην</span> <span class='ocrx_word' id='word_1_259' title='bbox 575 2264 910 2337; x_wconf 83' lang='grc' dir='ltr'>στρώσαντες</span> <span class='ocrx_word' id='word_1_260' title='bbox 966 2264 1055 2319; x_wconf 81' lang='grc' dir='ltr'>καὶ</span> <span class='ocrx_word' id='word_1_261' title='bbox 1114 2263 1204 2318; x_wconf 75' lang='grc' dir='ltr'>τὸν</span> <span class='ocrx_word' id='word_1_262' title='bbox 1267 2258 1415 2337; x_wconf 73' lang='grc' dir='ltr'>ἅγιον</span> <span class='ocrx_word' id='word_1_263' title='bbox 1485 2261 1536 2316; x_wconf 88' lang='grc' dir='ltr'>ἐν</span> <span class='ocrx_word' id='word_1_264' title='bbox 1598 2261 1734 2335; x_wconf 80' lang='grc' dir='ltr'>αὐτῇ</span> <span class='ocrx_word' id='word_1_265' title='bbox 1792 2257 1997 2332; x_wconf 86' lang='grc' dir='ltr'>δεσμή-</span> 
     </span>
    </p>
   </div>
   <div class='ocr_carea' id='block_1_41' title="bbox 352 2350 1992 2432">
    <p class='ocr_par' dir='ltr' id='par_1_41' title="bbox 352 2350 1992 2432">
     <span class='ocr_line' id='line_1_41' title="bbox 352 2350 1992 2432; baseline 0.001 -27"><span class='ocrx_word' id='word_1_266' title='bbox 352 2373 536 2415; x_wconf 88' lang='grc' dir='ltr'>σαντες</span> <span class='ocrx_word' id='word_1_267' title='bbox 569 2351 850 2432; x_wconf 77' lang='grc' dir='ltr'>ἐπαφῆκαν</span> <span class='ocrx_word' id='word_1_268' title='bbox 882 2353 1033 2426; x_wconf 83' lang='grc' dir='ltr'>αύτῷ</span> <span class='ocrx_word' id='word_1_269' title='bbox 1089 2355 1306 2427; x_wconf 78' lang='grc' dir='ltr'>γύναιον</span> <span class='ocrx_word' id='word_1_270' title='bbox 1365 2352 1612 2426; x_wconf 80' lang='grc' dir='ltr'>ἄσεμνον,</span> <span class='ocrx_word' id='word_1_271' title='bbox 1675 2352 1748 2412; x_wconf 87' lang='grc' dir='ltr'>ὡς</span> <span class='ocrx_word' id='word_1_272' title='bbox 1798 2350 1858 2406; x_wconf 86' lang='grc' dir='ltr'>ἄν</span> <span class='ocrx_word' id='word_1_273' title='bbox 1916 2352 1992 2423; x_wconf 76' lang='grc' dir='ltr'>μὴ</span> 
     </span>
    </p>
   </div>
   <div class='ocr_carea' id='block_1_42' title="bbox 347 2439 1991 2518">
    <p class='ocr_par' dir='ltr' id='par_1_42' title="bbox 347 2439 1991 2518">
     <span class='ocr_line' id='line_1_42' title="bbox 347 2439 1991 2518; baseline -0.001 -22"><span class='ocrx_word' id='word_1_274' title='bbox 347 2439 642 2513; x_wconf 85' lang='grc' dir='ltr'>δυνάμενος</span> <span class='ocrx_word' id='word_1_275' title='bbox 703 2445 799 2504; x_wconf 77' lang='grc' dir='ltr'>τὰς</span> <span class='ocrx_word' id='word_1_276' title='bbox 864 2441 923 2497; x_wconf 88' lang='grc' dir='ltr'>ἐκ</span> <span class='ocrx_word' id='word_1_277' title='bbox 981 2443 1182 2513; x_wconf 78' lang='grc' dir='ltr'>ταύτης</span> <span class='ocrx_word' id='word_1_278' title='bbox 1243 2442 1498 2518; x_wconf 76' lang='grc' dir='ltr'>μηχανὰς</span> <span class='ocrx_word' id='word_1_279' title='bbox 1567 2439 1842 2518; x_wconf 74' lang='grc' dir='ltr'>διαφυγεῖν</span> <span class='ocrx_word' id='word_1_280' title='bbox 1902 2439 1991 2494; x_wconf 83' lang='grc' dir='ltr'>καὶ</span> 
     </span>
    </p>
   </div>
   <div class='ocr_carea' id='block_1_43' title="bbox 348 2529 1990 2606">
    <p class='ocr_par' dir='ltr' id='par_1_43' title="bbox 348 2529 1990 2606">
     <span class='ocr_line' id='line_1_43' title="bbox 348 2529 1990 2606; baseline 0.002 -22"><span class='ocrx_word' id='word_1_281' title='bbox 348 2531 492 2584; x_wconf 81' lang='grc' dir='ltr'>ἄκων</span> <span class='ocrx_word' id='word_1_282' title='bbox 527 2529 604 2587; x_wconf 85' lang='grc' dir='ltr'>εἰς</span> <span class='ocrx_word' id='word_1_283' title='bbox 661 2531 760 2600; x_wconf 66' lang='grc' dir='ltr'>τήν</span> <span class='ocrx_word' id='word_1_284' title='bbox 817 2533 1059 2606; x_wconf 79' lang='grc' dir='ltr'>πονηράν</span> <span class='ocrx_word' id='word_1_285' title='bbox 1113 2531 1544 2599; x_wconf 83' lang='grc' dir='ltr'>καθελκυσθῆναι</span> <span class='ocrx_word' id='word_1_286' title='bbox 1605 2530 1818 2606; x_wconf 78' lang='grc' dir='ltr'>πρᾶξιν.</span> <span class='ocrx_word' id='word_1_287' title='bbox 1876 2531 1990 2598; x_wconf 79' lang='grc' dir='ltr'>Τῆς</span> 
     </span>
    </p>
   </div>
   <div class='ocr_carea' id='block_1_44' title="bbox 347 2615 1989 2696">
    <p class='ocr_par' dir='ltr' id='par_1_44' title="bbox 347 2615 1989 2696">
     <span class='ocr_line' id='line_1_44' title="bbox 347 2615 1989 2696; baseline -0.001 -23"><span class='ocrx_word' id='word_1_288' title='bbox 347 2615 402 2674; x_wconf 75' lang='grc' dir='ltr'>δὲ</span> <span class='ocrx_word' id='word_1_289' title='bbox 432 2619 614 2692; x_wconf 86' lang='grc' dir='ltr'>τούτῳ</span> <span class='ocrx_word' id='word_1_290' title='bbox 661 2620 1134 2695; x_wconf 75' lang='grc' dir='ltr'>περιπλεκομένης</span> <span class='ocrx_word' id='word_1_291' title='bbox 1190 2621 1279 2676; x_wconf 78' lang='grc' dir='ltr'>καὶ</span> <span class='ocrx_word' id='word_1_292' title='bbox 1335 2618 1745 2696; x_wconf 78' lang='grc' dir='ltr'>καταφιλούσης</span> <span class='ocrx_word' id='word_1_293' title='bbox 1806 2618 1989 2688; x_wconf 81' lang='grc' dir='ltr'>αὐτὸν,</span> 
     </span>
    </p>
   </div>
   <div class='ocr_carea' id='block_1_45' title="bbox 347 2707 1985 2784">
    <p class='ocr_par' dir='ltr' id='par_1_45' title="bbox 347 2707 1985 2784">
     <span class='ocr_line' id='line_1_45' title="bbox 347 2707 1985 2784; baseline -0.001 -22"><span class='ocrx_word' id='word_1_294' title='bbox 347 2709 446 2776; x_wconf 75' lang='grc' dir='ltr'>τήν</span> <span class='ocrx_word' id='word_1_295' title='bbox 492 2709 687 2763; x_wconf 69' lang='grc' dir='ltr'>ἑαυτοῦ</span> <span class='ocrx_word' id='word_1_296' title='bbox 745 2708 996 2784; x_wconf 87' lang='grc' dir='ltr'>γλῶσσαν</span> <span class='ocrx_word' id='word_1_297' title='bbox 1066 2709 1352 2784; x_wconf 83' lang='grc' dir='ltr'>ἀποτεμὼν</span> <span class='ocrx_word' id='word_1_298' title='bbox 1404 2714 1521 2770; x_wconf 87' lang='grc' dir='ltr'>τοῖς</span> <span class='ocrx_word' id='word_1_299' title='bbox 1574 2707 1758 2763; x_wconf 76' lang='grc' dir='ltr'>ὀδοῦσι</span> <span class='ocrx_word' id='word_1_300' title='bbox 1817 2728 1985 2782; x_wconf 75' lang='grc' dir='ltr'>προσσ</span> 
     </span>
    </p>
   </div>
   <div class='ocr_carea' id='block_1_46' title="bbox 347 2796 2005 2874">
    <p class='ocr_par' dir='ltr' id='par_1_46' title="bbox 347 2796 2005 2874">
     <span class='ocr_line' id='line_1_46' title="bbox 347 2796 2005 2874; baseline 0.001 -24"><span class='ocrx_word' id='word_1_301' title='bbox 347 2796 567 2852; x_wconf 74' lang='grc' dir='ltr'>έπτυσεν</span> <span class='ocrx_word' id='word_1_302' title='bbox 602 2798 676 2859; x_wconf 80' lang='grc' dir='ltr'>εἷς</span> <span class='ocrx_word' id='word_1_303' title='bbox 706 2797 767 2854; x_wconf 74' lang='grc' dir='ltr'>τὰ</span> <span class='ocrx_word' id='word_1_304' title='bbox 824 2799 1114 2874; x_wconf 89' lang='grc' dir='ltr'>πρόσωπον</span> <span class='ocrx_word' id='word_1_305' title='bbox 1156 2799 1346 2869; x_wconf 77' lang='grc' dir='ltr'>αὐτῆς,</span> <span class='ocrx_word' id='word_1_306' title='bbox 1405 2798 1509 2853; x_wconf 87' lang='grc' dir='ltr'>κάκ</span> <span class='ocrx_word' id='word_1_307' title='bbox 1557 2799 1761 2854; x_wconf 90' lang='grc' dir='ltr'>τούτου</span> <span class='ocrx_word' id='word_1_308' title='bbox 1819 2798 2005 2868; x_wconf 74' lang='grc' dir='ltr'>ἐαυτῷ</span> 
     </span>
    </p>
   </div>
   <div class='ocr_carea' id='block_1_47' title="bbox 349 2885 1983 2963">
    <p class='ocr_par' dir='ltr' id='par_1_47' title="bbox 349 2885 1983 2963">
     <span class='ocr_line' id='line_1_47' title="bbox 349 2885 1983 2963; baseline 0.002 -23"><span class='ocrx_word' id='word_1_309' title='bbox 349 2887 439 2959; x_wconf 79' lang='grc' dir='ltr'>μὶν</span> <span class='ocrx_word' id='word_1_310' title='bbox 471 2887 676 2952; x_wconf 88' lang='grc' dir='ltr'>πόνους</span> <span class='ocrx_word' id='word_1_311' title='bbox 704 2889 792 2943; x_wconf 89' lang='grc' dir='ltr'>καὶ</span> <span class='ocrx_word' id='word_1_312' title='bbox 823 2886 1126 2962; x_wconf 82' lang='grc' dir='ltr'>ἀλγηδόνας</span> <span class='ocrx_word' id='word_1_313' title='bbox 1183 2889 1298 2942; x_wconf 87' lang='grc' dir='ltr'>ἀντὶ</span> <span class='ocrx_word' id='word_1_314' title='bbox 1361 2885 1572 2958; x_wconf 79' lang='grc' dir='ltr'>ἡδονῶν</span> <span class='ocrx_word' id='word_1_315' title='bbox 1615 2889 1983 2963; x_wconf 69' lang='grc' dir='ltr'>ἐπεισήγαγεν.</span> 
     </span>
    </p>
   </div>
   <div class='ocr_carea' id='block_1_48' title="bbox 345 2973 1989 3054">
    <p class='ocr_par' dir='ltr' id='par_1_48' title="bbox 345 2973 1989 3054">
     <span class='ocr_line' id='line_1_48' title="bbox 345 2973 1989 3054; baseline 0.001 -26"><span class='ocrx_word' id='word_1_316' title='bbox 345 2973 646 3047; x_wconf 83' lang='grc' dir='ltr'>ἐκείνηνδέ</span> <span class='ocrx_word' id='word_1_317' title='bbox 706 2974 911 3054; x_wconf 75' lang='grc' dir='ltr'>σφόδρα</span> <span class='ocrx_word' id='word_1_318' title='bbox 969 2976 1268 3048; x_wconf 73' lang='grc' dir='ltr'>κατέπληξε</span> <span class='ocrx_word' id='word_1_319' title='bbox 1324 2978 1412 3032; x_wconf 85' lang='grc' dir='ltr'>καὶ</span> <span class='ocrx_word' id='word_1_320' title='bbox 1471 2975 1665 3046; x_wconf 84' lang='grc' dir='ltr'>ἀηδίας</span> <span class='ocrx_word' id='word_1_321' title='bbox 1727 2975 1989 3046; x_wconf 81' lang='grc' dir='ltr'>ἐνέπλησε</span> 
     </span>
    </p>
   </div>
   <div class='ocr_carea' id='block_1_49' title="bbox 347 3065 1986 3142">
    <p class='ocr_par' dir='ltr' id='par_1_49' title="bbox 347 3065 1986 3142">
     <span class='ocr_line' id='line_1_49' title="bbox 347 3065 1986 3142; baseline 0.002 -25"><span class='ocrx_word' id='word_1_322' title='bbox 347 3069 424 3134; x_wconf 70' lang='grc' dir='ltr'>τῷ</span> <span class='ocrx_word' id='word_1_323' title='bbox 481 3065 704 3139; x_wconf 71' lang='grc' dir='ltr'>ῥεύματι</span> <span class='ocrx_word' id='word_1_324' title='bbox 783 3072 881 3122; x_wconf 77' lang='grc' dir='ltr'>τοῦ</span> <span class='ocrx_word' id='word_1_325' title='bbox 965 3069 1218 3142; x_wconf 80' lang='grc' dir='ltr'>αἳματος,</span> <span class='ocrx_word' id='word_1_326' title='bbox 1296 3071 1468 3142; x_wconf 77' lang='grc' dir='ltr'>Ἃπερ</span> <span class='ocrx_word' id='word_1_327' title='bbox 1556 3067 1877 3129; x_wconf 82' lang='grc' dir='ltr'>ἀκούσαντες</span> <span class='ocrx_word' id='word_1_328' title='bbox 1935 3067 1986 3122; x_wconf 73' lang='grc' dir='ltr'>οἱ</span> 
     </span>
    </p>
   </div>
   <div class='ocr_carea' id='block_1_50' title="bbox 354 3154 1985 3235">
    <p class='ocr_par' dir='ltr' id='par_1_50' title="bbox 354 3154 1985 3235">
     <span class='ocr_line' id='line_1_50' title="bbox 354 3154 1985 3235; baseline 0.002 -24"><span class='ocrx_word' id='word_1_329' title='bbox 354 3154 613 3226; x_wconf 80' lang='grc' dir='ltr'>Ἕλληνες</span> <span class='ocrx_word' id='word_1_330' title='bbox 640 3160 938 3234; x_wconf 83' lang='grc' dir='ltr'>ἐθαύμαζον</span> <span class='ocrx_word' id='word_1_331' title='bbox 969 3162 1069 3231; x_wconf 76' lang='grc' dir='ltr'>τὴν</span> <span class='ocrx_word' id='word_1_332' title='bbox 1127 3166 1234 3217; x_wconf 91' lang='grc' dir='ltr'>τῶν</span> <span class='ocrx_word' id='word_1_333' title='bbox 1297 3162 1638 3235; x_wconf 85' lang='grc' dir='ltr'>μοναζόντων</span> <span class='ocrx_word' id='word_1_334' title='bbox 1699 3161 1985 3235; x_wconf 73' lang='grc' dir='ltr'>σωφροσύ-</span> 
     </span>
    </p>
   </div>
   <div class='ocr_carea' id='block_1_51' title="bbox 349 3245 882 3324">
    <p class='ocr_par' dir='ltr' id='par_1_51' title="bbox 349 3245 882 3324">
     <span class='ocr_line' id='line_1_51' title="bbox 349 3245 882 3324; baseline 0.021 -29"><span class='ocrx_word' id='word_1_335' title='bbox 349 3263 449 3312; x_wconf 89' lang='grc' dir='ltr'>νην</span> <span class='ocrx_word' id='word_1_336' title='bbox 481 3247 567 3300; x_wconf 82' lang='grc' dir='ltr'>καὶ</span> <span class='ocrx_word' id='word_1_337' title='bbox 596 3245 882 3324; x_wconf 81' lang='grc' dir='ltr'>ἀκρίϐειαν.</span> 
     </span>
    </p>
   </div>
   <div class='ocr_carea' id='block_1_52' title="bbox 419 3335 1974 3414">
    <p class='ocr_par' dir='ltr' id='par_1_52' title="bbox 419 3335 1974 3414">
     <span class='ocr_line' id='line_1_52' title="bbox 419 3335 1974 3414; baseline 0.003 -25"><span class='ocrx_word' id='word_1_338' title='bbox 419 3335 751 3407; x_wconf 85' lang='grc' dir='ltr'>Ἡττηθέντες</span> <span class='ocrx_word' id='word_1_339' title='bbox 794 3341 885 3395; x_wconf 81' lang='grc' dir='ltr'>οὗν</span> <span class='ocrx_word' id='word_1_340' title='bbox 937 3342 993 3395; x_wconf 78' lang='grc' dir='ltr'>οἱ</span> <span class='ocrx_word' id='word_1_341' title='bbox 1043 3336 1317 3404; x_wconf 82' lang='grc' dir='ltr'>δυσσεϐεῖς</span> <span class='ocrx_word' id='word_1_342' title='bbox 1364 3341 1616 3414; x_wconf 88' lang='grc' dir='ltr'>τύραννοι</span> <span class='ocrx_word' id='word_1_343' title='bbox 1650 3338 1974 3410; x_wconf 84' lang='grc' dir='ltr'>Διοκλητια-</span> 
     </span>
    </p>
   </div>
   <div class='ocr_carea' id='block_1_53' title="bbox 333 3421 1977 3504">
    <p class='ocr_par' dir='ltr' id='par_1_53' title="bbox 333 3421 1977 3504">
     <span class='ocr_line' id='line_1_53' title="bbox 333 3421 1977 3504; baseline 0 -22"><span class='ocrx_word' id='word_1_344' title='bbox 333 3421 428 3482; x_wconf 77' lang='grc' dir='ltr'>νὸς</span> <span class='ocrx_word' id='word_1_345' title='bbox 458 3423 548 3478; x_wconf 83' lang='grc' dir='ltr'>καί</span> <span class='ocrx_word' id='word_1_346' title='bbox 591 3427 928 3500; x_wconf 81' lang='grc' dir='ltr'>Μαξιμιανὸς</span> <span class='ocrx_word' id='word_1_347' title='bbox 987 3434 1067 3502; x_wconf 79' lang='grc' dir='ltr'>τῷ</span> <span class='ocrx_word' id='word_1_348' title='bbox 1123 3427 1324 3499; x_wconf 86' lang='grc' dir='ltr'>πλήθει</span> <span class='ocrx_word' id='word_1_349' title='bbox 1381 3432 1488 3482; x_wconf 90' lang='grc' dir='ltr'>τῶν</span> <span class='ocrx_word' id='word_1_350' title='bbox 1550 3427 1977 3504; x_wconf 82' lang='grc' dir='ltr'>ἀναιρουμένων,</span> 
     </span>
    </p>
   </div>
   <div class='ocr_carea' id='block_1_54' title="bbox 327 3506 1972 3592">
    <p class='ocr_par' dir='ltr' id='par_1_54' title="bbox 327 3506 1972 3592">
     <span class='ocr_line' id='line_1_54' title="bbox 327 3506 1972 3592; baseline 0.005 -28"><span class='ocrx_word' id='word_1_351' title='bbox 327 3506 508 3586; x_wconf 81' lang='grc' dir='ltr'>δόγμα</span> <span class='ocrx_word' id='word_1_352' title='bbox 559 3512 795 3586; x_wconf 78' lang='grc' dir='ltr'>ἐξέθεντο</span> <span class='ocrx_word' id='word_1_353' title='bbox 853 3516 993 3573; x_wconf 80' lang='grc' dir='ltr'>ὥστε</span> <span class='ocrx_word' id='word_1_354' title='bbox 1057 3519 1185 3580; x_wconf 85' lang='grc' dir='ltr'>τοὺς</span> <span class='ocrx_word' id='word_1_355' title='bbox 1244 3515 1662 3592; x_wconf 72' lang='grc' dir='ltr'>εὒρισκομένους</span> <span class='ocrx_word' id='word_1_356' title='bbox 1718 3519 1972 3592; x_wconf 88' lang='grc' dir='ltr'>Χριστια-</span> 
     </span>
    </p>
   </div>
   <div class='ocr_carea' id='block_1_55' title="bbox 322 3601 1974 3684">
    <p class='ocr_par' dir='ltr' id='par_1_55' title="bbox 322 3601 1974 3684">
     <span class='ocr_line' id='line_1_55' title="bbox 322 3601 1974 3684; baseline -0.001 -20"><span class='ocrx_word' id='word_1_357' title='bbox 322 3601 454 3664; x_wconf 76' lang='grc' dir='ltr'>νοὺς</span> <span class='ocrx_word' id='word_1_358' title='bbox 487 3601 860 3678; x_wconf 80' lang='grc' dir='ltr'>ἐξορύττεσθαι</span> <span class='ocrx_word' id='word_1_359' title='bbox 897 3608 990 3662; x_wconf 85' lang='grc' dir='ltr'>τὸν</span> <span class='ocrx_word' id='word_1_360' title='bbox 1022 3605 1194 3678; x_wconf 80' lang='grc' dir='ltr'>δεξιὸν</span> <span class='ocrx_word' id='word_1_361' title='bbox 1227 3614 1333 3663; x_wconf 89' lang='grc' dir='ltr'>τῶν</span> <span class='ocrx_word' id='word_1_362' title='bbox 1382 3606 1700 3684; x_wconf 69' lang='grc' dir='ltr'>ὀφθαλμῶν,</span> <span class='ocrx_word' id='word_1_363' title='bbox 1756 3607 1817 3663; x_wconf 90' lang='grc' dir='ltr'>ού</span> <span class='ocrx_word' id='word_1_364' title='bbox 1875 3608 1974 3681; x_wconf 86' lang='grc' dir='ltr'>μό-</span> 
     </span>
    </p>
   </div>
   <div class='ocr_carea' id='block_1_56' title="bbox 321 3688 1974 3773">
    <p class='ocr_par' dir='ltr' id='par_1_56' title="bbox 321 3688 1974 3773">
     <span class='ocr_line' id='line_1_56' title="bbox 321 3688 1974 3773; baseline 0.006 -32"><span class='ocrx_word' id='word_1_365' title='bbox 321 3708 410 3742; x_wconf 89' lang='grc' dir='ltr'>νον</span> <span class='ocrx_word' id='word_1_366' title='bbox 446 3688 534 3746; x_wconf 76' lang='grc' dir='ltr'>διά</span> <span class='ocrx_word' id='word_1_367' title='bbox 561 3695 625 3748; x_wconf 86' lang='grc' dir='ltr'>τὸ</span> <span class='ocrx_word' id='word_1_368' title='bbox 658 3691 953 3770; x_wconf 76' lang='grc' dir='ltr'>ὀδυνηρὸν,</span> <span class='ocrx_word' id='word_1_369' title='bbox 986 3694 1134 3751; x_wconf 76' lang='grc' dir='ltr'>ἀλλὰ</span> <span class='ocrx_word' id='word_1_370' title='bbox 1163 3697 1249 3752; x_wconf 86' lang='grc' dir='ltr'>καὶ</span> <span class='ocrx_word' id='word_1_371' title='bbox 1286 3693 1374 3751; x_wconf 73' lang='grc' dir='ltr'>διὰ</span> <span class='ocrx_word' id='word_1_372' title='bbox 1401 3697 1460 3751; x_wconf 86' lang='grc' dir='ltr'>νὸ</span> <span class='ocrx_word' id='word_1_373' title='bbox 1501 3696 1695 3769; x_wconf 80' lang='grc' dir='ltr'>ἄτιμον</span> <span class='ocrx_word' id='word_1_374' title='bbox 1725 3697 1814 3750; x_wconf 80' lang='grc' dir='ltr'>καὶ</span> <span class='ocrx_word' id='word_1_375' title='bbox 1846 3697 1974 3773; x_wconf 90' lang='grc' dir='ltr'>πρό-</span> 
     </span>
    </p>
   </div>
   <div class='ocr_carea' id='block_1_57' title="bbox 325 3773 1860 3861">
    <p class='ocr_par' dir='ltr' id='par_1_57' title="bbox 325 3773 1860 3861">
     <span class='ocr_line' id='line_1_57' title="bbox 325 3773 1860 3861; baseline 0.007 -31"><span class='ocrx_word' id='word_1_376' title='bbox 325 3773 497 3846; x_wconf 89' lang='grc' dir='ltr'>δηλον</span> <span class='ocrx_word' id='word_1_377' title='bbox 530 3781 621 3835; x_wconf 83' lang='grc' dir='ltr'>καὶ</span> <span class='ocrx_word' id='word_1_378' title='bbox 652 3790 751 3852; x_wconf 76' lang='grc' dir='ltr'>τῆς</span> <span class='ocrx_word' id='word_1_379' title='bbox 779 3789 886 3839; x_wconf 92' lang='grc' dir='ltr'>τῶν</span> <span class='ocrx_word' id='word_1_380' title='bbox 911 3787 1198 3859; x_wconf 87' lang='grc' dir='ltr'>Ῥωμαίων</span> <span class='ocrx_word' id='word_1_381' title='bbox 1231 3784 1510 3846; x_wconf 84' lang='grc' dir='ltr'>πολιτείας</span> <span class='ocrx_word' id='word_1_382' title='bbox 1543 3783 1860 3861; x_wconf 85' lang='grc' dir='ltr'>ἀλλότριον.</span> 
     </span>
    </p>
   </div>
   <div class='ocr_carea' id='block_1_58' title="bbox 2102 1990 3754 2064">
    <p class='ocr_par' dir='ltr' id='par_1_58' title="bbox 2102 1990 3754 2064">
     <span class='ocr_line' id='line_1_58' title="bbox 2102 1990 3754 2064; baseline 0.002 -20"><span class='ocrx_word' id='word_1_383' title='bbox 2102 1990 2308 2044; x_wconf 90' lang='lat' dir='ltr'>multis</span> <span class='ocrx_word' id='word_1_384' title='bbox 2328 1991 2688 2047; x_wconf 88' lang='lat' dir='ltr'>cruciatibus</span> <span class='ocrx_word' id='word_1_385' title='bbox 2719 1998 2895 2063; x_wconf 88' lang='lat' dir='ltr'>atque</span> <span class='ocrx_word' id='word_1_386' title='bbox 2927 1993 3175 2064; x_wconf 85' lang='lat' dir='ltr'>ﬂagellis</span> <span class='ocrx_word' id='word_1_387' title='bbox 3207 2009 3325 2046; x_wconf 92' lang='lat' dir='ltr'>non</span> <span class='ocrx_word' id='word_1_388' title='bbox 3359 1998 3514 2048; x_wconf 88' lang='lat' dir='ltr'>esset</span> <span class='ocrx_word' id='word_1_389' title='bbox 3542 1994 3754 2064; x_wconf 88' lang='lat' dir='ltr'>victus,</span> 
     </span>
    </p>
   </div>
   <div class='ocr_carea' id='block_1_59' title="bbox 2102 2080 3755 2152">
    <p class='ocr_par' dir='ltr' id='par_1_59' title="bbox 2102 2080 3755 2152">
     <span class='ocr_line' id='line_1_59' title="bbox 2102 2080 3755 2152; baseline 0.002 -19"><span class='ocrx_word' id='word_1_390' title='bbox 2102 2080 2342 2135; x_wconf 89' lang='lat' dir='ltr'>tandem</span> <span class='ocrx_word' id='word_1_391' title='bbox 2373 2081 2447 2136; x_wconf 89' lang='lat' dir='ltr'>ad</span> <span class='ocrx_word' id='word_1_392' title='bbox 2507 2082 2839 2137; x_wconf 87' lang='lat' dir='ltr'>castitatem</span> <span class='ocrx_word' id='word_1_393' title='bbox 2889 2081 3018 2152; x_wconf 83' lang='lat' dir='ltr'>ejus</span> <span class='ocrx_word' id='word_1_394' title='bbox 3069 2081 3391 2136; x_wconf 86' lang='lat' dir='ltr'>vitiandam</span> <span class='ocrx_word' id='word_1_395' title='bbox 3440 2082 3551 2136; x_wconf 92' lang='lat' dir='ltr'>hoc</span> <span class='ocrx_word' id='word_1_396' title='bbox 3602 2087 3755 2137; x_wconf 88' lang='lat' dir='ltr'>esta</span> 
     </span>
    </p>
   </div>
   <div class='ocr_carea' id='block_1_60' title="bbox 2098 2169 3750 2241">
    <p class='ocr_par' dir='ltr' id='par_1_60' title="bbox 2098 2169 3750 2241">
     <span class='ocr_line' id='line_1_60' title="bbox 2098 2169 3750 2241; baseline 0.002 -18"><span class='ocrx_word' id='word_1_397' title='bbox 2098 2169 2278 2224; x_wconf 88' lang='lat' dir='ltr'>malis</span> <span class='ocrx_word' id='word_1_398' title='bbox 2308 2171 2522 2226; x_wconf 88' lang='lat' dir='ltr'>initum</span> <span class='ocrx_word' id='word_1_399' title='bbox 2549 2171 2885 2226; x_wconf 86' lang='lat' dir='ltr'>consilium.</span> <span class='ocrx_word' id='word_1_400' title='bbox 2923 2171 3162 2225; x_wconf 87' lang='lat' dir='ltr'>Lectum</span> <span class='ocrx_word' id='word_1_401' title='bbox 3193 2170 3256 2225; x_wconf 90' lang='lat' dir='ltr'>in</span> <span class='ocrx_word' id='word_1_402' title='bbox 3289 2171 3544 2241; x_wconf 90' lang='lat' dir='ltr'>quodam</span> <span class='ocrx_word' id='word_1_403' title='bbox 3578 2171 3750 2226; x_wconf 87' lang='lat' dir='ltr'>horto</span> 
     </span>
    </p>
   </div>
   <div class='ocr_carea' id='block_1_61' title="bbox 2098 2259 3746 2333">
    <p class='ocr_par' dir='ltr' id='par_1_61' title="bbox 2098 2259 3746 2333">
     <span class='ocr_line' id='line_1_61' title="bbox 2098 2259 3746 2333; baseline 0.001 -20"><span class='ocrx_word' id='word_1_404' title='bbox 2098 2264 2390 2330; x_wconf 85' lang='lat' dir='ltr'>sternunt,</span> <span class='ocrx_word' id='word_1_405' title='bbox 2427 2261 2599 2331; x_wconf 88' lang='lat' dir='ltr'>eique</span> <span class='ocrx_word' id='word_1_406' title='bbox 2632 2259 3110 2331; x_wconf 58' lang='lat' dir='ltr'>sanetumZistum</span> <span class='ocrx_word' id='word_1_407' title='bbox 3147 2261 3448 2316; x_wconf 87' lang='lat' dir='ltr'>hominem</span> <span class='ocrx_word' id='word_1_408' title='bbox 3481 2261 3746 2333; x_wconf 78' lang='lat' dir='ltr'>illigant;</span> 
     </span>
    </p>
   </div>
   <div class='ocr_carea' id='block_1_62' title="bbox 2097 2347 3746 2422">
    <p class='ocr_par' dir='ltr' id='par_1_62' title="bbox 2097 2347 3746 2422">
     <span class='ocr_line' id='line_1_62' title="bbox 2097 2347 3746 2422; baseline 0.003 -21"><span class='ocrx_word' id='word_1_409' title='bbox 2097 2347 2546 2421; x_wconf 89' lang='lat' dir='ltr'>immittuntque</span> <span class='ocrx_word' id='word_1_410' title='bbox 2575 2350 2644 2422; x_wconf 59' lang='lat' dir='ltr'>{ei</span> <span class='ocrx_word' id='word_1_411' title='bbox 2675 2350 3064 2422; x_wconf 57' lang='lat' dir='ltr'>zimpudicam</span> <span class='ocrx_word' id='word_1_412' title='bbox 3113 2350 3446 2419; x_wconf 87' lang='lat' dir='ltr'>mulierem,</span> <span class='ocrx_word' id='word_1_413' title='bbox 3499 2355 3566 2405; x_wconf 90' lang='lat' dir='ltr'>ut</span> <span class='ocrx_word' id='word_1_414' title='bbox 3612 2367 3746 2406; x_wconf 90' lang='lat' dir='ltr'>cum</span> 
     </span>
    </p>
   </div>
   <div class='ocr_carea' id='block_1_63' title="bbox 2097 2439 3746 2512">
    <p class='ocr_par' dir='ltr' id='par_1_63' title="bbox 2097 2439 3746 2512">
     <span class='ocr_line' id='line_1_63' title="bbox 2097 2439 3746 2512; baseline 0.002 -20"><span class='ocrx_word' id='word_1_415' title='bbox 2097 2439 2227 2509; x_wconf 91' lang='lat' dir='ltr'>ejus</span> <span class='ocrx_word' id='word_1_416' title='bbox 2288 2440 2643 2494; x_wconf 89' lang='lat' dir='ltr'>tentationes</span> <span class='ocrx_word' id='word_1_417' title='bbox 2701 2439 3106 2512; x_wconf 76' lang='lat' dir='ltr'>subterfugere</span> <span class='ocrx_word' id='word_1_418' title='bbox 3191 2455 3312 2494; x_wconf 91' lang='lat' dir='ltr'>non</span> <span class='ocrx_word' id='word_1_419' title='bbox 3382 2446 3604 2511; x_wconf 89' lang='lat' dir='ltr'>posset,</span> <span class='ocrx_word' id='word_1_420' title='bbox 3663 2441 3746 2496; x_wconf 77' lang='lat' dir='ltr'>ita</span> 
     </span>
    </p>
   </div>
   <div class='ocr_carea' id='block_1_64' title="bbox 2095 2526 3742 2600">
    <p class='ocr_par' dir='ltr' id='par_1_64' title="bbox 2095 2526 3742 2600">
     <span class='ocr_line' id='line_1_64' title="bbox 2095 2526 3742 2600; baseline 0.002 -19"><span class='ocrx_word' id='word_1_421' title='bbox 2095 2526 2313 2583; x_wconf 85' lang='lat' dir='ltr'>invitus</span> <span class='ocrx_word' id='word_1_422' title='bbox 2345 2545 2597 2600; x_wconf 43' lang='lat' dir='ltr'>quoque.</span> <span class='ocrx_word' id='word_1_423' title='bbox 2623 2529 2696 2584; x_wconf 91' lang='lat' dir='ltr'>ad</span> <span class='ocrx_word' id='word_1_424' title='bbox 2735 2529 3054 2584; x_wconf 87' lang='lat' dir='ltr'>obscenam</span> <span class='ocrx_word' id='word_1_425' title='bbox 3106 2545 3230 2584; x_wconf 91' lang='lat' dir='ltr'>rem</span> <span class='ocrx_word' id='word_1_426' title='bbox 3277 2530 3742 2600; x_wconf 88' lang='lat' dir='ltr'>pertraheretur.</span> 
     </span>
    </p>
   </div>
   <div class='ocr_carea' id='block_1_65' title="bbox 2093 2617 3735 2690">
    <p class='ocr_par' dir='ltr' id='par_1_65' title="bbox 2093 2617 3735 2690">
     <span class='ocr_line' id='line_1_65' title="bbox 2093 2617 3735 2690; baseline 0.001 -19"><span class='ocrx_word' id='word_1_427' title='bbox 2093 2617 2148 2671; x_wconf 89' lang='lat' dir='ltr'>Is</span> <span class='ocrx_word' id='word_1_428' title='bbox 2181 2633 2338 2690; x_wconf 85' lang='lat' dir='ltr'>ergo,</span> <span class='ocrx_word' id='word_1_429' title='bbox 2372 2636 2504 2673; x_wconf 92' lang='lat' dir='ltr'>cum</span> <span class='ocrx_word' id='word_1_430' title='bbox 2540 2619 2816 2689; x_wconf 82' lang='lat' dir='ltr'>amplexa</span> <span class='ocrx_word' id='word_1_431' title='bbox 2847 2636 2983 2673; x_wconf 90' lang='lat' dir='ltr'>eum</span> <span class='ocrx_word' id='word_1_432' title='bbox 3015 2619 3231 2674; x_wconf 87' lang='lat' dir='ltr'>mulier</span> <span class='ocrx_word' id='word_1_433' title='bbox 3271 2619 3735 2688; x_wconf 90' lang='lat' dir='ltr'>deoscularetur,</span> 
     </span>
    </p>
   </div>
   <div class='ocr_carea' id='block_1_66' title="bbox 2092 2707 3740 2781">
    <p class='ocr_par' dir='ltr' id='par_1_66' title="bbox 2092 2707 3740 2781">
     <span class='ocr_line' id='line_1_66' title="bbox 2092 2707 3740 2781; baseline 0.003 -20"><span class='ocrx_word' id='word_1_434' title='bbox 2092 2707 2357 2780; x_wconf 87' lang='lat' dir='ltr'>linguam</span> <span class='ocrx_word' id='word_1_435' title='bbox 2390 2727 2558 2765; x_wconf 91' lang='lat' dir='ltr'>suam</span> <span class='ocrx_word' id='word_1_436' title='bbox 2592 2710 2868 2765; x_wconf 87' lang='lat' dir='ltr'>dentibus</span> <span class='ocrx_word' id='word_1_437' title='bbox 2900 2711 3209 2781; x_wconf 73' lang='lat' dir='ltr'>prmcisam</span> <span class='ocrx_word' id='word_1_438' title='bbox 3242 2711 3303 2765; x_wconf 90' lang='lat' dir='ltr'>in</span> <span class='ocrx_word' id='word_1_439' title='bbox 3345 2709 3555 2765; x_wconf 79' lang='lat' dir='ltr'>faciem</span> <span class='ocrx_word' id='word_1_440' title='bbox 3609 2728 3740 2766; x_wconf 91' lang='lat' dir='ltr'>mu-</span> 
     </span>
    </p>
   </div>
   <div class='ocr_carea' id='block_1_67' title="bbox 2092 2797 3735 2870">
    <p class='ocr_par' dir='ltr' id='par_1_67' title="bbox 2092 2797 3735 2870">
     <span class='ocr_line' id='line_1_67' title="bbox 2092 2797 3735 2870; baseline 0.003 -19"><span class='ocrx_word' id='word_1_441' title='bbox 2092 2797 2256 2853; x_wconf 89' lang='lat' dir='ltr'>lieris</span> <span class='ocrx_word' id='word_1_442' title='bbox 2315 2800 2565 2870; x_wconf 83' lang='lat' dir='ltr'>exspuit.</span> <span class='ocrx_word' id='word_1_443' title='bbox 2627 2801 2750 2864; x_wconf 88' lang='lat' dir='ltr'>Quo</span> <span class='ocrx_word' id='word_1_444' title='bbox 2810 2800 2964 2855; x_wconf 87' lang='lat' dir='ltr'>facto</span> <span class='ocrx_word' id='word_1_445' title='bbox 3022 2806 3080 2855; x_wconf 89' lang='lat' dir='ltr'>et</span> <span class='ocrx_word' id='word_1_446' title='bbox 3156 2799 3388 2854; x_wconf 89' lang='lat' dir='ltr'>dolores</span> <span class='ocrx_word' id='word_1_447' title='bbox 3439 2801 3549 2855; x_wconf 92' lang='lat' dir='ltr'>sibi</span> <span class='ocrx_word' id='word_1_448' title='bbox 3607 2801 3735 2856; x_wconf 91' lang='lat' dir='ltr'>loco</span> 
     </span>
    </p>
   </div>
   <div class='ocr_carea' id='block_1_68' title="bbox 2091 2888 3742 2961">
    <p class='ocr_par' dir='ltr' id='par_1_68' title="bbox 2091 2888 3742 2961">
     <span class='ocr_line' id='line_1_68' title="bbox 2091 2888 3742 2961; baseline 0.001 -19"><span class='ocrx_word' id='word_1_449' title='bbox 2091 2888 2408 2960; x_wconf 79' lang='lat' dir='ltr'>voluptatis</span> <span class='ocrx_word' id='word_1_450' title='bbox 2439 2889 2658 2957; x_wconf 89' lang='lat' dir='ltr'>intulit,</span> <span class='ocrx_word' id='word_1_451' title='bbox 2720 2906 2970 2960; x_wconf 89' lang='lat' dir='ltr'>eamque</span> <span class='ocrx_word' id='word_1_452' title='bbox 3023 2890 3401 2944; x_wconf 68' lang='lat' dir='ltr'>vehementer</span> <span class='ocrx_word' id='word_1_453' title='bbox 3447 2895 3742 2961; x_wconf 87' lang='lat' dir='ltr'>perterre-</span> 
     </span>
    </p>
   </div>
   <div class='ocr_carea' id='block_1_69' title="bbox 2090 2977 3740 3049">
    <p class='ocr_par' dir='ltr' id='par_1_69' title="bbox 2090 2977 3740 3049">
     <span class='ocr_line' id='line_1_69' title="bbox 2090 2977 3740 3049; baseline -0.001 -15"><span class='ocrx_word' id='word_1_454' title='bbox 2090 2977 2248 3045; x_wconf 84' lang='lat' dir='ltr'>fecit,</span> <span class='ocrx_word' id='word_1_455' title='bbox 2281 2978 2701 3049; x_wconf 87' lang='lat' dir='ltr'>sanguinisque</span> <span class='ocrx_word' id='word_1_456' title='bbox 2735 2977 2914 3033; x_wconf 85' lang='lat' dir='ltr'>ﬂuxio</span> <span class='ocrx_word' id='word_1_457' title='bbox 2947 2977 3267 3049; x_wconf 88' lang='lat' dir='ltr'>plurimum</span> <span class='ocrx_word' id='word_1_458' title='bbox 3304 2978 3504 3034; x_wconf 87' lang='lat' dir='ltr'>attulit</span> <span class='ocrx_word' id='word_1_459' title='bbox 3547 2978 3740 3033; x_wconf 78' lang='lat' dir='ltr'>mole-</span> 
     </span>
    </p>
   </div>
   <div class='ocr_carea' id='block_1_70' title="bbox 2092 3067 3741 3138">
    <p class='ocr_par' dir='ltr' id='par_1_70' title="bbox 2092 3067 3741 3138">
     <span class='ocr_line' id='line_1_70' title="bbox 2092 3067 3741 3138; baseline 0 -17"><span class='ocrx_word' id='word_1_460' title='bbox 2092 3067 2237 3121; x_wconf 74' lang='lat' dir='ltr'>stim.</span> <span class='ocrx_word' id='word_1_461' title='bbox 2270 3067 2453 3121; x_wconf 69' lang='lat' dir='ltr'>Graeci</span> <span class='ocrx_word' id='word_1_462' title='bbox 2485 3084 2660 3138; x_wconf 84' lang='lat' dir='ltr'>porro</span> <span class='ocrx_word' id='word_1_463' title='bbox 2694 3067 2786 3121; x_wconf 88' lang='lat' dir='ltr'>his</span> <span class='ocrx_word' id='word_1_464' title='bbox 2817 3067 3034 3122; x_wconf 89' lang='lat' dir='ltr'>auditis</span> <span class='ocrx_word' id='word_1_465' title='bbox 3074 3068 3506 3124; x_wconf 89' lang='lat' dir='ltr'>monachorum</span> <span class='ocrx_word' id='word_1_466' title='bbox 3551 3068 3741 3122; x_wconf 87' lang='lat' dir='ltr'>conti-</span> 
     </span>
    </p>
   </div>
   <div class='ocr_carea' id='block_1_71' title="bbox 2091 3154 3236 3227">
    <p class='ocr_par' dir='ltr' id='par_1_71' title="bbox 2091 3154 3236 3227">
     <span class='ocr_line' id='line_1_71' title="bbox 2091 3154 3236 3227; baseline 0.002 -18"><span class='ocrx_word' id='word_1_467' title='bbox 2091 3154 2358 3210; x_wconf 85' lang='lat' dir='ltr'>nentiam</span> <span class='ocrx_word' id='word_1_468' title='bbox 2389 3160 2447 3210; x_wconf 91' lang='lat' dir='ltr'>et</span> <span class='ocrx_word' id='word_1_469' title='bbox 2475 3154 2902 3227; x_wconf 85' lang='lat' dir='ltr'>perfectionem</span> <span class='ocrx_word' id='word_1_470' title='bbox 2932 3155 3236 3211; x_wconf 87' lang='lat' dir='ltr'>admirari.</span> 
     </span>
    </p>
   </div>
   <div class='ocr_carea' id='block_1_72' title="bbox 2159 3335 3732 3407">
    <p class='ocr_par' dir='ltr' id='par_1_72' title="bbox 2159 3335 3732 3407">
     <span class='ocr_line' id='line_1_72' title="bbox 2159 3335 3732 3407; baseline 0.003 -17"><span class='ocrx_word' id='word_1_471' title='bbox 2159 3335 2307 3391; x_wconf 87' lang='lat' dir='ltr'>Victi</span> <span class='ocrx_word' id='word_1_472' title='bbox 2333 3340 2531 3391; x_wconf 89' lang='lat' dir='ltr'>autem</span> <span class='ocrx_word' id='word_1_473' title='bbox 2561 3335 2731 3407; x_wconf 89' lang='lat' dir='ltr'>impii</span> <span class='ocrx_word' id='word_1_474' title='bbox 2762 3336 2998 3407; x_wconf 87' lang='lat' dir='ltr'>tyranni</span> <span class='ocrx_word' id='word_1_475' title='bbox 3029 3336 3429 3393; x_wconf 88' lang='lat' dir='ltr'>Diocletianus</span> <span class='ocrx_word' id='word_1_476' title='bbox 3461 3343 3520 3393; x_wconf 95' lang='lat' dir='ltr'>et</span> <span class='ocrx_word' id='word_1_477' title='bbox 3548 3340 3732 3394; x_wconf 85' lang='lat' dir='ltr'>Maxi-</span> 
     </span>
    </p>
   </div>
   <div class='ocr_carea' id='block_1_73' title="bbox 2083 3425 3730 3495">
    <p class='ocr_par' dir='ltr' id='par_1_73' title="bbox 2083 3425 3730 3495">
     <span class='ocr_line' id='line_1_73' title="bbox 2083 3425 3730 3495; baseline 0.002 -14"><span class='ocrx_word' id='word_1_478' title='bbox 2083 3427 2320 3481; x_wconf 78' lang='lat' dir='ltr'>mianus</span> <span class='ocrx_word' id='word_1_479' title='bbox 2381 3425 2760 3482; x_wconf 91' lang='lat' dir='ltr'>multitudine</span> <span class='ocrx_word' id='word_1_480' title='bbox 2845 3431 3214 3495; x_wconf 88' lang='lat' dir='ltr'>necatorum,</span> <span class='ocrx_word' id='word_1_481' title='bbox 3293 3427 3608 3483; x_wconf 87' lang='lat' dir='ltr'>edixerunt</span> <span class='ocrx_word' id='word_1_482' title='bbox 3663 3436 3730 3484; x_wconf 87' lang='lat' dir='ltr'>ut</span> 
     </span>
    </p>
   </div>
   <div class='ocr_carea' id='block_1_74' title="bbox 2083 3513 3728 3584">
    <p class='ocr_par' dir='ltr' id='par_1_74' title="bbox 2083 3513 3728 3584">
     <span class='ocr_line' id='line_1_74' title="bbox 2083 3513 3728 3584; baseline 0.001 -15"><span class='ocrx_word' id='word_1_483' title='bbox 2083 3514 2454 3570; x_wconf 76' lang='lat' dir='ltr'>Christianus</span> <span class='ocrx_word' id='word_1_484' title='bbox 2483 3513 2531 3568; x_wconf 92' lang='lat' dir='ltr'>si</span> <span class='ocrx_word' id='word_1_485' title='bbox 2565 3514 2697 3584; x_wconf 90' lang='lat' dir='ltr'>quis</span> <span class='ocrx_word' id='word_1_486' title='bbox 2729 3519 2885 3568; x_wconf 90' lang='lat' dir='ltr'>esset</span> <span class='ocrx_word' id='word_1_487' title='bbox 2905 3514 3198 3581; x_wconf 90' lang='lat' dir='ltr'>inventus,</span> <span class='ocrx_word' id='word_1_488' title='bbox 3220 3515 3272 3569; x_wconf 91' lang='lat' dir='ltr'>ei</span> <span class='ocrx_word' id='word_1_489' title='bbox 3292 3515 3499 3570; x_wconf 87' lang='lat' dir='ltr'>oculus</span> <span class='ocrx_word' id='word_1_490' title='bbox 3519 3515 3728 3572; x_wconf 86' lang='lat' dir='ltr'>dexter</span> 
     </span>
    </p>
   </div>
   <div class='ocr_carea' id='block_1_75' title="bbox 2084 3603 3728 3677">
    <p class='ocr_par' dir='ltr' id='par_1_75' title="bbox 2084 3603 3728 3677">
     <span class='ocr_line' id='line_1_75' title="bbox 2084 3603 3728 3677; baseline 0.001 -18"><span class='ocrx_word' id='word_1_491' title='bbox 2084 3610 2426 3671; x_wconf 90' lang='lat' dir='ltr'>erueretur;</span> <span class='ocrx_word' id='word_1_492' title='bbox 2462 3603 2620 3675; x_wconf 92' lang='lat' dir='ltr'>quod</span> <span class='ocrx_word' id='word_1_493' title='bbox 2663 3603 3022 3675; x_wconf 90' lang='lat' dir='ltr'>supplicium</span> <span class='ocrx_word' id='word_1_494' title='bbox 3080 3621 3201 3659; x_wconf 89' lang='lat' dir='ltr'>non</span> <span class='ocrx_word' id='word_1_495' title='bbox 3262 3605 3434 3659; x_wconf 91' lang='lat' dir='ltr'>modo</span> <span class='ocrx_word' id='word_1_496' title='bbox 3484 3610 3728 3677; x_wconf 88' lang='lat' dir='ltr'>propter</span> 
     </span>
    </p>
   </div>
   <div class='ocr_carea' id='block_1_76' title="bbox 2079 3693 3722 3765">
    <p class='ocr_par' dir='ltr' id='par_1_76' title="bbox 2079 3693 3722 3765">
     <span class='ocr_line' id='line_1_76' title="bbox 2079 3693 3722 3765; baseline 0.001 -17"><span class='ocrx_word' id='word_1_497' title='bbox 2079 3693 2367 3759; x_wconf 88' lang='lat' dir='ltr'>dolorem,</span> <span class='ocrx_word' id='word_1_498' title='bbox 2403 3693 2506 3748; x_wconf 90' lang='lat' dir='ltr'>sed</span> <span class='ocrx_word' id='word_1_499' title='bbox 2538 3699 2596 3748; x_wconf 92' lang='lat' dir='ltr'>et</span> <span class='ocrx_word' id='word_1_500' title='bbox 2640 3699 2882 3764; x_wconf 90' lang='lat' dir='ltr'>propter</span> <span class='ocrx_word' id='word_1_501' title='bbox 2908 3694 3292 3764; x_wconf 89' lang='lat' dir='ltr'>conspicuam</span> <span class='ocrx_word' id='word_1_502' title='bbox 3336 3694 3722 3765; x_wconf 86' lang='lat' dir='ltr'>ignominiam</span> 
     </span>
    </p>
   </div>
   <div class='ocr_carea' id='block_1_77' title="bbox 2078 3783 3719 3855">
    <p class='ocr_par' dir='ltr' id='par_1_77' title="bbox 2078 3783 3719 3855">
     <span class='ocr_line' id='line_1_77' title="bbox 2078 3783 3719 3855; baseline -0.001 -16"><span class='ocrx_word' id='word_1_503' title='bbox 2078 3784 2548 3855; x_wconf 88' lang='lat' dir='ltr'>inusitatumque</span> <span class='ocrx_word' id='word_1_504' title='bbox 2605 3783 2885 3838; x_wconf 81' lang='lat' dir='ltr'>Romanis</span> <span class='ocrx_word' id='word_1_505' title='bbox 2946 3783 3209 3837; x_wconf 90' lang='lat' dir='ltr'>moribus</span> <span class='ocrx_word' id='word_1_506' title='bbox 3269 3799 3458 3853; x_wconf 69' lang='lat' dir='ltr'>poenae</span> <span class='ocrx_word' id='word_1_507' title='bbox 3512 3801 3719 3855; x_wconf 89' lang='lat' dir='ltr'>genus,</span> 
     </span>
    </p>
   </div>
   <div class='ocr_carea' id='block_1_78' title="bbox 2073 3871 2890 3946">
    <p class='ocr_par' dir='ltr' id='par_1_78' title="bbox 2073 3871 2890 3946">
     <span class='ocr_line' id='line_1_78' title="bbox 2073 3871 2890 3946; baseline -0.002 -18"><span class='ocrx_word' id='word_1_508' title='bbox 2073 3889 2243 3946; x_wconf 87' lang='lat' dir='ltr'>grave</span> <span class='ocrx_word' id='word_1_509' title='bbox 2271 3874 2398 3928; x_wconf 90' lang='lat' dir='ltr'>fore</span> <span class='ocrx_word' id='word_1_510' title='bbox 2430 3871 2890 3928; x_wconf 88' lang='lat' dir='ltr'>arbitrabantur.</span> 
     </span>
    </p>
   </div>
   <div class='ocr_carea' id='block_1_79' title="bbox 2145 3960 3717 4035">
    <p class='ocr_par' dir='ltr' id='par_1_79' title="bbox 2145 3960 3717 4035">
     <span class='ocr_line' id='line_1_79' title="bbox 2145 3960 3717 4035; baseline 0 -18"><span class='ocrx_word' id='word_1_511' title='bbox 2145 3963 2398 4035; x_wconf 88' lang='lat' dir='ltr'>Septimo</span> <span class='ocrx_word' id='word_1_512' title='bbox 2433 3960 2668 4032; x_wconf 89' lang='lat' dir='ltr'>imperii</span> <span class='ocrx_word' id='word_1_513' title='bbox 2708 3961 2798 4016; x_wconf 91' lang='lat' dir='ltr'>sui</span> <span class='ocrx_word' id='word_1_514' title='bbox 2851 3977 3004 4016; x_wconf 89' lang='lat' dir='ltr'>anno</span> <span class='ocrx_word' id='word_1_515' title='bbox 3057 3960 3290 4015; x_wconf 89' lang='lat' dir='ltr'>Busirin</span> <span class='ocrx_word' id='word_1_516' title='bbox 3339 3964 3398 4016; x_wconf 94' lang='lat' dir='ltr'>et</span> <span class='ocrx_word' id='word_1_517' title='bbox 3444 3962 3717 4032; x_wconf 87' lang='lat' dir='ltr'>Coptum;</span> 
     </span>
    </p>
   </div>
   <div class='ocr_carea' id='block_1_80' title="bbox 2072 4050 3712 4124">
    <p class='ocr_par' dir='ltr' id='par_1_80' title="bbox 2072 4050 3712 4124">
     <span class='ocr_line' id='line_1_80' title="bbox 2072 4050 3712 4124; baseline -0.001 -17"><span class='ocrx_word' id='word_1_518' title='bbox 2072 4070 2203 4124; x_wconf 62' lang='lat' dir='ltr'>quae</span> <span class='ocrx_word' id='word_1_519' title='bbox 2236 4053 2410 4109; x_wconf 89' lang='lat' dir='ltr'>urbes</span> <span class='ocrx_word' id='word_1_520' title='bbox 2454 4051 2678 4124; x_wconf 62' lang='lat' dir='ltr'>zEgypti</span> <span class='ocrx_word' id='word_1_521' title='bbox 2727 4056 2864 4105; x_wconf 92' lang='lat' dir='ltr'>sunt</span> <span class='ocrx_word' id='word_1_522' title='bbox 2893 4055 2952 4105; x_wconf 88' lang='lat' dir='ltr'>et</span> <span class='ocrx_word' id='word_1_523' title='bbox 2999 4050 3074 4105; x_wconf 89' lang='lat' dir='ltr'>ad</span> <span class='ocrx_word' id='word_1_524' title='bbox 3112 4051 3336 4106; x_wconf 86' lang='lat' dir='ltr'>Thebas</span> <span class='ocrx_word' id='word_1_525' title='bbox 3388 4052 3712 4122; x_wconf 86' lang='lat' dir='ltr'>pertinent,</span> 
     </span>
    </p>
   </div>
   <div class='ocr_carea' id='block_1_81' title="bbox 2071 4140 3712 4214">
    <p class='ocr_par' dir='ltr' id='par_1_81' title="bbox 2071 4140 3712 4214">
     <span class='ocr_line' id='line_1_81' title="bbox 2071 4140 3712 4214; baseline -0.001 -17"><span class='ocrx_word' id='word_1_526' title='bbox 2071 4143 2228 4214; x_wconf 91' lang='lat' dir='ltr'>quod</span> <span class='ocrx_word' id='word_1_527' title='bbox 2286 4159 2370 4198; x_wconf 65' lang='lat' dir='ltr'>ea:</span> <span class='ocrx_word' id='word_1_528' title='bbox 2419 4159 2453 4198; x_wconf 92' lang='lat' dir='ltr'>a</span> <span class='ocrx_word' id='word_1_529' title='bbox 2507 4145 2772 4197; x_wconf 82' lang='lat' dir='ltr'>Romano</span> <span class='ocrx_word' id='word_1_530' title='bbox 2830 4140 3080 4212; x_wconf 89' lang='lat' dir='ltr'>imperio</span> <span class='ocrx_word' id='word_1_531' title='bbox 3151 4140 3526 4208; x_wconf 81' lang='lat' dir='ltr'>defecissent,</span> <span class='ocrx_word' id='word_1_532' title='bbox 3589 4143 3712 4197; x_wconf 94' lang='lat' dir='ltr'>solo</span> 
     </span>
    </p>
   </div>
   <div class='ocr_carea' id='block_1_82' title="bbox 2070 4231 3711 4306">
    <p class='ocr_par' dir='ltr' id='par_1_82' title="bbox 2070 4231 3711 4306">
     <span class='ocr_line' id='line_1_82' title="bbox 2070 4231 3711 4306; baseline -0.001 -16"><span class='ocrx_word' id='word_1_533' title='bbox 2070 4239 2472 4306; x_wconf 76' lang='lat' dir='ltr'>aaquaverunt.</span> <span class='ocrx_word' id='word_1_534' title='bbox 2532 4235 2695 4288; x_wconf 90' lang='lat' dir='ltr'>Nono</span> <span class='ocrx_word' id='word_1_535' title='bbox 2754 4249 2910 4288; x_wconf 89' lang='lat' dir='ltr'>anno</span> <span class='ocrx_word' id='word_1_536' title='bbox 2980 4232 3042 4285; x_wconf 90' lang='lat' dir='ltr'>in</span> <span class='ocrx_word' id='word_1_537' title='bbox 3101 4236 3295 4286; x_wconf 87' lang='lat' dir='ltr'>statua</span> <span class='ocrx_word' id='word_1_538' title='bbox 3374 4231 3711 4300; x_wconf 88' lang='lat' dir='ltr'>ediderunt,</span> 
     </span>
    </p>
   </div>
   <div class='ocr_carea' id='block_1_83' title="bbox 2068 4328 3711 4400">
    <p class='ocr_par' dir='ltr' id='par_1_83' title="bbox 2068 4328 3711 4400">
     <span class='ocr_line' id='line_1_83' title="bbox 2068 4328 3711 4400; baseline -0.002 -12"><span class='ocrx_word' id='word_1_539' title='bbox 2068 4333 2346 4388; x_wconf 89' lang='lat' dir='ltr'>omnibus</span> <span class='ocrx_word' id='word_1_540' title='bbox 2376 4331 2726 4386; x_wconf 84' lang='lat' dir='ltr'>Christianis</span> <span class='ocrx_word' id='word_1_541' title='bbox 2772 4328 3119 4397; x_wconf 81' lang='lat' dir='ltr'>interfectis,</span> <span class='ocrx_word' id='word_1_542' title='bbox 3153 4330 3486 4384; x_wconf 83' lang='lat' dir='ltr'>Romanum</span> <span class='ocrx_word' id='word_1_543' title='bbox 3529 4329 3711 4400; x_wconf 86' lang='lat' dir='ltr'>impe-</span> 
     </span>
    </p>
   </div>
   <div class='ocr_carea' id='block_1_84' title="bbox 405 3963 1966 4042">
    <p class='ocr_par' dir='ltr' id='par_1_84' title="bbox 405 3963 1966 4042">
     <span class='ocr_line' id='line_1_84' title="bbox 405 3963 1966 4042; baseline -0.001 -18"><span class='ocrx_word' id='word_1_544' title='bbox 405 3968 501 4040; x_wconf 77' lang='grc' dir='ltr'>Τῷ</span> <span class='ocrx_word' id='word_1_545' title='bbox 533 3970 575 4040; x_wconf 85' lang='grc' dir='ltr'>ζ’</span> <span class='ocrx_word' id='word_1_546' title='bbox 601 3963 707 4023; x_wconf 81' lang='grc' dir='ltr'>ἔτει</span> <span class='ocrx_word' id='word_1_547' title='bbox 737 3967 911 4022; x_wconf 78' lang='grc' dir='ltr'>αὐτῶν</span> <span class='ocrx_word' id='word_1_548' title='bbox 980 3970 1080 4038; x_wconf 82' lang='grc' dir='ltr'>τὴν</span> <span class='ocrx_word' id='word_1_549' title='bbox 1138 3967 1389 4042; x_wconf 82' lang='grc' dir='ltr'>Βούσιριν</span> <span class='ocrx_word' id='word_1_550' title='bbox 1446 3969 1536 4023; x_wconf 78' lang='grc' dir='ltr'>καί</span> <span class='ocrx_word' id='word_1_551' title='bbox 1576 3971 1677 4038; x_wconf 76' lang='grc' dir='ltr'>τήν</span> <span class='ocrx_word' id='word_1_552' title='bbox 1733 3970 1966 4040; x_wconf 88' lang='grc' dir='ltr'>Κοπτὸν,</span> 
     </span>
    </p>
   </div>
   <div class='ocr_carea' id='block_1_85' title="bbox 320 4053 1967 4133">
    <p class='ocr_par' dir='ltr' id='par_1_85' title="bbox 320 4053 1967 4133">
     <span class='ocr_line' id='line_1_85' title="bbox 320 4053 1967 4133; baseline 0 -19"><span class='ocrx_word' id='word_1_553' title='bbox 320 4058 514 4120; x_wconf 84' lang='grc' dir='ltr'>πόλεις</span> <span class='ocrx_word' id='word_1_554' title='bbox 571 4057 625 4113; x_wconf 86' lang='grc' dir='ltr'>ἐν</span> <span class='ocrx_word' id='word_1_555' title='bbox 682 4053 887 4128; x_wconf 85' lang='grc' dir='ltr'>Θήϐαις</span> <span class='ocrx_word' id='word_1_556' title='bbox 955 4064 1054 4127; x_wconf 78' lang='grc' dir='ltr'>τῆς</span> <span class='ocrx_word' id='word_1_557' title='bbox 1137 4057 1433 4133; x_wconf 81' lang='grc' dir='ltr'>Αἰγύπτου,</span> <span class='ocrx_word' id='word_1_558' title='bbox 1520 4058 1967 4129; x_wconf 77' lang='grc' dir='ltr'>ἀποστατησάσας</span> 
     </span>
    </p>
   </div>
   <div class='ocr_carea' id='block_1_86' title="bbox 317 4141 1962 4222">
    <p class='ocr_par' dir='ltr' id='par_1_86' title="bbox 317 4141 1962 4222">
     <span class='ocr_line' id='line_1_86' title="bbox 317 4141 1962 4222; baseline 0.001 -20"><span class='ocrx_word' id='word_1_559' title='bbox 317 4153 419 4216; x_wconf 79' lang='grc' dir='ltr'>τῆς</span> <span class='ocrx_word' id='word_1_560' title='bbox 480 4151 587 4201; x_wconf 91' lang='grc' dir='ltr'>τῶν</span> <span class='ocrx_word' id='word_1_561' title='bbox 640 4147 928 4218; x_wconf 83' lang='grc' dir='ltr'>Ῥωμαίων</span> <span class='ocrx_word' id='word_1_562' title='bbox 989 4146 1167 4220; x_wconf 82' lang='grc' dir='ltr'>ἀρχῆς</span> <span class='ocrx_word' id='word_1_563' title='bbox 1223 4145 1297 4208; x_wconf 85' lang='grc' dir='ltr'>εἰς</span> <span class='ocrx_word' id='word_1_564' title='bbox 1356 4141 1550 4222; x_wconf 78' lang='grc' dir='ltr'>ἔδαφος</span> <span class='ocrx_word' id='word_1_565' title='bbox 1606 4147 1962 4221; x_wconf 84' lang='grc' dir='ltr'>κατέσκαψαν.</span> 
     </span>
    </p>
   </div>
   <div class='ocr_carea' id='block_1_87' title="bbox 317 4231 1961 4310">
    <p class='ocr_par' dir='ltr' id='par_1_87' title="bbox 317 4231 1961 4310">
     <span class='ocr_line' id='line_1_87' title="bbox 317 4231 1961 4310; baseline 0.001 -20"><span class='ocrx_word' id='word_1_566' title='bbox 317 4237 412 4307; x_wconf 77' lang='grc' dir='ltr'>Τῷ</span> <span class='ocrx_word' id='word_1_567' title='bbox 469 4237 511 4290; x_wconf 87' lang='grc' dir='ltr'>θ’</span> <span class='ocrx_word' id='word_1_568' title='bbox 580 4231 682 4290; x_wconf 79' lang='grc' dir='ltr'>ἔτει</span> <span class='ocrx_word' id='word_1_569' title='bbox 741 4235 816 4298; x_wconf 88' lang='grc' dir='ltr'>ὡς</span> <span class='ocrx_word' id='word_1_570' title='bbox 868 4233 918 4289; x_wconf 84' lang='grc' dir='ltr'>ἐν</span> <span class='ocrx_word' id='word_1_571' title='bbox 981 4233 1158 4309; x_wconf 81' lang='grc' dir='ltr'>στήλῃ</span> <span class='ocrx_word' id='word_1_572' title='bbox 1219 4232 1508 4310; x_wconf 75' lang='grc' dir='ltr'>ἐνέγραψαν</span> <span class='ocrx_word' id='word_1_573' title='bbox 1577 4235 1627 4289; x_wconf 76' lang='grc' dir='ltr'>οἱ</span> <span class='ocrx_word' id='word_1_574' title='bbox 1688 4232 1961 4299; x_wconf 84' lang='grc' dir='ltr'>δυσσεϐεῖς</span> 
     </span>
    </p>
   </div>
   <div class='ocr_carea' id='block_1_88' title="bbox 316 4324 1959 4399">
    <p class='ocr_par' dir='ltr' id='par_1_88' title="bbox 316 4324 1959 4399">
     <span class='ocr_line' id='line_1_88' title="bbox 316 4324 1959 4399; baseline 0.001 -21"><span class='ocrx_word' id='word_1_575' title='bbox 316 4325 439 4378; x_wconf 88' lang='grc' dir='ltr'>καθ’</span> <span class='ocrx_word' id='word_1_576' title='bbox 493 4327 652 4398; x_wconf 84' lang='grc' dir='ltr'>ἡμῶν</span> <span class='ocrx_word' id='word_1_577' title='bbox 714 4325 789 4386; x_wconf 89' lang='grc' dir='ltr'>ὡς</span> <span class='ocrx_word' id='word_1_578' title='bbox 863 4324 1072 4378; x_wconf 84' lang='grc' dir='ltr'>πάντων</span> <span class='ocrx_word' id='word_1_579' title='bbox 1161 4324 1544 4399; x_wconf 85' lang='grc' dir='ltr'>ἀναιρεθέντων</span> <span class='ocrx_word' id='word_1_580' title='bbox 1625 4327 1959 4399; x_wconf 87' lang='grc' dir='ltr'>Χριστιανῶν</span> 
     </span>
    </p>
   </div>
   <div class='ocr_carea' id='block_1_89' title="bbox 313 4413 1990 4493">
    <p class='ocr_par' dir='ltr' id='par_1_89' title="bbox 313 4413 1961 4488">
     <span class='ocr_line' id='line_1_89' title="bbox 313 4413 1961 4488; baseline 0.001 -20"><span class='ocrx_word' id='word_1_581' title='bbox 313 4413 494 4484; x_wconf 88' lang='grc' dir='ltr'>πάσης</span> <span class='ocrx_word' id='word_1_582' title='bbox 524 4415 776 4484; x_wconf 81' lang='grc' dir='ltr'>εὐθηνίας</span> <span class='ocrx_word' id='word_1_583' title='bbox 834 4413 923 4468; x_wconf 83' lang='grc' dir='ltr'>καὶ</span> <span class='ocrx_word' id='word_1_584' title='bbox 981 4413 1265 4487; x_wconf 81' lang='grc' dir='ltr'>εὐκρασίας</span> <span class='ocrx_word' id='word_1_585' title='bbox 1309 4416 1342 4483; x_wconf 77' lang='grc' dir='ltr'>ἡ</span> <span class='ocrx_word' id='word_1_586' title='bbox 1373 4420 1662 4488; x_wconf 85' lang='grc' dir='ltr'>Ῥωμαίων</span> <span class='ocrx_word' id='word_1_587' title='bbox 1710 4414 1961 4470; x_wconf 87' lang='grc' dir='ltr'>πολιτεία</span> 
     </span>
    </p>
   </div>
   <div class='ocr_carea' id='block_1_90' title="bbox 2102 4413 3712 4493">
    <p class='ocr_par' dir='ltr' id='par_1_90' title="bbox 2102 4420 3712 4493">
     <span class='ocr_line' id='line_1_90' title="bbox 2102 4420 3712 4493; baseline -0.001 -16"><span class='ocrx_word' id='word_1_588' title='bbox 2102 4424 2222 4479; x_wconf 92' lang='lat' dir='ltr'>ium</span> <span class='ocrx_word' id='word_1_589' title='bbox 2270 4422 2447 4478; x_wconf 91' lang='lat' dir='ltr'>rebus</span> <span class='ocrx_word' id='word_1_590' title='bbox 2490 4421 2787 4493; x_wconf 91' lang='lat' dir='ltr'>prosperis</span> <span class='ocrx_word' id='word_1_591' title='bbox 2845 4420 3226 4476; x_wconf 80' lang='lat' dir='ltr'>affluxurum.</span> <span class='ocrx_word' id='word_1_592' title='bbox 3278 4420 3454 4474; x_wconf 91' lang='lat' dir='ltr'>Secus</span> <span class='ocrx_word' id='word_1_593' title='bbox 3513 4426 3712 4476; x_wconf 91' lang='lat' dir='ltr'>autem</span> 
     </span>
    </p>
   </div>
   <div class='ocr_carea' id='block_1_91' title="bbox 315 4497 1990 4582">
    <p class='ocr_par' dir='ltr' id='par_1_91' title="bbox 315 4497 1956 4579">
     <span class='ocr_line' id='line_1_91' title="bbox 315 4497 1956 4579; baseline 0 -20"><span class='ocrx_word' id='word_1_594' title='bbox 315 4502 715 4575; x_wconf 83' lang='grc' dir='ltr'>πλησθήσεται,</span> <span class='ocrx_word' id='word_1_595' title='bbox 799 4501 980 4566; x_wconf 85' lang='grc' dir='ltr'>καθὼς</span> <span class='ocrx_word' id='word_1_596' title='bbox 1067 4497 1448 4576; x_wconf 84' lang='grc' dir='ltr'>ὑπελάμϐανον</span> <span class='ocrx_word' id='word_1_597' title='bbox 1531 4503 1581 4558; x_wconf 72' lang='grc' dir='ltr'>οἱ</span> <span class='ocrx_word' id='word_1_598' title='bbox 1639 4502 1956 4579; x_wconf 73' lang='grc' dir='ltr'>ἀλάστορες·</span> 
     </span>
    </p>
   </div>
   <div class='ocr_carea' id='block_1_92' title="bbox 2102 4497 3715 4582">
    <p class='ocr_par' dir='ltr' id='par_1_92' title="bbox 2102 4510 3715 4582">
     <span class='ocr_line' id='line_1_92' title="bbox 2102 4510 3715 4582; baseline -0.001 -14"><span class='ocrx_word' id='word_1_599' title='bbox 2102 4512 2226 4568; x_wconf 81' lang='lat' dir='ltr'>I68</span> <span class='ocrx_word' id='word_1_600' title='bbox 2260 4513 2454 4567; x_wconf 82' lang='lat' dir='ltr'>evenit</span> <span class='ocrx_word' id='word_1_601' title='bbox 2485 4528 2658 4582; x_wconf 88' lang='lat' dir='ltr'>quam</span> <span class='ocrx_word' id='word_1_602' title='bbox 2691 4512 2863 4566; x_wconf 87' lang='lat' dir='ltr'>furiis</span> <span class='ocrx_word' id='word_1_603' title='bbox 2894 4511 3024 4566; x_wconf 89' lang='lat' dir='ltr'>istis</span> <span class='ocrx_word' id='word_1_604' title='bbox 3054 4511 3243 4565; x_wconf 88' lang='lat' dir='ltr'>visum</span> <span class='ocrx_word' id='word_1_605' title='bbox 3275 4510 3404 4566; x_wconf 84' lang='lat' dir='ltr'>fuit.</span> <span class='ocrx_word' id='word_1_606' title='bbox 3459 4512 3606 4566; x_wconf 88' lang='lat' dir='ltr'>Nam</span> <span class='ocrx_word' id='word_1_607' title='bbox 3656 4516 3715 4567; x_wconf 88' lang='lat' dir='ltr'>et</span> 
     </span>
    </p>
   </div>
   <div class='ocr_carea' id='block_1_93' title="bbox 313 4591 1990 4681">
    <p class='ocr_par' dir='ltr' id='par_1_93' title="bbox 313 4591 1953 4672">
     <span class='ocr_line' id='line_1_93' title="bbox 313 4591 1953 4672; baseline -0.001 -23"><span class='ocrx_word' id='word_1_608' title='bbox 313 4591 398 4649; x_wconf 87' lang='grc' dir='ltr'>διὸ</span> <span class='ocrx_word' id='word_1_609' title='bbox 447 4595 535 4650; x_wconf 84' lang='grc' dir='ltr'>καὶ</span> <span class='ocrx_word' id='word_1_610' title='bbox 594 4591 758 4667; x_wconf 75' lang='grc' dir='ltr'>λιμὸς</span> <span class='ocrx_word' id='word_1_611' title='bbox 823 4594 912 4648; x_wconf 82' lang='grc' dir='ltr'>καὶ</span> <span class='ocrx_word' id='word_1_612' title='bbox 973 4591 1173 4666; x_wconf 84' lang='grc' dir='ltr'>λοιμὸς</span> <span class='ocrx_word' id='word_1_613' title='bbox 1226 4593 1315 4647; x_wconf 87' lang='grc' dir='ltr'>καὶ</span> <span class='ocrx_word' id='word_1_614' title='bbox 1401 4594 1642 4672; x_wconf 82' lang='grc' dir='ltr'>αὐχμὸς,</span> <span class='ocrx_word' id='word_1_615' title='bbox 1701 4594 1791 4649; x_wconf 76' lang='grc' dir='ltr'>καὶ</span> <span class='ocrx_word' id='word_1_616' title='bbox 1850 4601 1953 4650; x_wconf 73' lang='grc' dir='ltr'>πᾶν</span> 
     </span>
    </p>
   </div>
   <div class='ocr_carea' id='block_1_94' title="bbox 2102 4591 3710 4681">
    <p class='ocr_par' dir='ltr' id='par_1_94' title="bbox 2102 4600 3710 4674">
     <span class='ocr_line' id='line_1_94' title="bbox 2102 4600 3710 4674; baseline 0 -17"><span class='ocrx_word' id='word_1_617' title='bbox 2102 4619 2250 4657; x_wconf 75' lang='lat' dir='ltr'>1mes</span> <span class='ocrx_word' id='word_1_618' title='bbox 2282 4607 2339 4656; x_wconf 90' lang='lat' dir='ltr'>et</span> <span class='ocrx_word' id='word_1_619' title='bbox 2370 4603 2551 4674; x_wconf 86' lang='lat' dir='ltr'>pestis</span> <span class='ocrx_word' id='word_1_620' title='bbox 2585 4606 2642 4656; x_wconf 91' lang='lat' dir='ltr'>et</span> <span class='ocrx_word' id='word_1_621' title='bbox 2673 4601 2906 4656; x_wconf 90' lang='lat' dir='ltr'>siccitas</span> <span class='ocrx_word' id='word_1_622' title='bbox 2949 4601 3220 4656; x_wconf 86' lang='lat' dir='ltr'>homines</span> <span class='ocrx_word' id='word_1_623' title='bbox 3276 4600 3610 4667; x_wconf 87' lang='lat' dir='ltr'>infestavit;</span> <span class='ocrx_word' id='word_1_624' title='bbox 3643 4617 3710 4657; x_wconf 91' lang='lat' dir='ltr'>ac</span> 
     </span>
    </p>
   </div>
   <div class='ocr_carea' id='block_1_95' title="bbox 313 4682 1990 4762">
    <p class='ocr_par' dir='ltr' id='par_1_95' title="bbox 313 4682 1955 4758">
     <span class='ocr_line' id='line_1_95' title="bbox 313 4682 1955 4758; baseline 0.001 -20"><span class='ocrx_word' id='word_1_625' title='bbox 313 4684 496 4739; x_wconf 79' lang='grc' dir='ltr'>ὀτιοῦν</span> <span class='ocrx_word' id='word_1_626' title='bbox 527 4682 639 4738; x_wconf 82' lang='grc' dir='ltr'>ἔστι</span> <span class='ocrx_word' id='word_1_627' title='bbox 677 4683 842 4737; x_wconf 86' lang='grc' dir='ltr'>κακὸν</span> <span class='ocrx_word' id='word_1_628' title='bbox 899 4682 1087 4752; x_wconf 75' lang='grc' dir='ltr'>εἰπεῖν,</span> <span class='ocrx_word' id='word_1_629' title='bbox 1144 4684 1271 4745; x_wconf 82' lang='grc' dir='ltr'>τοὺς</span> <span class='ocrx_word' id='word_1_630' title='bbox 1320 4683 1636 4758; x_wconf 85' lang='grc' dir='ltr'>ἀνθρώπους</span> <span class='ocrx_word' id='word_1_631' title='bbox 1696 4683 1955 4757; x_wconf 84' lang='grc' dir='ltr'>μετῆλθε,</span> 
     </span>
    </p>
   </div>
   <div class='ocr_carea' id='block_1_96' title="bbox 2102 4682 3708 4762">
    <p class='ocr_par' dir='ltr' id='par_1_96' title="bbox 2102 4691 3708 4762">
     <span class='ocr_line' id='line_1_96' title="bbox 2102 4691 3708 4762; baseline 0.001 -18"><span class='ocrx_word' id='word_1_632' title='bbox 2102 4691 2268 4747; x_wconf 86' lang='lat' dir='ltr'>lcera</span> <span class='ocrx_word' id='word_1_633' title='bbox 2297 4708 2444 4762; x_wconf 89' lang='lat' dir='ltr'>quos</span> <span class='ocrx_word' id='word_1_634' title='bbox 2475 4692 2868 4746; x_wconf 90' lang='lat' dir='ltr'>carbunculos</span> <span class='ocrx_word' id='word_1_635' title='bbox 2899 4696 3124 4758; x_wconf 88' lang='lat' dir='ltr'>vocant,</span> <span class='ocrx_word' id='word_1_636' title='bbox 3175 4707 3280 4761; x_wconf 91' lang='lat' dir='ltr'>per</span> <span class='ocrx_word' id='word_1_637' title='bbox 3331 4695 3521 4745; x_wconf 89' lang='lat' dir='ltr'>totum</span> <span class='ocrx_word' id='word_1_638' title='bbox 3576 4708 3708 4746; x_wconf 88' lang='lat' dir='ltr'>ser-</span> 
     </span>
    </p>
   </div>
   <div class='ocr_carea' id='block_1_97' title="bbox 310 4772 1990 4854">
    <p class='ocr_par' dir='ltr' id='par_1_97' title="bbox 310 4772 1955 4848">
     <span class='ocr_line' id='line_1_97' title="bbox 310 4772 1955 4848; baseline 0.001 -22"><span class='ocrx_word' id='word_1_639' title='bbox 310 4775 392 4848; x_wconf 87' lang='lat' dir='ltr'>[P.</span> <span class='ocrx_word' id='word_1_640' title='bbox 421 4776 550 4847; x_wconf 77' lang='lat'>267]</span> <span class='ocrx_word' id='word_1_641' title='bbox 591 4773 679 4828; x_wconf 87' lang='grc' dir='ltr'>καί</span> <span class='ocrx_word' id='word_1_642' title='bbox 727 4793 874 4834; x_wconf 85' lang='grc' dir='ltr'>τινος</span> <span class='ocrx_word' id='word_1_643' title='bbox 926 4772 1108 4847; x_wconf 82' lang='grc' dir='ltr'>ἐτέρου</span> <span class='ocrx_word' id='word_1_644' title='bbox 1165 4774 1475 4845; x_wconf 86' lang='grc' dir='ltr'>νοσήματος</span> <span class='ocrx_word' id='word_1_645' title='bbox 1526 4778 1710 4848; x_wconf 81' lang='grc' dir='ltr'>μοῖρα.</span> <span class='ocrx_word' id='word_1_646' title='bbox 1754 4773 1955 4837; x_wconf 83' lang='grc' dir='ltr'>Ἕλκος</span> 
     </span>
    </p>
   </div>
   <div class='ocr_carea' id='block_1_98' title="bbox 2102 4772 3707 4854">
    <p class='ocr_par' dir='ltr' id='par_1_98' title="bbox 2110 4781 3707 4854">
     <span class='ocr_line' id='line_1_98' title="bbox 2110 4781 3707 4854; baseline -0.001 -16"><span class='ocrx_word' id='word_1_647' title='bbox 2110 4783 2270 4838; x_wconf 88' lang='lat' dir='ltr'>entia</span> <span class='ocrx_word' id='word_1_648' title='bbox 2325 4800 2538 4854; x_wconf 90' lang='lat' dir='ltr'>corpus</span> <span class='ocrx_word' id='word_1_649' title='bbox 2594 4782 2958 4854; x_wconf 88' lang='lat' dir='ltr'>periculosos</span> <span class='ocrx_word' id='word_1_650' title='bbox 3043 4781 3282 4837; x_wconf 84' lang='lat' dir='ltr'>morbos</span> <span class='ocrx_word' id='word_1_651' title='bbox 3359 4782 3707 4852; x_wconf 81' lang='lat' dir='ltr'>afl‘erebant,</span> 
     </span>
    </p>
   </div>
   <div class='ocr_carea' id='block_1_99' title="bbox 307 4859 1990 4942">
    <p class='ocr_par' dir='ltr' id='par_1_99' title="bbox 307 4859 1956 4939">
     <span class='ocr_line' id='line_1_99' title="bbox 307 4859 1956 4939; baseline 0.001 -22"><span class='ocrx_word' id='word_1_652' title='bbox 307 4860 366 4917; x_wconf 77' lang='grc' dir='ltr'>δὲ</span> <span class='ocrx_word' id='word_1_653' title='bbox 404 4866 470 4932; x_wconf 72' lang='grc' dir='ltr'>ἦν</span> <span class='ocrx_word' id='word_1_654' title='bbox 509 4862 842 4937; x_wconf 80' lang='grc' dir='ltr'>φερωνύμως</span> <span class='ocrx_word' id='word_1_655' title='bbox 899 4866 996 4918; x_wconf 79' lang='grc' dir='ltr'>τοῦ</span> <span class='ocrx_word' id='word_1_656' title='bbox 1054 4859 1342 4937; x_wconf 88' lang='grc' dir='ltr'>πυρώδους</span> <span class='ocrx_word' id='word_1_657' title='bbox 1399 4859 1663 4938; x_wconf 82' lang='grc' dir='ltr'>ἄνθρακος</span> <span class='ocrx_word' id='word_1_658' title='bbox 1724 4861 1956 4939; x_wconf 85' lang='grc' dir='ltr'>λεγόμε-</span> 
     </span>
    </p>
   </div>
   <div class='ocr_carea' id='block_1_100' title="bbox 2102 4859 3709 4942">
    <p class='ocr_par' dir='ltr' id='par_1_100' title="bbox 2109 4870 3709 4941">
     <span class='ocr_line' id='line_1_100' title="bbox 2109 4870 3709 4941; baseline 0 -16"><span class='ocrx_word' id='word_1_659' title='bbox 2109 4872 2394 4927; x_wconf 72' lang='lat' dir='ltr'>rmsertim</span> <span class='ocrx_word' id='word_1_660' title='bbox 2429 4877 2627 4927; x_wconf 89' lang='lat' dir='ltr'>autem</span> <span class='ocrx_word' id='word_1_661' title='bbox 2661 4872 2849 4926; x_wconf 89' lang='lat' dir='ltr'>oculis</span> <span class='ocrx_word' id='word_1_662' title='bbox 2897 4876 2963 4924; x_wconf 91' lang='lat' dir='ltr'>ut</span> <span class='ocrx_word' id='word_1_663' title='bbox 3005 4870 3328 4941; x_wconf 87' lang='lat' dir='ltr'>plurimum</span> <span class='ocrx_word' id='word_1_664' title='bbox 3383 4871 3709 4941; x_wconf 89' lang='lat' dir='ltr'>occupatis,</span> 
     </span>
    </p>
   </div>
   <div class='ocr_carea' id='block_1_101' title="bbox 302 4947 1990 5032">
    <p class='ocr_par' dir='ltr' id='par_1_101' title="bbox 302 4947 1954 5032">
     <span class='ocr_line' id='line_1_101' title="bbox 302 4947 1954 5032; baseline 0.001 -27"><span class='ocrx_word' id='word_1_665' title='bbox 302 4971 419 5020; x_wconf 83' lang='lat' dir='ltr'>vov,</span> <span class='ocrx_word' id='word_1_666' title='bbox 460 4952 580 5015; x_wconf 88' lang='grc' dir='ltr'>καθ’</span> <span class='ocrx_word' id='word_1_667' title='bbox 614 4949 743 5006; x_wconf 78' lang='grc' dir='ltr'>ὅλον</span> <span class='ocrx_word' id='word_1_668' title='bbox 792 4950 885 5024; x_wconf 70' lang='grc' dir='ltr'>μὲν</span> <span class='ocrx_word' id='word_1_669' title='bbox 953 4947 1118 5026; x_wconf 74' lang='grc' dir='ltr'>ἕρπον</span> <span class='ocrx_word' id='word_1_670' title='bbox 1170 4951 1232 5005; x_wconf 89' lang='grc' dir='ltr'>τὸ</span> <span class='ocrx_word' id='word_1_671' title='bbox 1288 4954 1468 5024; x_wconf 85' lang='grc' dir='ltr'>σῶμα,</span> <span class='ocrx_word' id='word_1_672' title='bbox 1530 4950 1834 5032; x_wconf 72' lang='grc' dir='ltr'>σφαλεροὺς</span> <span class='ocrx_word' id='word_1_673' title='bbox 1897 4949 1954 5007; x_wconf 79' lang='grc' dir='ltr'>δὲ</span> 
     </span>
    </p>
   </div>
   <div class='ocr_carea' id='block_1_102' title="bbox 2102 4947 3712 5032">
    <p class='ocr_par' dir='ltr' id='par_1_102' title="bbox 2102 4959 3712 5030">
     <span class='ocr_line' id='line_1_102' title="bbox 2102 4959 3712 5030; baseline 0 -16"><span class='ocrx_word' id='word_1_674' title='bbox 2102 4960 2253 5015; x_wconf 77' lang='lat' dir='ltr'>iulta</span> <span class='ocrx_word' id='word_1_675' title='bbox 2309 4961 2592 5028; x_wconf 86' lang='lat' dir='ltr'>virorum,</span> <span class='ocrx_word' id='word_1_676' title='bbox 2654 4960 2972 5014; x_wconf 88' lang='lat' dir='ltr'>mulierum</span> <span class='ocrx_word' id='word_1_677' title='bbox 3022 4975 3462 5030; x_wconf 89' lang='lat' dir='ltr'>puerorumque</span> <span class='ocrx_word' id='word_1_678' title='bbox 3520 4959 3712 5014; x_wconf 87' lang='lat' dir='ltr'>millia</span> 
     </span>
    </p>
   </div>
   <div class='ocr_carea' id='block_1_103' title="bbox 298 5036 1990 5118">
    <p class='ocr_par' dir='ltr' id='par_1_103' title="bbox 298 5036 1952 5113">
     <span class='ocr_line' id='line_1_103' title="bbox 298 5036 1952 5113; baseline 0.001 -18"><span class='ocrx_word' id='word_1_679' title='bbox 298 5045 416 5103; x_wconf 86' lang='grc' dir='ltr'>τοῖς</span> <span class='ocrx_word' id='word_1_680' title='bbox 448 5040 775 5096; x_wconf 88' lang='grc' dir='ltr'>πεπονθόσιν</span> <span class='ocrx_word' id='word_1_681' title='bbox 806 5039 1035 5095; x_wconf 81' lang='grc' dir='ltr'>ἐνεποίει</span> <span class='ocrx_word' id='word_1_682' title='bbox 1061 5036 1366 5102; x_wconf 83' lang='grc' dir='ltr'>κινδύνους.</span> <span class='ocrx_word' id='word_1_683' title='bbox 1428 5040 1503 5097; x_wconf 86' lang='grc' dir='ltr'>Ού</span> <span class='ocrx_word' id='word_1_684' title='bbox 1539 5041 1646 5113; x_wconf 83' lang='grc' dir='ltr'>μὴν</span> <span class='ocrx_word' id='word_1_685' title='bbox 1700 5038 1755 5096; x_wconf 75' lang='grc' dir='ltr'>δέ</span> <span class='ocrx_word' id='word_1_686' title='bbox 1805 5039 1952 5096; x_wconf 86' lang='grc' dir='ltr'>ἀλλά</span> 
     </span>
    </p>
   </div>
   <div class='ocr_carea' id='block_1_104' title="bbox 2102 5036 3709 5118">
    <p class='ocr_par' dir='ltr' id='par_1_104' title="bbox 2102 5048 3709 5118">
     <span class='ocr_line' id='line_1_104' title="bbox 2102 5048 3709 5118; baseline -0.001 -16"><span class='ocrx_word' id='word_1_687' title='bbox 2102 5049 2504 5106; x_wconf 82' lang='lat' dir='ltr'>iutilaverunt.</span> <span class='ocrx_word' id='word_1_688' title='bbox 2530 5049 2716 5104; x_wconf 89' lang='lat' dir='ltr'>Simul</span> <span class='ocrx_word' id='word_1_689' title='bbox 2748 5054 2805 5104; x_wconf 87' lang='lat' dir='ltr'>et</span> <span class='ocrx_word' id='word_1_690' title='bbox 2826 5048 3049 5102; x_wconf 90' lang='lat' dir='ltr'>bellum</span> <span class='ocrx_word' id='word_1_691' title='bbox 3081 5048 3428 5102; x_wconf 86' lang='lat' dir='ltr'>Armenium</span> <span class='ocrx_word' id='word_1_692' title='bbox 3458 5052 3709 5118; x_wconf 88' lang='lat' dir='ltr'>tyranno</span> 
     </span>
    </p>
   </div>
   <div class='ocr_carea' id='block_1_105' title="bbox 299 5127 1990 5209">
    <p class='ocr_par' dir='ltr' id='par_1_105' title="bbox 299 5127 1944 5207">
     <span class='ocr_line' id='line_1_105' title="bbox 299 5127 1944 5207; baseline -0.001 -22"><span class='ocrx_word' id='word_1_693' title='bbox 299 5130 390 5185; x_wconf 83' lang='grc' dir='ltr'>καὶ</span> <span class='ocrx_word' id='word_1_694' title='bbox 458 5130 594 5184; x_wconf 88' lang='grc' dir='ltr'>κατά</span> <span class='ocrx_word' id='word_1_695' title='bbox 650 5133 756 5186; x_wconf 87' lang='grc' dir='ltr'>τῶν</span> <span class='ocrx_word' id='word_1_696' title='bbox 842 5127 1140 5207; x_wconf 72' lang='grc' dir='ltr'>ὀφθαλμῶν</span> <span class='ocrx_word' id='word_1_697' title='bbox 1201 5129 1482 5204; x_wconf 80' lang='grc' dir='ltr'>ἐξαιρέτως</span> <span class='ocrx_word' id='word_1_698' title='bbox 1530 5128 1618 5184; x_wconf 86' lang='grc' dir='ltr'>ἐπὶ</span> <span class='ocrx_word' id='word_1_699' title='bbox 1691 5128 1944 5186; x_wconf 86' lang='grc' dir='ltr'>πλεῖστον</span> 
     </span>
    </p>
   </div>
   <div class='ocr_carea' id='block_1_106' title="bbox 2102 5127 3703 5209">
    <p class='ocr_par' dir='ltr' id='par_1_106' title="bbox 2102 5137 3703 5209">
     <span class='ocr_line' id='line_1_106' title="bbox 2102 5137 3703 5209; baseline -0.002 -15"><span class='ocrx_word' id='word_1_700' title='bbox 2102 5139 2287 5194; x_wconf 76' lang='lat' dir='ltr'>icidit.</span> <span class='ocrx_word' id='word_1_701' title='bbox 2322 5141 2426 5194; x_wconf 90' lang='lat' dir='ltr'>Tot</span> <span class='ocrx_word' id='word_1_702' title='bbox 2459 5144 2735 5209; x_wconf 87' lang='lat' dir='ltr'>tantaque</span> <span class='ocrx_word' id='word_1_703' title='bbox 2768 5137 2947 5192; x_wconf 90' lang='lat' dir='ltr'>simul</span> <span class='ocrx_word' id='word_1_704' title='bbox 2977 5137 3136 5192; x_wconf 85' lang='lat' dir='ltr'>mala</span> <span class='ocrx_word' id='word_1_705' title='bbox 3178 5137 3385 5191; x_wconf 91' lang='lat' dir='ltr'>eodem</span> <span class='ocrx_word' id='word_1_706' title='bbox 3440 5141 3703 5208; x_wconf 89' lang='lat' dir='ltr'>tempore</span> 
     </span>
    </p>
   </div>
   <div class='ocr_carea' id='block_1_107' title="bbox 299 5213 1990 5299">
    <p class='ocr_par' dir='ltr' id='par_1_107' title="bbox 299 5213 1944 5295">
     <span class='ocr_line' id='line_1_107' title="bbox 299 5213 1944 5295; baseline 0.001 -21"><span class='ocrx_word' id='word_1_707' title='bbox 299 5221 596 5295; x_wconf 86' lang='grc' dir='ltr'>γενόμενον</span> <span class='ocrx_word' id='word_1_708' title='bbox 661 5219 888 5292; x_wconf 86' lang='grc' dir='ltr'>μυρίους</span> <span class='ocrx_word' id='word_1_709' title='bbox 947 5218 1107 5282; x_wconf 73' lang='grc' dir='ltr'>’ὀσους</span> <span class='ocrx_word' id='word_1_710' title='bbox 1165 5215 1358 5292; x_wconf 74' lang='grc' dir='ltr'>ἄνδρας</span> <span class='ocrx_word' id='word_1_711' title='bbox 1418 5213 1531 5294; x_wconf 76' lang='grc' dir='ltr'>ἅμα</span> <span class='ocrx_word' id='word_1_712' title='bbox 1593 5221 1797 5294; x_wconf 81' lang='grc' dir='ltr'>γυναιξὶ</span> <span class='ocrx_word' id='word_1_713' title='bbox 1857 5221 1944 5275; x_wconf 79' lang='grc' dir='ltr'>καὶ</span> 
     </span>
    </p>
   </div>
   <div class='ocr_carea' id='block_1_108' title="bbox 2102 5213 3699 5299">
    <p class='ocr_par' dir='ltr' id='par_1_108' title="bbox 2102 5224 3699 5299">
     <span class='ocr_line' id='line_1_108' title="bbox 2102 5224 3699 5299; baseline 0.001 -19"><span class='ocrx_word' id='word_1_714' title='bbox 2102 5228 2391 5299; x_wconf 81' lang='lat' dir='ltr'>igruentia</span> <span class='ocrx_word' id='word_1_715' title='bbox 2422 5228 2665 5297; x_wconf 90' lang='lat' dir='ltr'>impiam</span> <span class='ocrx_word' id='word_1_716' title='bbox 2715 5227 2996 5281; x_wconf 86' lang='lat' dir='ltr'>adversus</span> <span class='ocrx_word' id='word_1_717' title='bbox 3056 5227 3239 5280; x_wconf 90' lang='lat' dir='ltr'>Deum</span> <span class='ocrx_word' id='word_1_718' title='bbox 3297 5224 3699 5295; x_wconf 89' lang='lat' dir='ltr'>audacemque</span> 
     </span>
    </p>
   </div>
   <div class='ocr_carea' id='block_1_109' title="bbox 295 5306 1990 5388">
    <p class='ocr_par' dir='ltr' id='par_1_109' title="bbox 295 5306 1940 5387">
     <span class='ocr_line' id='line_1_109' title="bbox 295 5306 1940 5387; baseline 0.002 -24"><span class='ocrx_word' id='word_1_719' title='bbox 295 5310 451 5364; x_wconf 75' lang='grc' dir='ltr'>παισὶ</span> <span class='ocrx_word' id='word_1_720' title='bbox 482 5306 694 5381; x_wconf 70' lang='grc' dir='ltr'>πηροὺς</span> <span class='ocrx_word' id='word_1_721' title='bbox 744 5307 1130 5384; x_wconf 82' lang='grc' dir='ltr'>ἀπειργάσατο.</span> <span class='ocrx_word' id='word_1_722' title='bbox 1191 5306 1289 5362; x_wconf 66' lang='grc' dir='ltr'>Καὶ</span> <span class='ocrx_word' id='word_1_723' title='bbox 1347 5307 1438 5362; x_wconf 81' lang='grc' dir='ltr'>σὺν</span> <span class='ocrx_word' id='word_1_724' title='bbox 1495 5311 1710 5372; x_wconf 89' lang='grc' dir='ltr'>τούτοις</span> <span class='ocrx_word' id='word_1_725' title='bbox 1769 5333 1940 5387; x_wconf 82' lang='grc' dir='ltr'>προσ-</span> 
     </span>
    </p>
   </div>
   <div class='ocr_carea' id='block_1_110' title="bbox 2102 5306 3691 5388">
    <p class='ocr_par' dir='ltr' id='par_1_110' title="bbox 2102 5315 3691 5388">
     <span class='ocr_line' id='line_1_110' title="bbox 2102 5315 3691 5388; baseline -0.001 -17"><span class='ocrx_word' id='word_1_726' title='bbox 2102 5319 2182 5382; x_wconf 71' lang='lat' dir='ltr'>ius</span> <span class='ocrx_word' id='word_1_727' title='bbox 2233 5317 2584 5388; x_wconf 89' lang='lat' dir='ltr'>jactantiam</span> <span class='ocrx_word' id='word_1_728' title='bbox 2631 5316 3055 5381; x_wconf 78' lang='lat' dir='ltr'>refutaverunt,</span> <span class='ocrx_word' id='word_1_729' title='bbox 3107 5331 3242 5370; x_wconf 89' lang='lat' dir='ltr'>cum</span> <span class='ocrx_word' id='word_1_730' title='bbox 3300 5315 3350 5368; x_wconf 89' lang='lat' dir='ltr'>is</span> <span class='ocrx_word' id='word_1_731' title='bbox 3409 5331 3477 5369; x_wconf 93' lang='lat' dir='ltr'>eo</span> <span class='ocrx_word' id='word_1_732' title='bbox 3537 5316 3691 5386; x_wconf 93' lang='lat' dir='ltr'>quod</span> 
     </span>
    </p>
   </div>
   <div class='ocr_carea' id='block_1_111' title="bbox 295 5397 1990 5473">
    <p class='ocr_par' dir='ltr' id='par_1_111' title="bbox 295 5397 1937 5473">
     <span class='ocr_line' id='line_1_111' title="bbox 295 5397 1937 5473; baseline 0.002 -20"><span class='ocrx_word' id='word_1_733' title='bbox 295 5399 636 5455; x_wconf 81' lang='grc' dir='ltr'>επανίσταται</span> <span class='ocrx_word' id='word_1_734' title='bbox 693 5401 772 5468; x_wconf 82' lang='grc' dir='ltr'>τῷ</span> <span class='ocrx_word' id='word_1_735' title='bbox 831 5397 1073 5472; x_wconf 82' lang='grc' dir='ltr'>τυράννῳ</span> <span class='ocrx_word' id='word_1_736' title='bbox 1132 5398 1160 5451; x_wconf 88' lang='lat'>6</span> <span class='ocrx_word' id='word_1_737' title='bbox 1212 5398 1342 5472; x_wconf 85' lang='grc' dir='ltr'>πρὸς</span> <span class='ocrx_word' id='word_1_738' title='bbox 1403 5400 1733 5473; x_wconf 77' lang='grc' dir='ltr'>Ἀρμενίους</span> <span class='ocrx_word' id='word_1_739' title='bbox 1772 5401 1937 5456; x_wconf 85' lang='grc' dir='ltr'>πόλε-</span> 
     </span>
    </p>
   </div>
   <div class='ocr_carea' id='block_1_112' title="bbox 2102 5397 3694 5473">
    <p class='ocr_par' dir='ltr' id='par_1_112' title="bbox 2105 5404 3694 5460">
     <span class='ocr_line' id='line_1_112' title="bbox 2105 5404 3694 5460; baseline 0 0"><span class='ocrx_word' id='word_1_740' title='bbox 2105 5405 2383 5460; x_wconf 88' lang='lat' dir='ltr'>mulacris</span> <span class='ocrx_word' id='word_1_741' title='bbox 2413 5404 2677 5460; x_wconf 88' lang='lat' dir='ltr'>divinum</span> <span class='ocrx_word' id='word_1_742' title='bbox 2700 5405 2926 5460; x_wconf 89' lang='lat' dir='ltr'>cultum</span> <span class='ocrx_word' id='word_1_743' title='bbox 2956 5404 3261 5459; x_wconf 86' lang='lat' dir='ltr'>exhiberet</span> <span class='ocrx_word' id='word_1_744' title='bbox 3299 5404 3694 5460; x_wconf 87' lang='lat' dir='ltr'>Christianos-</span> 
     </span>
    </p>
   </div>
   <div class='ocr_carea' id='block_1_113' title="bbox 297 5484 1990 5568">
    <p class='ocr_par' dir='ltr' id='par_1_113' title="bbox 297 5484 1935 5568">
     <span class='ocr_line' id='line_1_113' title="bbox 297 5484 1935 5568; baseline 0.002 -26"><span class='ocrx_word' id='word_1_745' title='bbox 297 5509 422 5563; x_wconf 88' lang='grc' dir='ltr'>μος,</span> <span class='ocrx_word' id='word_1_746' title='bbox 458 5486 667 5561; x_wconf 80' lang='grc' dir='ltr'>ἀθρόως</span> <span class='ocrx_word' id='word_1_747' title='bbox 701 5486 788 5560; x_wconf 70' lang='grc' dir='ltr'>ὑφ’</span> <span class='ocrx_word' id='word_1_748' title='bbox 842 5484 935 5542; x_wconf 76' lang='grc' dir='ltr'>’ἐνα</span> <span class='ocrx_word' id='word_1_749' title='bbox 985 5487 1074 5544; x_wconf 75' lang='grc' dir='ltr'>καὶ</span> <span class='ocrx_word' id='word_1_750' title='bbox 1131 5486 1222 5542; x_wconf 89' lang='grc' dir='ltr'>τὸν</span> <span class='ocrx_word' id='word_1_751' title='bbox 1260 5486 1417 5543; x_wconf 79' lang='grc' dir='ltr'>αὐτὸν</span> <span class='ocrx_word' id='word_1_752' title='bbox 1473 5489 1660 5564; x_wconf 85' lang='grc' dir='ltr'>καιρὸν</span> <span class='ocrx_word' id='word_1_753' title='bbox 1711 5489 1935 5568; x_wconf 78' lang='grc' dir='ltr'>συρῥεύ-</span> 
     </span>
    </p>
   </div>
   <div class='ocr_carea' id='block_1_114' title="bbox 2102 5484 3693 5568">
    <p class='ocr_par' dir='ltr' id='par_1_114' title="bbox 2102 5494 3693 5568">
     <span class='ocr_line' id='line_1_114' title="bbox 2102 5494 3693 5568; baseline 0.001 -17"><span class='ocrx_word' id='word_1_754' title='bbox 2102 5511 2163 5551; x_wconf 79' lang='lat' dir='ltr'>1e</span> <span class='ocrx_word' id='word_1_755' title='bbox 2221 5498 2607 5568; x_wconf 70' lang='lat' dir='ltr'>oppugnaret.</span> <span class='ocrx_word' id='word_1_756' title='bbox 2669 5494 2903 5551; x_wconf 87' lang='lat' dir='ltr'>nullum</span> <span class='ocrx_word' id='word_1_757' title='bbox 2951 5509 3178 5564; x_wconf 86' lang='lat' dir='ltr'>eorum,</span> <span class='ocrx_word' id='word_1_758' title='bbox 3241 5494 3462 5550; x_wconf 86' lang='lat' dir='ltr'>nedum</span> <span class='ocrx_word' id='word_1_759' title='bbox 3514 5494 3693 5553; x_wconf 90' lang='lat' dir='ltr'>simul</span> 
     </span>
    </p>
   </div>
   <div class='ocr_carea' id='block_1_115' title="bbox 364 5665 854 5734">
    <p class='ocr_par' dir='ltr' id='par_1_115' title="bbox 364 5665 854 5734">
     <span class='ocr_line' id='line_1_115' title="bbox 364 5665 854 5734; baseline 0.002 -10"><span class='ocrx_word' id='word_1_760' title='bbox 364 5665 413 5702; x_wconf 81' lang='grc'>⁸³</span> <span class='ocrx_word' id='word_1_761' title='bbox 444 5667 605 5725; x_wconf 79' lang='lat' dir='ltr'>Joan.</span> <span class='ocrx_word' id='word_1_762' title='bbox 642 5683 731 5734; x_wconf 83' lang='lat' dir='ltr'>xv,</span> <span class='ocrx_word' id='word_1_763' title='bbox 766 5665 854 5725; x_wconf 84' lang='grc'>13.</span> 
     </span>
    </p>
   </div>
  </div>
