4118 6288
330 341 442 402 511

1690 343 2006 405 GEORGII
2050 339 2390 406 CEDRENI

3616 341 3735 406 512

333 475 554 544 omnia,
587 476 696 532 sibi
755 476 1142 533 metuendum
1192 491 1398 533 secure
1445 476 1787 550 putavisset.
1843 479 1977 534 Haec

2099 497 2255 532 σαντα
2283 483 2384 546 τῆς
2439 480 2536 532 τοῦ
2595 471 2888 538 δυσσεϐοῦς
2930 473 3265 551 θρασύτητος
3312 475 3413 544 τήν
3463 473 3601 530 κατὰ
3644 479 3742 531 τοῦ

332 584 469 639 ergo
521 567 836 621 confertim
894 567 1218 635 irruerunt,
1270 566 1752 638 principiumque
1802 568 1983 622 simul

335 657 493 710 exitii
525 662 776 727 tyranno
809 656 1074 726 appetiit.
1109 661 1298 725 Atque
1331 656 1381 710 is
1411 657 1651 726 quidem
1688 673 1825 712 cum
1859 657 1982 711 suis

330 744 666 816 legionibus
725 745 881 799 bello
936 746 1214 799 Armenio
1266 745 1670 809 incumbebat,
1720 745 1984 816 reliquos

335 840 536 889 autem
595 834 648 888 ei
709 834 976 889 subditas
1035 834 1212 888 urbes
1272 835 1677 889 inhabitantes
1735 835 1987 906 graviter

330 924 520 980 fames
545 924 833 994 juxtaque
884 924 1066 994 pestis
1114 923 1502 995 afﬂigebant;
1560 941 1626 979 ac
1683 925 1984 979 innumeri

339 1030 446 1084 per
469 1012 668 1078 urbes,
692 1012 894 1083 plures
927 1013 1104 1066 etiam
1137 1029 1242 1083 per
1273 1030 1443 1084 agros
1493 1019 1552 1068 et
1599 1030 1777 1084 pagos
1828 1013 1983 1083 peri-

334 1104 501 1166 bant,
536 1108 591 1157 et
623 1120 806 1173 prope
837 1103 1094 1156 universi
1127 1119 1260 1157 cum
1293 1104 1717 1158 alimentorum
1749 1103 1982 1158 defectu

330 1198 457 1247 tum
487 1197 650 1262 peste
698 1191 1246 1264 exstinguebantur.
1306 1194 1529 1264 Quippe
1581 1193 1682 1247 alii
1717 1193 1984 1264 gramine

329 1286 636 1335 vescentes
679 1297 942 1351 COI‘pOI‘lS
993 1280 1259 1335 habitum
1317 1281 1625 1347 vitiabant,
1674 1282 1871 1352 itaque
1922 1297 1984 1334 se

326 1369 697 1441 perdebant;
731 1368 831 1422 alii
863 1369 1048 1423 macie
1073 1370 1436 1441 consumpti,
1468 1369 1696 1424 umbris
1728 1374 1987 1424 mortuo-

327 1473 462 1510 rum
497 1455 795 1510 assimiles
829 1456 967 1510 hinc
1000 1455 1135 1510 inde
1169 1455 1555 1526 delinquente
1589 1457 1786 1511 animo
1819 1455 1985 1510 ober—

333 1545 562 1612 rabant,
596 1544 1041 1614 titubantesque
1072 1545 1131 1598 in
1164 1544 1375 1616 plateis
1398 1545 1809 1600 concidebant.
1843 1545 1985 1601 Inde

333 1633 496 1688 nuda
525 1633 810 1688 cadavera
841 1633 1180 1704 complures
1213 1633 1339 1688 dies
1371 1635 1694 1706 sepulturaa
1725 1635 1989 1705 expertia

334 1721 586 1792 sparsim
606 1721 893 1792 jacebant
921 1737 988 1775 ac
1021 1722 1424 1792 spectaculum
1466 1723 1847 1778 cernentibus
1876 1723 1988 1778 mi-

2085 571 2219 622 Θεοῦ
2250 565 2654 644 μεγαλαυχίαν,
2687 565 2770 620 ὅτι
2812 563 2880 635 δὴ
2911 567 3010 633 τῆς
3044 563 3169 639 περὶ
3200 565 3267 618 τὰ
3321 560 3528 618 εἴδωλα
3580 585 3747 620 σπου-

2085 652 2185 725 δῆς
2217 655 2384 710 αὐτοῦ
2413 655 2502 710 καὶ
2529 661 2630 724 τῆς
2667 657 2786 718 καθ’
2851 655 3013 726 ἡμῶν
3062 651 3218 708 ἕνεκα
3279 651 3606 726 πολιορκίας
3666 654 3744 726 μή

2086 741 2253 816 λιμὸν
2291 741 2431 816 μηδὲ
2464 743 2660 816 λοιμὸν
2693 744 2832 814 μήτε
2874 743 2980 816 μὴν
3013 740 3262 813 πόλεμον
3293 739 3381 796 ἐπὶ
3431 741 3522 796 τὸν
3579 742 3744 797 αὐτοῦ

2087 831 2360 907 συμϐῆναι
2418 836 2605 910 καιρὸν
2676 829 3018 908 ἐνηϐρύνετο.
3079 836 3262 891 Ταῦτα
3337 829 3406 902 δὴ
3468 833 3562 888 οῦν
3627 835 3741 908 ἅμα

2084 925 2172 980 καὶ
2203 925 2339 980 κατὰ
2367 925 2558 979 ταυτὸν
2598 923 2865 994 ἐπῆλθον,
2894 925 2984 978 καὶ
3031 929 3134 992 τῆς
3180 923 3298 977 κατ’
3362 921 3523 978 αὺτὸν
3572 945 3734 979 κατα-

2089 1015 2327 1090 στροφῆς
2385 1011 2731 1089 περιειλήφει
2783 1013 2849 1066 τὰ
2905 1031 3194 1088 προοιμια.
3257 1011 3431 1075 Αὐτὸς
3493 1013 3585 1082 μὲν
3645 1013 3736 1067 οὖν

2087 1103 2179 1157 τὸν
2209 1104 2345 1173 πρὸς
2377 1101 2699 1176 Ἀρμενίους
2732 1100 2974 1173 πόλεμον
3033 1100 3148 1174 ἃμα
3193 1107 3308 1162 τοῖς
3359 1101 3522 1156 αὐτοῦ
3570 1122 3726 1176 στρα-

2086 1190 2340 1254 τοπέδοις
2372 1197 2744 1260 κατεπονεῖτο,
2775 1191 2902 1252 τοὺς
2952 1187 3012 1245 δέ
3067 1189 3297 1252 λοιποὺς
3351 1195 3456 1244 τῶν
3505 1192 3600 1252 τὰς
3656 1193 3742 1244 ὑπ’

2089 1281 2248 1336 αὐτὸν
2281 1279 2474 1343 πόλεις
2535 1279 2625 1335 καὶ
2678 1281 2866 1356 ’χώρας
2925 1279 3219 1334 οἰκούντων
3297 1277 3487 1340 δεινῶς
3520 1281 3548 1334 6
3579 1278 3746 1352 λιμὸς

2093 1371 2207 1443 ἅμα
2227 1370 2317 1424 καὶ
2342 1371 2370 1425 ὁ
2397 1369 2594 1442 λοιμὸς
2617 1369 2936 1444 κὰτέτρυχε,
2957 1368 3047 1423 καὶ
3079 1369 3266 1442 μυρίοι
3297 1369 3392 1440 μέν
3439 1367 3735 1442 ἐτύγχανον

2092 1461 2144 1513 οἱ
2175 1458 2311 1514 κατᾶ
2340 1457 2532 1520 πόλεις
2567 1459 2870 1528 Θνήκοντες,
2909 1456 3134 1518 πλείους
3168 1453 3225 1510 δέ
3281 1457 3332 1510 οἱ
3370 1456 3483 1510 κατ’
3530 1455 3735 1530 ἀγροὺς

2091 1547 2181 1603 καὶ
2213 1549 2425 1620 κώμας,
2458 1547 2704 1602 ἁπάντων
2729 1543 2925 1624 σχεδὸν
2957 1552 3164 1623 τροφῆς
3196 1541 3370 1615 ἐνδείᾳ
3401 1543 3489 1618 κριὶ
3520 1542 3748 1616 λοιμώο

2095 1633 2174 1691 δει
2206 1636 2350 1709 νόσῳ
2381 1635 2810 1715 διεφθαρμένων.
2845 1635 2948 1692 Καὶ
2977 1636 3080 1711 γὰρ
3110 1635 3166 1690 o't
3194 1637 3288 1707 μὲν
3319 1633 3520 1712 χόρτον
3556 1629 3764 1705 διαμαον

2098 1727 2335 1800 σώμενοι
2367 1725 2456 1780 καὶ
2487 1727 2588 1794 τὴν
2619 1722 2725 1794 έξιν
2767 1723 3162 1797 λυμαίνόμενοι
3217 1719 3550 1792 διώλλυντο,
3591 1721 3641 1775 οἳ
3693 1718 3754 1774 δέ

335 1811 589 1865 serabile
621 1809 1005 1875 exhibebant,
1027 1811 1299 1882 quaedam
1320 1811 1498 1867 etiam
1520 1828 1555 1866 a
1576 1812 1819 1868 canibus
1840 1811 1986 1866 diri-

2099 1815 2505 1884 ἀπεσκληκότες
2582 1812 2765 1890 ὥσπερ
2851 1811 3060 1868 εἴδωλα
3114 1812 3301 1888 νεκρὰ,
3369 1809 3476 1866 ὦδε
3531 1810 3749 1865 κάκεῖσε

334 1900 968 1971 piebantur.Caaterum
992 1901 1143 1954 469
1167 1901 1349 1971 pestis
1372 1917 1579 1956 omnes
1592 1901 1801 1956 domos
1817 1901 1990 1972 depo-

331 1989 668 2060 pulabatur.
703 1991 902 2060 Neque
933 1991 1122 2045 multo
1157 1997 1290 2062 post
1321 1993 1431 2063 ipsi
1465 1993 1700 2063 tyranni
1745 1991 1985 2063 dignam

332 2081 656 2152 impietatis
683 2099 803 2136 suae
835 2083 1170 2137 mercedem
1196 2083 1482 2146 tulerunt,
1510 2084 1687 2139 veluti
1710 2083 1988 2138 arrhabo-

332 2187 470 2225 nem
502 2171 863 2242 accipientes
897 2188 1100 2226 eorum
1125 2172 1555 2243 suppliciorum
1584 2173 1798 2243 quibus
1822 2177 1990 2227 erant

333 2264 472 2330 post
503 2263 756 2314 mortem
787 2259 1106 2314 alliciendi.
1138 2262 1282 2315 Nam
1313 2261 1735 2335 Diocletianus,
1760 2278 1893 2316 cum
1925 2277 1988 2315 se

332 2347 588 2418 imperio
647 2347 1055 2414 abdicavisset,
1109 2349 1523 2421 gravissimum
1594 2351 1654 2404 in
1711 2350 1986 2405 morbum

335 2435 569 2503 incidit,
604 2436 773 2506 cujus
805 2435 1108 2491 doloribus
1139 2438 1586 2493 vehementibus
1637 2443 1822 2493 totum
1853 2455 1987 2493 cor-

342 2541 450 2596 pus
482 2524 876 2597 afﬂigebatur,
907 2526 1133 2582 viscera
1177 2527 1649 2582 inﬂammatione
1698 2529 1990 2584 acerrima

339 2615 893 2685 corrumpebantur,
921 2631 1176 2686 caroque
1197 2617 1472 2672 universa
1501 2633 1650 2672 cerae
1675 2618 1735 2672 in
1761 2633 1985 2672 morem

339 2705 794 2776 colliquabatur.
837 2707 986 2771 Quin
1045 2714 1103 2762 et
1153 2708 1484 2764 luminibus
1541 2711 1725 2765 miser
1781 2715 1986 2780 captus

339 2801 515 2866 atque
547 2796 854 2852 mutilatus
886 2802 993 2852 est.
1039 2798 1263 2853 Exinde
1321 2800 1739 2856 miserabiliter
1786 2804 1986 2872 putre-

341 2887 478 2941 dine
496 2887 842 2958 absumptus
856 2905 924 2943 ex
941 2889 1210 2945 faucibus
1232 2891 1674 2947 multitudinem
1697 2896 1986 2950 vermium

343 2975 472 3047 ipsa
504 2993 636 3031 cum
669 2977 892 3049 lingua,
927 2994 1056 3048 qum
1087 2984 1548 3050 computruerat,
1580 2981 1785 3052 ejecit;
1807 2990 1986 3056 atque

338 3065 484 3121 adeo
514 3066 576 3120 in
609 3066 900 3137 sepulcris
949 3069 1353 3125 coniectorum
1403 3071 1753 3127 cadaverum
1797 3074 1984 3130 fetore

2102 1904 2576 1980 ψυχορραγοῦντες
2635 1902 2961 1975 ἐνσειόμενοί
3017 1923 3077 1956 τε
3133 1902 3223 1956 καὶ
3279 1898 3747 1973 περιολισθιίνον-

2099 2015 2205 2062 τες,
2259 1994 2586 2049 κατέπιπτον
2647 1991 2699 2047 έν
2757 1997 2876 2054 ταῖς
2931 1990 3265 2052 πλαττείαις.
3360 1991 3512 2053 Ὅθεν
3576 1989 3741 2062 νεκρᾶ

2101 2085 2328 2156 σώματα
2382 2081 2472 2137 καί
2529 2082 2727 2158 γυμνὰ,
2804 2081 2888 2158 ἐφ’
2960 2081 3194 2153 ἡμέραις
3265 2076 3511 2133 πλείοσιν
3567 2075 3744 2157 ἄταφα

2101 2173 2480 2252 διερριμμένα,
2543 2175 2662 2238 θέαν
2720 2173 2938 2247 οἰκτρὰν
3000 2172 3090 2228 καὶ
3169 2170 3404 2239 ἐλεεινὴν
3478 2175 3749 2249 παρεῖχον

2097 2270 2212 2325 τοῖς
2244 2263 2466 2338 ὁρῶσιν,
2505 2258 2614 2332 ἤδη
2671 2261 2733 2335 γέ
2786 2281 2871 2315 τοι
2927 2260 3018 2315 καὶ
3075 2264 3250 2314 κυνῶν
3305 2279 3441 2320 τινες
3502 2256 3747 2334 ἐγένοντο

2103 2352 2262 2428 βορά.
2304 2351 2427 2425 Οὐχ
2465 2351 2662 2421 ἣκιστα
2717 2347 2774 2404 δὲ
2821 2349 2911 2404 καὶ
2971 2349 2998 2404 ὁ
3044 2349 3244 2421 λοιμὸς
3297 2348 3498 2409 πάντας
3559 2347 3746 2409 οἳκους

2101 2441 2406 2514 ἐπενέμετο.
2440 2441 2567 2496 Μετ’
2618 2437 2680 2494 ού
2736 2436 2880 2493 πολὺ
2933 2435 2990 2492 δὲ
3027 2438 3117 2492 καὶ
3167 2436 3318 2492 αὐτοὶ
3376 2438 3427 2492 οἱ
3485 2437 3738 2510 τύραννοι

2099 2532 2218 2603 ἄξια
2253 2533 2354 2600 τῆς
2423 2525 2730 2592 δυσσεϐείας
2788 2529 2963 2584 αὐτῶν
3023 2529 3090 2584 τὰ
3147 2527 3398 2603 ἐπίχειρα
3444 2527 3741 2600 ἐκομίσαν-

2095 2641 2181 2689 το,
2241 2620 2407 2676 οίονεὶ
2468 2615 2756 2696 ἀρραϐῶνα
2810 2623 2920 2673 τῶν
2983 2617 3299 2691 μελλόντων
3357 2616 3552 2677 αὐτοὺς
3615 2616 3750 2690 μετὰ

2099 2709 2324 2765 θάνατον
2384 2706 2722 2780 διαδέξασθαι
2779 2713 3066 2783 τιμωριῶν
3127 2705 3364 2769 ἐντεῦθεν
3439 2705 3746 2778 κομιζόμε-

2093 2819 2198 2856 νοι.
2234 2798 2394 2870 Νόσῳ
2433 2799 2537 2874 γὰρ
2597 2795 2876 2870 δεινοτάτῃ
2933 2797 2961 2851 6
3019 2793 3410 2864 Διοκλητιανὸς
3453 2793 3587 2867 μετᾶ
3641 2796 3738 2864 τῆν

2097 2887 2350 2951 ἀπόθεσιν
2379 2893 2480 2956 τῆς
2536 2885 2816 2963 βασιλείας
2875 2885 3177 2960 περιπεσὼν
3236 2881 3535 2958 ἀλγηδόσῖν
3591 2884 3737 2956 ἰσχυ-

2100 2982 2216 3051 ραῖς
2281 2978 2380 3045 τήν
2443 2976 2611 3046 σάρκα
2667 2979 2839 3030 πᾶσαν
2895 2972 3299 3049 διελυμαίνετο,
3356 2973 3442 3027 καὶ
3511 2973 3577 3026 τὰ
3637 2971 3728 3044 μὶν

2097 3061 2291 3143 ἔγκατα
2336 3064 2704 3143 διεφθείροντο
2766 3064 2870 3119 ὑπὸ
2918 3071 3018 3134 τῆς
3075 3059 3449 3138 σφοδροτάτης
3503 3059 3728 3138 φλογώ-

333 3154 518 3210 nihilo
551 3155 767 3210 melius
796 3157 987 3212 fetuit.
1025 3162 1184 3213 Inter
1213 3159 1338 3214 hac
1391 3159 1494 3215 ille
1525 3162 1758 3232 spirans
1808 3167 1983 3234 atque

2099 3176 2255 3223 σεως,
2287 3157 2322 3224 ἡ
2357 3152 2414 3209 δὶ
2445 3154 2570 3228 σὰρξ
2625 3158 2770 3208 πᾶσα
2824 3156 2998 3227 κηροῦ
3057 3149 3218 3222 δίκηυ
3281 3149 3579 3220 διε-τήκετο.
3637 3148 3739 3205 Καὶ

333 3261 577 3316 gemens
607 3249 858 3299 mortem
893 3245 1220 3316 invocabat,
1255 3254 1431 3318 atque
1464 3255 1727 3305 extremo
1769 3252 1982 3323 spiritu

334 3332 459 3386 hmo
490 3332 665 3386 verba
696 3332 916 3386 edidit:
948 3335 1042 3387 Vaa
1075 3334 1398 3390 miserabili
1432 3338 1574 3392 mihi
1599 3344 1657 3394 et
1679 3340 1854 3411 digno
1883 3341 1982 3411 qui

334 3421 608 3492 lugeatur
641 3437 652 3473 :
688 3437 870 3490 quam
901 3421 1098 3492 justas
1165 3439 1433 3480 meorum
1491 3427 1553 3481 in
1613 3429 1981 3484 Christianos

334 3508 657 3579 impiorum
691 3514 1010 3564 conatuum
1043 3527 1245 3582 pinnas
1277 3513 1469 3584 pendo
1501 3513 1513 3568 l
1549 3517 1680 3572 Haac
1731 3517 1980 3573 scelesto

330 3597 424 3678 illi
461 3603 666 3668 postea
699 3599 983 3669 temporis
1013 3608 1356 3656 evenerunt.

2101 3245 2193 3299 σὺν
2222 3242 2439 3308 τούτοις
2477 3241 2835 3322 ἐκτυφλοῦται
2893 3243 2986 3296 καῖ
3035 3242 3213 3316 πηρὸς
3247 3241 3274 3295 6
3306 3237 3545 3301 δείλαιος
3607 3239 3742 3292 ἀπο-

2091 3334 2428 3392 καθίσταται.
2481 3335 2773 3397 Κάντεῦθεν
2829 3331 3078 3393 ἐλεεινῶς
3139 3327 3584 3408 διαφθειρόμενος
3649 3327 3741 3382 καὶ

2094 3422 2283 3486 δεινῶς
2336 3425 2784 3496 κατασηπόμενος
2868 3420 3174 3492 σκωλήκων
3241 3418 3456 3488 πλῆθος
3525 3417 3586 3473 έκ
3636 3420 3737 3472 τοῦ

2093 3514 2375 3590 φάρυγγος
2434 3513 2656 3592 ἀνέφερε
2729 3510 2820 3566 σὺν
2876 3512 2945 3581 τῇ
3003 3509 3226 3587 γλώσσῃ
3288 3507 3452 3563 αὐτοῦ
3507 3527 3738 3563 κατασα-

2091 3604 2272 3678 πείσῃ.
2305 3601 2588 3672 Τοσαύτην
2621 3598 2714 3655 οῦν
2773 3597 3036 3654 δυσωδίαν
3094 3597 3386 3670 ἐξέπεμπεν
3445 3596 3520 3658 ὡς
3579 3592 3735 3650 οὐδέν

333 3689 441 3740 τῶν
475 3684 527 3739 ἐν
579 3684 771 3762 τάφοις
837 3683 1197 3752 διαλυθέντων
1249 3695 1452 3764 νεκρῶν
1511 3689 1798 3771 διαφέρειν.
1853 3695 1914 3752 Ὀ
1974 3692 2031 3750 δέ
2081 3695 2342 3768 τύραννος
2399 3689 2452 3746 ἐν
2497 3690 2714 3751 τούτοις
2772 3687 3014 3762 ἐμπνέων
3066 3687 3316 3756 στενάξας
3371 3687 3594 3740 θάνατον
3653 3684 3749 3738 έπ-

333 3772 826 3846 εκαλεῖτο,καὶτά
848 3776 1134 3832 τελεύταῖα
1174 3775 1348 3833 πνέων
1409 3775 1534 3857 ἔφη.
1596 3782 1661 3836 Οἲ
1725 3804 1820 3856 μοι
1873 3789 1952 3856 τῷ
2013 3782 2236 3854 ἐλεεινῷ
2289 3781 2379 3836 καὶ
2432 3781 2644 3855 θρήνων
2702 3779 2858 3851 ἆξιῳ,
2919 3777 3108 3832 ὁποίαν
3167 3781 3276 3831 τῶν
3343 3775 3420 3838 εἰς
3477 3777 3747 3850 Χριστια-

335 3868 466 3924 νούς
539 3885 632 3936 μοι
691 3864 1120 3938 τετολμημένων
1175 3863 1433 3923 ἀσεϐειῶν
1492 3869 1641 3940 ἀξίαν
1693 3868 1883 3947 ὑπέχω
1937 3873 2037 3942 τήν
2086 3870 2402 3946 τιμωρίανί
2456 3867 2558 3926 Καὶ
2615 3867 2782 3922 ταῦτα
2852 3867 2946 3939 μὶν
3004 3864 3222 3940 ὕστερον
3291 3859 3607 3938 συμϐέϐηκε
3659 3868 3743 3936 τῷ

342 3950 639 4024 ἀλιτηρίῳ.

412 4044 576 4095 Nono
609 4047 804 4097 autem
851 4049 907 4098 et
935 4043 1163 4101 decimo
1217 4047 1305 4102 sui
1353 4049 1589 4120 imperii
1641 4065 1796 4106 anno
1842 4052 1991 4107 Con-

343 4130 649 4197 stantium,
683 4132 851 4202 quia
890 4134 1115 4204 pallore
1165 4135 1334 4191 faciei
1389 4138 1587 4193 Chlori
1643 4156 1991 4212 cognomem

339 4221 494 4288 tulit,
527 4225 585 4274 et
635 4222 1055 4277 Maximianum
1107 4225 1404 4281 Galerium
1457 4229 1716 4283 Caasares
1756 4246 1992 4285 creave-

331 4315 474 4367 runt
503 4310 906 4368 Diocletianus
939 4315 1438 4382 etMaximianus;
1465 4318 1654 4389 iisque
1677 4335 1988 4390 persuase-

335 4406 477 4456 runt
507 4405 572 4453 ut
632 4400 894 4456 dimissis
953 4419 1100 4472 quas
1161 4405 1315 4458 470
1365 4405 1660 4463 habebant
1706 4409 1989 4463 uxoribus

340 4489 496 4542 ﬁlias
533 4489 799 4558 ipsorum
858 4491 1163 4546 ducerent.
1215 4495 1580 4551 Theodoram
1626 4497 1791 4553 duxit
1836 4499 1986 4553 Con-

337 4577 610 4643 stantius,
647 4578 940 4633 Valeriam
973 4581 1241 4636 Galerius
1273 4583 1621 4640 Diocletiani
1655 4586 1864 4644 filiam.

414 4666 653 4720 Decimo
686 4683 839 4722 anno
873 4685 1007 4723 cum
1039 4670 1398 4727 Alexandria
1423 4678 1482 4728 et
1509 4676 1783 4745 Egyptus
1837 4675 1985 4731 duce

339 4753 568 4808 Achille
599 4755 1011 4824 rebellassent,
1045 4759 1273 4832 impetu
1323 4764 1723 4818 Romanorum
1775 4780 1986 4836 magna

341 4849 432 4898 est
461 4843 619 4897 edita
648 4849 890 4916 strages.

408 4933 730 4988 Undecimo
753 4952 909 4992 anno
943 4939 1333 4995 terribibilem
1369 4941 1427 4995 in
1460 4941 1826 4996 Christianos
1848 4958 1986 5012 per-

336 5024 705 5079 secutionem
738 5028 1072 5083 excitarunt
1102 5030 1408 5102 multaque
1435 5037 1577 5086 sunt
1608 5031 1800 5086 millia
1829 5048 1988 5086 mar-

333 5117 531 5183 tyrum
561 5113 734 5170 facta.
769 5116 901 5170 Fuit
932 5119 980 5170 is
1012 5134 1205 5174 annus
1235 5118 1441 5174 mundi
1492 5122 1651 5174 5787.
1699 5121 1858 5176 Tunc
1907 5121 1990 5176 ait

335 5201 625 5257 Eusebius
656 5204 991 5262 Adauctum
1050 5208 1396 5280 magistrum
1446 5209 1628 5264 fuisse
1682 5209 1988 5282 religionis

2173 4051 2259 4122 [P.
2291 4049 2418 4120 268]
2447 4049 2536 4118 Τῷ
2566 4043 2624 4101 δὶ
2655 4045 2699 4108 θ’
2727 4043 2817 4100 καὶ
2853 4051 2881 4098 ι’
2929 4039 3032 4098 ἔτει
3077 4049 3176 4112 τῆς
3229 4040 3513 4118 βασιλείας
3577 4041 3746 4096 αὐτοῦ

2101 4139 2476 4195 Κωνστάντιον
2508 4136 2601 4191 τὸν
2655 4135 2953 4213 λεγόμενον
3006 4133 3232 4205 ΧΑωρὸν
3284 4130 3374 4187 διὰ
3415 4133 3512 4200 τὴν
3564 4131 3748 4206 ὠχρό-

2099 4249 2238 4300 τητα
2275 4232 2373 4282 τοῦ
2429 4227 2725 4302 προσώπου
2785 4222 2949 4280 αὺτοῦ
3004 4223 3096 4277 καὶ
3149 4223 3486 4294 Μαξιμιανὸν
3547 4219 3754 4277 Γαλλέ-

2101 4337 2220 4394 ριον
2244 4317 2521 4391 Καίσαρας
2563 4302 2847 4386 ἐποίησαν,
2904 4312 3181 4373 πείσαντες
3231 4312 3327 4373 τὰς
3381 4309 3519 4372 ἰδίας
3567 4308 3739 4364 αὒτῶν

2098 4403 2498 4467 καταλιπόντας
2541 4403 2779 4480 γαμετὰς
2818 4401 2914 4464 τὰς
2965 4400 3142 4455 αὐτῶν
3192 4399 3476 4474 εἰληφέναι
3524 4399 3748 4476 θυγατέ-

2098 4517 2216 4571 ρας.
2249 4492 2506 4563 Θεοδώρα
2551 4497 2616 4562 ῆν
2677 4497 2773 4548 τοῦ
2833 4489 3202 4546 Κωνσταντίου
3250 4489 3339 4544 καὶ
3400 4487 3667 4564 Βαλλερία
3707 4490 3742 4558 ἡ

2014 4619 2061 4684 D
2097 4590 2193 4641 τοῦ
2223 4583 2526 4658 Γαλλερίου
2555 4584 2680 4684 ἣξεοι
2711 4578 2807 4635 τοῦ
2839 4578 3234 4684 Διοκλζητιᾳανοιῦ
3266 4580 3526 4684 θυγάτηρ.

2165 4678 2262 4747 Τῷ
2295 4675 2324 4728 ι“
2370 4672 2535 4728 αὐτοῦ
2585 4669 2691 4726 ἔτει
2721 4691 2820 4739 της
2868 4666 3270 4740 Ἀλεξανδρείας
3319 4668 3411 4721 σὺν
3456 4671 3525 4741 τῇ
3571 4665 3740 4743 Αίγύ-

2093 4785 2213 4837 πτῳ
2253 4763 2356 4818 ὕπὸ
2386 4763 2398 4785 ’
2427 4759 2724 4837 Αχιλλέως
2779 4757 3259 4827 ἀποστατησάσης,
3326 4760 3396 4831 τῇ
3454 4751 3739 4831 προσϐολῇ

2097 4858 2206 4910 τῶν
2246 4850 2538 4925 Ῥωμαίων
2569 4848 2820 4904 πλεῖστοι
2847 4847 3200 4923 ἀνῃρέθησαν.

2167 4941 2260 5013 Τῷ
2321 4940 2388 4994 ια’
2449 4936 2554 4993 ἔτει
2626 4937 2848 5014 φρικτὸν
2909 4932 3154 5010 διωγμὸν
3215 4935 3351 4989 κατὰ
3407 4935 3742 5009 Χριστιανῶν

2099 5029 2400 5107 ἐγείραντες
2485 5027 2702 5090 πολλὰς
2789 5021 3054 5100 μυριάδας
3131 5023 3406 5098 μάρτυρας
3461 5023 3745 5092 ἐποίησαν.

2097 5122 2276 5177 Τοῦτο
2309 5111 2428 5179 ἔτος
2457 5117 2525 5186 ἧν
2552 5119 2648 5170 τοῦ
2695 5115 2907 5188 κόσμύυ
2965 5113 3153 5189 γεψπζκ
3225 5111 3326 5169 Καί
3378 5133 3539 5190 φησιν
3580 5110 3749 5168 Εὐσέ-

2100 5201 2219 5268 ϐιος
2284 5205 2368 5259 ὅτι
2427 5201 2742 5282 ’Ἂδαγκτος
2827 5204 2939 5276 (⁸76)
3031 5201 3324 5275 μάγιστρος
3384 5199 3744 5276 ἐμαρτύρησε.

1539 5333 1903 5391 XYLANDRI
1939 5335 2026 5390 ET
2068 5332 2284 5391 GOARI
2325 5331 2548 5387 ΝΟΤᾹΞ.

361 5449 517 5535 “(76)
555 5451 1070 5535 [θεοβΑβαυκ-εον,
1123 5477 1253 5535 quae
1311 5466 1397 5514 est
1447 5459 1678 5535 Eusebii
1733 5479 1848 5535 vi",
1901 5466 1989 5530 71,

332 5521 592 5604 litteras
627 5521 1304 5604 νὶιὶο“1ἱὶ)ι·θι·ἰὶ’βὲιτίῐδ
1359 5537 1414 5604 et
1464 5533 1686 5599 Latina,
1739 5521 1992 5604 ideoque

333 5593 480 5676 italo
515 5610 636 5676 non
667 5596 822 5676 male
845 5602 1244 5676 conveniens;
1280 5603 1484 5676 quales
1518 5593 1989 5676 sunt'llonorati,

335 5666 664 5738 Consentii,
727 5667 1076 5739 Innocentii,
1129 5666 1403 5730 aliorum.
1455 5675 1621 5738 Quod
1671 5681 1870 5732 autem
1919 5666 1992 5732 de

2095 5458 2225 5530 ejus
2257 5472 2437 5530 uxore
2471 5460 2528 5510 et
2559 5454 2802 5530 filiabus
2829 5452 3044 5530 refert,
3057 5451 3117 5530 id
3139 5451 3430 5530 Eusebius
3453 5451 3758 5530 capitese-

2094 5521 2303 5610 q'uenti
2334 5543 2712 5610 nequaquam
2726 5526 2837 5610 _his
2862 5523 3098 5610 tribuit,
3121 5522 3235 5610 ‘sed
3257 5523 3419 5610 ,διὶἱὶ
3441 5521 3599 5594 apud
3632 5527 3756 5610 An:

2095 5592 2575 5655 tiochenam'hoé
2606 5598 2781 5654 modo
2827 5602 3033 5668 stupro
3084 5595 3322 5668 elapsis.
3367 5592 3561 5668 Porro
3604 5592 3749 5664 quid

2094 5671 2397 5744 dignitatis
2458 5671 2534 5726 sit
2582 5670 2885 5742 magister,
2929 5665 3015 5724 'ex
3065 5665 3302 5724 Eusebii
3349 5665 3422 5721 de
3479 5666 3744 5722 Adaucto
