4118 6288
351 420 467 482 513

1491 420 2033 486 HISTORIABUM
2080 421 2622 486 COMPENDIUM.

3646 437 3763 496 514

355 555 471 623 Τὴν
499 550 556 608 δὲ
585 553 837 627 γυναικὸς
868 552 1032 609 αὐτοῦ
1087 554 1176 609 καὶ
1224 559 1332 612 τῶν
1361 552 1670 631 θυγατέρων
1725 551 1998 628 ζητουμέ-

2122 572 2290 612 :ausa
2320 559 2610 631 supplicio
2650 562 2948 632 affectum,
2991 581 3238 620 uxorem
3296 573 3494 622 autem
3552 569 3680 638 ejus
3708 576 3764 625 et

353 665 482 710 νων,
515 641 603 697 διὰ
629 643 693 696 τὸ
736 644 812 715 μὴ
864 641 1218 723 διαφθαρῆναι
1275 647 1374 715 τὴν
1435 645 1786 722 σωφρονύνην
1815 644 2006 704 ἑαυτὰς

361 730 579 806 ἕῤῥίψαν
660 732 798 785 κατὰ
851 735 947 786 τοῦ
1003 737 1274 806 ποταμοῦ.
1326 736 1596 804 Ζητητέον
1649 733 1747 789 οὖν
1791 732 1838 787 εἰ
1889 733 2005 807 ἀρι-

359 824 620 892 θμοῦνται
653 820 729 881 εἰς
757 821 1049 898 μάρτυρας.

426 908 514 981 Τῷ
546 910 617 984 ιβ’
657 907 761 964 ἔτει
821 913 1156 984 Μαξιμιανὸς
1186 913 1214 966 6
1247 910 1567 986 Ἐρκούλιος
1626 911 1866 974 Γαλλίας
1914 911 2006 966 καὶ

359 999 698 1072 Βρεττανίας,
760 1003 1128 1062 Κωνστάντιος
1186 999 1242 1056 δὲ
1292 999 1550 1064 Ἀλανίας
1602 1001 1691 1056 καὶ
1742 1002 2007 1077 Ἀφρικῆς

349 1085 451 1160 ,ἐκρ
460 1109 559 1158 ατη
568 1109 660 1142 σαν
671 1129 683 1144 .

427 1178 522 1247 Τῷ
581 1178 649 1251 ιγ’

359 1260 578 1321 ἔϐαλον.

732 1173 839 1232 ἓτει
891 1176 1018 1241 τοὺς
1098 1178 1150 1233 ἐν
1210 1178 1459 1252 στρατείᾳ
1511 1180 1864 1254 Χριστιανοὺς
1923 1177 2002 1249 ἐξ·

427 1356 521 1425 Τῷ
579 1355 642 1423 ιζ’
701 1355 729 1409 6
783 1354 1076 1431 Γαλλὲριος
1128 1359 1470 1431 Μαξιμιανος
1547 1357 1685 1412 κατὰ
1746 1357 2005 1431 Ναρσέως
2094 1402 2096 1405 .

353 1448 450 1497 τοῦ
500 1447 608 1498 τῶν
670 1449 887 1519 Περσῶν
979 1445 1250 1521 βασιλέως
1311 1443 1597 1522 ἐκδραμὼν
1655 1450 1848 1500 τοῦτον
1909 1447 2002 1519 μὲν

353 1531 558 1604 ἐδίωξε,
589 1535 687 1603 τὴν
718 1530 775 1588 δὲ
805 1539 1034 1608 γυναῖκα
1077 1535 1242 1590 αὐτοῦ
1304 1534 1640 1612 ἀφελόμενος
1686 1535 1778 1589 καὶ
1835 1534 2006 1588 πάντα

354 1621 419 1675 τὰ
447 1621 637 1690 αὐτοῦ,
662 1621 753 1676 καὶ
813 1624 1022 1698 σφαγὴν
1084 1621 1328 1698 μεγάλην
1384 1624 1643 1693 ποιήσας,
1708 1623 2004 1696 ὑπέστρεψε

353 1710 492 1784 πρὸς
568 1711 954 1782 Διοκλητιανὸν
993 1756 1006 1781 ,
1083 1715 1171 1767 καὶ
1257 1712 1518 1788 βαλάντια
1592 1710 2006 1787 πεπληρωμένα

355 1794 500 1874 ἔχων
533 1797 700 1854 λίθων
732 1801 933 1873 τιμίων
963 1802 1052 1856 καὶ
1087 1807 1450 1877 μαργαριτῶν,
1509 1802 1600 1879 ἀφ’
1657 1801 1730 1856 ὧν
1785 1806 2001 1875 πρῶτος

358 1889 746 1960 Διοκλητιανὸς
801 1891 983 1960 ἕσθῆτι
1043 1893 1133 1946 καὶ
1188 1889 1503 1964 ὑποδήμασι
1562 1889 1740 1956 λίθοις
1793 1889 2001 1963 τιμίοις

357 1979 446 2034 καὶ
498 1985 687 2054 χρυσῷ
741 1983 1178 2053 κεκοσμημένοις
1233 1981 1532 2060 ἐχρήσατο,
1590 1980 2006 2056 προσκυνεῖσθαί

354 2089 411 2123 τε
443 2069 628 2124 ἑαυτὸν
676 2070 821 2144 παρὰ
849 2070 911 2124 τὸ
960 2068 1010 2140 ἐξ
1041 2070 1220 2146 ἀρχῆς
1265 2065 1386 2132 ἔθος
1414 2068 1659 2125 ἓκέλευσε
1685 2069 1776 2124 καὶ
1809 2068 2009 2143 θρίαμ-

353 2153 445 2212 ϐον
507 2157 834 2213 ἐπετέλεσεν.
908 2160 1219 2233 Ὠνομάσθη
1299 2157 1357 2214 δὲ
1412 2155 1682 2232 θρίαμϐος
1738 2159 1843 2214 ἀπὸ
1898 2163 2006 2214 τῶν

349 2245 493 2301 ἐπῶν
545 2252 651 2302 τῶν
709 2246 784 2308 εἲς
844 2251 934 2304 τὸν
992 2250 1263 2304 Διόνυσον·
1329 2249 1538 2325 θρίασιν
1589 2250 1694 2324 γὰρ
1743 2251 1840 2316 τήν
1899 2253 2006 2303 τῶν

358 2344 600 2407 ποιητῶν
649 2339 836 2411 μανίαν
870 2338 1146 2416 λέγουσιν’
1181 2342 1215 2408 ἢ
1251 2339 1354 2394 ἀπὸ
1385 2343 1483 2394 τοῦ
1515 2339 1658 2414 θρία,
1709 2342 1777 2394 τὰ
1820 2338 2006 2416 φύλλα

353 2435 453 2496 τῆς
483 2431 647 2496 συκῆς
679 2429 1035 2500 ἀνακειμένης
1080 2433 1183 2500 τῷ“
1219 2429 1479 2502 Διονύσῳ.
1540 2429 1679 2486 Τότε
1725 2430 1815 2484 καὶ
1847 2431 1874 2483 6
1911 2427 2005 2502 μὲ-

356 2536 455 2590 γας
505 2511 838 2592 Σίλϐεστρος
909 2523 1012 2585 τῆς
1068 2517 1356 2590 Ῥωμαίων
1414 2515 1740 2588 Ἐκκλησίας
1795 2517 2006 2592 ἐκράτει

360 2603 445 2658 ἐπὶ
478 2604 714 2683 χρόνους
746 2606 853 2676 κη’.

429 2695 837 2752 Κωνσταντίνου
868 2693 926 2750 δὲ
954 2701 1050 2750 τοῦ
1082 2697 1200 2752 υἱοῦ
1261 2699 1632 2754 Κωθσταντίου
1664 2695 1715 2752 ἔν
1746 2701 1814 2772 τῇ
1847 2699 2008 2753 Ἀνα-

361 2785 500 2860 τολῇ
527 2788 618 2841 καὶ
649 2786 977 2862 Παλαιστίνῃ
1015 2789 1148 2860 μετᾶ
1201 2793 1297 2843 τοῦ
1354 2787 1657 2863 Γαλλερίου
1708 2789 2006 2864 τυγχάνον-

347 2897 448 2940 τος
482 2923 496 2948 ,
555 2877 630 2938 ὡς
700 2877 858 2930 αὐτὸν
915 2879 942 2931 6
996 2875 1292 2951 ΓαΛλέριος
1351 2878 1495 2953 ἑώρα
1553 2880 1620 2934 τὰ
1660 2883 2003 2951 Χριστιανῶν

357 2972 661 3046 φρονοῦντα
709 2967 914 3021 συνέσει
946 2989 1002 3021 τε
1032 2971 1217 3042 ψυχῆς
1249 2968 1334 3023 καὶ
1390 2967 1549 3043 ῥώμῃ
1606 2969 1859 3040 σώματος
1915 2968 2005 3022 καὶ

360 3061 426 3130 τῇ
465 3058 590 3130 περί
642 3058 742 3126 τήν
799 3055 1078 3112 παίδευσιν
1115 3058 1308 3135 εὐφυῒᾳ
1354 3059 1752 3134 προκόπτοντα,
1787 3079 2008 3130 μαντευ-

369 3147 594 3218 σάμενος
632 3166 690 3200 τε
746 3150 936 3201 τοῦτον
988 3146 1294 3218 καταλύτην
1345 3145 1550 3202 ἔσεσθαι
1598 3153 1696 3216 τῆς
1749 3146 2005 3221 τυραννί-

368 3231 458 3298 δος
492 3235 580 3289 καὶ
616 3239 724 3289 τῶν
757 3232 1048 3312 δογμὰτων
1108 3235 1294 3306 αὐτοῦ,
1324 3233 1474 3309 δόλῳ
1533 3240 1834 3299 θανατῶσαι
1878 3240 2005 3290 τοῦ-

369 3343 459 3376 τον
489 3322 758 3398 ἕσκίψατο.
791 3324 918 3396 Θείᾳ
948 3322 1005 3379 δὲ
1051 3324 1361 3398 προμηθείᾳ
1390 3329 1545 3404 φυμῇ
1583 3325 1682 3392 τὴν
1726 3325 2000 3400 σωτηρίαν

370 3412 631 3485 πορίζεται
681 3414 773 3468 καὶ
831 3414 966 3487 πρὸς
1019 3414 1110 3468 τὸν
1168 3410 1312 3468 ἴδιον
1363 3414 1569 3488 πατέρα
1626 3413 1999 3484 διασώζεται,

363 3499 539 3557 πολλά
568 3503 654 3556 σὺν
687 3505 836 3575 αὐτῷ
865 3507 942 3574 τῷ
974 3504 1206 3558 σώσαντι
1240 3503 1582 3581 εὐχαριστῶν
1625 3508 1866 3579 Χριστῷ.

424 3591 514 3661 Τῷ
549 3598 618 3660 ιη’
675 3585 779 3646 ἔτει
835 3590 1226 3661 Διοκλητιανοῦ
1286 3590 1562 3664 Θεοτὲκνῳ
1599 3591 1758 3667 γόητι
1816 3591 2005 3655 πειθό-

354 3700 507 3752 μενος
541 3681 569 3734 6
629 3679 930 3751 Γαλλέριος
989 3677 1235 3755 διωγμὸν
1290 3680 1427 3734 κατὰ
1489 3686 1597 3735 τῶν
1657 3685 2006 3756 Χριστιανῶν

349 3766 586 3843 ἤγειρεν.
632 3769 804 3830 Οὗτος
836 3770 863 3823 6
896 3772 1180 3831 Θεότεκνος
1243 3769 1490 3844 ὑποθήκη
1536 3771 1617 3843 [Ρ.
1652 3772 1778 3842 269]
1831 3771 2006 3839 Μαξι-

346 3848 552 3932 ⁸μιανοΰ
601 3859 669 3914 τὰ
738 3857 824 3912 ἐπὶ
885 3859 1120 3934 Χριστοῦ
1173 3856 1333 3928 δῆθεν
1395 3861 1538 3934 παρὰ
1586 3857 1825 3914 Πιλάτου
1868 3879 2005 3933 πρα-

359 3947 559 4022 χθέντα
638 3946 1031 4020 πλασάμενος.
1108 3947 1474 4020 ὑπόμνήματα
1533 3947 1712 4018 πάσης
1752 3946 2005 4023 βλασφη’

362 4038 487 4108 μίας
573 4033 821 4091 ἀνάπλεα
902 4037 1040 4091 κατὰ
1117 4034 1279 4090 πόλιν
1358 4037 1445 4091 καὶ
1505 4036 1702 4110 κώμην
1759 4030 2004 4110 ἕσταλκε,

352 4126 699 4199 Μαξιμιανοῦ
730 4125 1126 4200 προστάξαντος
1181 4131 1297 4186 τοῖς
1355 4123 2009 4200 γραμματοδιδασκάλοις

2117 646 2264 702 duas
2282 647 2455 716 ﬁlias,
2481 665 2614 704 cum
2637 659 3063 720 quaererentur,
3096 672 3170 709 ne
3194 657 3480 726 pudicitia
3501 659 3763 730 ipsarum

2115 735 2452 803 violaretur,
2517 754 2647 793 sese
2706 740 2767 794 in
2823 759 3061 797 amnem
3137 745 3448 815 abjecisse.
3509 750 3765 813 Quaestio

2116 824 2295 895 igitur
2325 831 2434 888 est,
2477 827 2673 882 sintne
2705 846 2787 884 ere
2821 831 3178 903 martyribus
3203 837 3690 893 annumerandas.

2186 914 2550 970 Duodecimo
2583 933 2737 972 anno
2756 919 3146 975 Maximianus
3165 923 3490 980 Herculeus
3519 927 3764 982 Galliam

2118 1006 2176 1055 et
2207 1003 2593 1072 Britanniam,
2637 1007 3017 1064 Constantius
3065 1010 3337 1067 Alaniam
3395 1020 3454 1068 et
3507 1016 3766 1071 Africam

2118 1092 2530 1149 obtinuerunt.

2188 1181 2425 1237 Decimo
2457 1183 2630 1238 tertio
2660 1201 2816 1240 anno
2847 1185 3216 1243 Christianos
3247 1188 3466 1245 milites
3499 1198 3770 1248 exaucto-

2115 1277 2344 1326 rarunt.

2185 1361 2423 1415 Decimo
2439 1363 2690 1434 septimo
2715 1365 2981 1420 Galerius
3004 1367 3392 1425 Maximianus
3417 1372 3766 1426 excursione

2115 1456 2321 1507 contra
2351 1454 2573 1507 Narsen
2625 1453 2937 1510 Persarum
2992 1474 3191 1529 regem
3250 1459 3404 1514 facta
3464 1477 3652 1532 eoque
3709 1463 3768 1516 in

2113 1539 2309 1610 fugam
2348 1546 2478 1595 acto
2518 1559 2764 1598 uxorem
2825 1545 2953 1615 ejus
3011 1547 3334 1618 omniaque
3382 1549 3541 1604 bona
3590 1553 3766 1622 cepit,

2113 1645 2443 1700 magnaque
2477 1632 2630 1686 caede
2663 1640 2902 1702 peracta
2949 1635 3022 1689 ad
3072 1636 3508 1693 Diocletianum
3569 1640 3764 1709 rediit,

2114 1720 2369 1774 efferens
2413 1720 2588 1774 etiam
2650 1721 2876 1776 loculos
2936 1723 3197 1794 lapidum
3259 1728 3654 1797 pretiosorum
3711 1737 3770 1785 et

2110 1808 2388 1863 uniorum
2451 1809 2683 1880 plenos.
2730 1811 2951 1867 Exinde
3002 1821 3160 1869 veste
3220 1831 3288 1870 ac
3349 1818 3566 1874 calceis
3623 1836 3766 1875 auro

2111 1897 2482 1967 gemmisque
2527 1899 2754 1954 ornatis
2785 1901 3188 1958 Diocletianus
3219 1906 3304 1959 uti
3356 1908 3552 1977 cmpit,
3587 1924 3768 1978 seque

2117 1994 2324 2044 contra
2353 1990 2672 2060 pristinum
2714 2009 2941 2048 morem
2972 1995 3204 2051 adorari
3223 1997 3424 2068 jussit,
3458 2016 3526 2053 ac
3561 2000 3766 2054 trium-

2115 2079 2339 2149 phavit.
2373 2079 2692 2150 Triumpho
2743 2099 2961 2138 nomen
3017 2090 3106 2139 est
3139 2102 3174 2140 a
3205 2088 3565 2142 carminibus
3614 2091 3762 2144 471

2116 2168 2332 2238 quibus
2364 2168 2625 2223 Bacchus
2649 2170 2983 2228 celebratur
3007 2190 3020 2227 :
3047 2174 3294 2229 thriasin
3319 2177 3479 2230 enim
3502 2179 3766 2232 furorem

2118 2256 2415 2327 poeticum
2442 2263 2670 2312 vocant.
2703 2258 2858 2314 Vela
2886 2260 3120 2326 Thiriis,
3158 2262 3266 2317 hoc
3287 2271 3375 2317 est
3404 2265 3563 2320 foliis
3597 2268 3767 2334 ﬁcus,

2119 2345 2343 2399 Baccho
2376 2362 2576 2401 sacrae.
2609 2347 2768 2402 Tunc
2802 2348 2977 2403 etiam
3021 2367 3269 2422 magnus
3321 2353 3597 2410 Silvester
3652 2358 3768 2410 Ro-

2117 2449 2307 2488 manae
2337 2435 2614 2490 Ecclesiaa
2644 2452 2750 2506 per
2780 2453 2968 2493 annos
3000 2440 3066 2493 28
3099 2440 3357 2510 praafuit.

2189 2701 2454 2756 Galerius
2531 2721 2705 2774 porro
2782 2706 3238 2762 Constantinum
3321 2710 3517 2766 Chlori
3582 2714 3771 2769 filium

2117 2808 2318 2846 secum
2350 2793 2411 2845 in
2441 2793 2679 2848 Oriente
2712 2800 2769 2848 et
2801 2796 3103 2852 Palestina
3134 2799 3445 2870 degentem
3488 2803 3774 2860 Christia-

2115 2881 2208 2935 nis
2235 2881 2428 2937 favere
2462 2882 2820 2956 intelligens,
2873 2902 3130 2957 eumque
3190 2889 3524 2958 prudentia,
3559 2893 3770 2948 robore

2115 2987 2183 3025 ac
2212 2969 2482 3026 doctrina
2519 2974 2721 3044 augeri
2777 2973 3028 3028 subinde
3088 2977 3582 3047 animadverteris,
3618 2999 3768 3052 pra:-

2116 3059 2467 3131 sagiensque
2503 3061 2574 3115 ab
2615 3078 2684 3116 eo
2745 3064 3119 3133 tyrannidem
3180 3082 3348 3121 suam
3404 3074 3462 3122 et
3520 3069 3767 3140 impiam

2118 3149 2579 3218 supersitionem
2611 3149 2900 3205 abolitum
2931 3152 3022 3220 iri,
3053 3153 3189 3208 dolo
3222 3172 3434 3210 necare
3484 3158 3768 3214 instituit.

2123 3237 2324 3290 Divina
2371 3243 2570 3293 autem
2618 3239 2989 3309 providentia
3019 3241 3238 3297 factum
3273 3250 3361 3298 est
3413 3251 3476 3299 ut
3530 3247 3578 3300 is
3635 3249 3772 3320 fuga

2117 3325 2229 3379 sibi
2262 3326 2599 3382 consuleret
2648 3328 2964 3399 salvusque
3005 3330 3078 3384 ad
3134 3338 3360 3402 patrem
3415 3337 3771 3406 perveniret,

2113 3413 2342 3468 Christo
2369 3415 2578 3470 salutis
2610 3433 2730 3471 suai
2756 3418 2983 3472 auctori
3011 3435 3148 3474 cum
3179 3437 3248 3476 eo
3290 3438 3532 3494 magnas
3589 3441 3770 3498 agens

2113 3504 2350 3574 gratias.

2183 3594 2352 3648 Anno
2385 3592 2615 3648 decimo
2647 3601 2847 3649 octavo
2881 3595 3146 3652 Galerius
3177 3598 3494 3656 Theotecni
3534 3604 3766 3672 praesti-

2112 3681 2354 3752 giatoris
2410 3683 2683 3738 suasione
2742 3685 2806 3738 in
2862 3685 3229 3741 Christianos
3289 3693 3765 3757 persecutionem

2114 3771 2405 3825 excitavit.
2460 3773 2514 3825 Is
2558 3773 2927 3826 Theotecnus
2974 3774 3152 3844 jussu
3205 3776 3544 3832 Maximiani
3585 3797 3770 3836 rema

2115 3859 2346 3914 Christo
2366 3859 2522 3929 apud
2552 3859 2805 3915 Pilatum
2835 3866 3060 3931 gestam
3086 3865 3437 3934 composuit,
3463 3883 3770 3924 commen-

2115 3948 2417 4018 tariosque
2450 3963 2588 4002 suos
2619 3949 2814 4003 omnis
2843 3951 3077 4020 generis
3108 3951 3428 4023 impiorum
3483 3957 3767 4012 maledic-

2115 4041 2312 4090 torum
2341 4035 2546 4106 plenos
2595 4053 2702 4107 per
2733 4054 2942 4092 omnes
3002 4040 3178 4094 urbes
3209 4047 3385 4112 atque
3442 4059 3621 4115 pagos
3652 4047 3770 4100 cir-

2117 4125 2442 4194 cummisit,
2478 4126 2826 4182 Maximiano
2887 4127 3164 4184 ludorum
3218 4132 3517 4202 magistris
3561 4135 3766 4204 praeci-

1545 4253 1904 4309 XYLANDRI
1944 4253 2032 4309 ET
2070 4251 2315 4306 GOARII
2353 4251 2572 4307 ΝΟΤίΕ.

363 4378 702 4453 narratione
728 4384 790 4453 et
812 4395 881 4453 ex
900 4379 1031 4453 aliis
1062 4378 1348 4453 colligera_
1370 4376 1531 4453 licet.
1561 4378 1745 4434 Hodie
1777 4394 2014 4453 quoque
2045 4383 2089 4446 ι)
2121 4382 2421 4453 exsecutus,
2454 4375 2758 4453 magisterii
2790 4377 3089 4453 siquidem
3111 4380 3544 4450 praefecturam,
3568 4387 3766 4453 magis-

365 4452 632 4530 magistri
659 4451 746 4530 vel
772 4452 921 4507 aulai
933 4452 1024 4506 vel
1046 4450 1395 4530 equitumin
1417 4450 1568 4530 aulis
1590 4456 1743 4530 sunt.
1774 4452 1844 4530 Et
1867 4467 2010 4530 prai-

335 4521 572 4579 .div'ites
602 4523 782 4578 fuisse
811 4539 911 4578 eos
948 4521 1259 4592 magistros
1316 4521 1563 4592 historia
1616 4522 1888 4592 Xyluntai
1947 4521 2008 4575 in

363 4596 554 4650 Leone
587 4594 975 4650 Iconomacho
1029 4591 1217 4649 docet.
1279 4591 1440 4658 Quod
1498 4593 1572 4648 ad
1621 4591 2010 4664 qumstionem

361 4667 596 4730 attinet,
629 4670 874 4733 August.
907 4684 944 4732 ι,
977 4669 1065 4733 26,
1100 4666 1170 4720 de
1211 4667 1370 4722 Civil.
1432 4665 1547 4731 Dei,
1604 4662 1686 4719 ait
1743 4682 1804 4720 se
1862 4662 2011 4719 nihil

361 4739 580 4793 audere
613 4737 683 4792 de
715 4737 788 4792 iis
818 4745 1038 4792 temere
1087 4737 1472 4808 pronuntiare
1505 4753 1635 4808 quas
1684 4737 1895 4791 harum
1927 4736 2010 4790 si-

366 4809 538 4864 miles
566 4811 758 4864 exitus
787 4809 1139 4865 habuerunt.
1199 4807 1311 4862 Sed
1371 4807 1483 4862 ista
1538 4807 1790 4862 aliorum
1849 4812 2006 4862 sunt.

361 4882 498 4935 XYL.
523 4911 592 4920 —-
623 4880 907 4950 Eusebius
937 4881 1008 4935 de
1030 4881 1141 4934 hoc
1163 4879 1443 4950 praiclaro
1468 4885 1724 4950 martyre
1755 4895 1871 4950 vui,
1905 4879 2007 4932 23:

359 4951 681 5022 Ῥωμαῖκῆς
770 4949 918 5019 ἀξίας
960 4946 1404 5022 ἐπειλημμένος,
1463 4946 1761 5022 ᾋδαυκτὸς
1817 4946 2007 5021 ὄνομα,

359 5016 515 5096 γενος
545 5016 654 5076 τῶν
682 5016 824 5095 mp"
847 5020 1098 5096 Ἰταλοῖς⁸
1133 5016 1445 5096 ἔπισήμων,
1505 5017 1593 5074 διὰ
1645 5021 1821 5096 πάσης
1846 5093 1855 5096 _
1879 5016 2012 5096 π’ροέ

371 5089 544 5148 ἐλθὼν
575 5094 711 5167 ciij
739 5089 839 5161 τῆς
870 5093 1014 5166 παρὰ
1079 5089 1357 5167 βασιλεῦσι
1413 5099 1601 5167 τιμῆς,
1657 5089 1742 5167 ὅς-
1770 5093 1861 5146 καὶ
1911 5089 2008 5153 τὰς

357 5165 598 5238 καθόλου
633 5162 955 5238 διόικήσειςξ
979 5162 1090 5232 τῆς
1107 5165 1245 5238 παρ’.
1262 5163 1447 5224 αὐτοῖς
1476 5162 1844 5238 καλουμένης
1903 5183 2008 5236 μα-

355 5237 717 5311 γιστρότητός
753 5256 813 5289 τε
863 5235 953 5290 καὶ
991 5235 1708 5311 καθολικότητοςεριιίάαὴι
1738 5235 2010 5311 Romano-

363 5308 494 5364 ὶίιιηι
517 5312 856 5379 dignitatum
913 5312 1133 5364 summis
1158 5312 1390 5378 potitus.
1425 5308 1710 5363 Adauctus
1766 5309 2007 5372 nomine,

361 5397 532 5452 genus
563 5382 630 5436 ab
659 5381 817 5436 Italis
860 5380 1259 5434 nobilissimum
1315 5381 1533 5452 ducens,
1565 5381 1651 5433 vir
1675 5396 1778 5449 per
1833 5393 2010 5452 omnes

361 5449 650 5519 honorum,
679 5456 776 5523 qui
807 5453 875 5506 ab
927 5454 1099 5522 impp.
1133 5457 1258 5506 sunt
1307 5451 1513 5519 gradus
1562 5457 1875 5523 provectus,
1926 5449 2012 5503 ita

357 5531 417 5578 ut
447 5521 758 5595 magisterii
787 5524 854 5577 ab
885 5521 1016 5593 ipsis
1046 5521 1245 5591 vocati,
1273 5529 1322 5595 et
1353 5521 1622 5591 generalis
1651 5523 2009 5595 administra-

362 5596 526 5650 tionis
540 5593 923 5666 principatum
940 5595 1258 5666 obtinuerit.
1281 5594 1478 5666 Graica
1500 5609 1570 5647 ex
1588 5593 1769 5650 animi
1792 5607 2013 5666 propo-

356 5667 401 5721 si
413 5672 468 5739 to
479 5661 650 5739 juxta
665 5661 1249 5739 Chrisostophorsoni
1265 5664 1593 5739 versionem
1607 5681 1727 5720 non
1741 5661 2009 5739 exhibui,

359 5737 500 5810 quia
531 5740 743 5796 ultima
783 5737 1264 5810 verba'reddidit
1291 5738 1546 5810 magistri
1597 5738 1912 5810 ofﬁciorum
1957 5741 2012 5790 et

355 5808 642 5883 Quaestori:
688 5808 960 5884 generalis
1009 5823 1242 5870 munera
1309 5809 1524 5881 integre
1591 5813 1645 5868 et
1687 5808 2010 5880 incorrupte

2121 4451 2197 4502 tri
2227 4446 2556 4526 ofﬁciorum
2587 4446 3258 4526 dignitatemindicasse
3289 4458 3472 4526 ratus,
3502 4446 3572 4508 de
3606 4446 3763 4526 quai-

2118 4525 2273 4574 store
2299 4517 2560 4590 generali
2593 4517 2767 4585 tacui,
2804 4536 2911 4575 ceu
2932 4520 3002 4575 de
3035 4538 3281 4577 munere
3313 4524 3385 4577 ob
3437 4517 3765 4581 ofﬁciorum

2116 4589 2396 4668 magistro
2413 4589 2664 4668 diverso,
2685 4598 3273 4668 quorumutrumque
3289 4596 3369 4668 ‘in
3394 4613 3460 4650 ea
3489 4615 3606 4668 qua
3629 4605 3766 4653 tunc

2116 4661 2242 4716 erat
2266 4662 2585 4730 imperium
2643 4661 3035 4733 amplitudine
3081 4671 3138 4718 et
3177 4661 3342 4721 mole
3394 4661 3556 4724 solus
3613 4687 3768 4724 unus

2115 4749 2317 4814 gerere
2348 4733 2664 4814 nequiret;
2700 4751 2809 4814 nec
2839 4734 3223 4814 καθολικότης,
3283 4737 3389 4814 ᾀπὸ
3445 4746 3547 4808 τῆς
3602 4761 3764 4814 μαγι.

2115 4803 2410 4883 ﬁgi-51,102;
2446 4803 2832 4883 sej‘ungenda,
2866 4823 3011 4876 quas
3057 4803 3347 4883 particula
3391 4803 3767 4883 conjuncti'va

2114 4878 2298 4931 voluit
2326 4876 2610 4930 Eusebius
2631 4876 2763 4932 esse
2784 4876 3079 4934 connexus
3112 4897 3124 4945 ;
3156 4881 3238 4934 ita
3267 4888 3333 4936 ut
3362 4876 3606 4939 Adaucti
3640 4902 3766 4939 ma-

2115 4948 2419 5025 gisterium
2438 4949 2710 5025 generale
2729 4956 2904 5025 esset,
2940 4957 2992 5025 et
3018 4950 3076 5003 in
3095 4951 3296 5025 plures
3321 4955 3455 5022 (uta
3470 4955 3767 5025 magistris

2114 5019 2198 5074 rei
2234 5021 2472 5090 privata)
2506 5019 2992 5090 dignoscendum)
3025 5019 3448 5078 extenderetur
3476 5041 3487 5077 :
3529 5019 3593 5079 ac
3642 5043 3761 5080 non

2155 5091 2394 5148 alatiiiis
2410 5097 2638 5145 tantum
2655 5097 2711 5144 et
2736 5093 3019 5162 principis
3037 5093 3346 5162 ministris,
3364 5096 3442 5148 ait
3456 5096 3765 5152 Paiicirol-

2155 5109 2394 5148 aiatiiiis
2410 5109 2638 5145 tantum
2655 5109 2711 5144 ei
2736 5109 3019 5162 prinCipis
3037 5109 3346 5162 ministris,
3364 5109 3764 5152 altl’allClI‘Ol-

2114 5109 2208 5218 fus
2231 5165 2292 5218 in
2325 5162 2585 5217 Notitiam
2615 5163 2839 5230 imperii
2891 5165 3186 5218 Orientalis
3243 5183 3290 5218 c.
3345 5183 3477 5231 Lxu,
3533 5185 3764 5223 necnon

2117 5234 2338 5289 scholis
2370 5232 2570 5303 palatii
2605 5249 2770 5287 arma
2800 5234 3214 5299 tractantibus,
3249 5235 3349 5288 sed
3377 5244 3432 5290 et
3454 5237 3690 5294 fabricis
3711 5247 3768 5295 et

2114 5305 2436 5376 limitaneis
2469 5303 2718 5376 ducibus
2767 5311 2826 5357 et
2881 5305 3196 5376 comitibus
3257 5307 3596 5376 imperaret.
3633 5313 3764 5367 Hmc

2113 5377 2242 5430 fuse
2276 5375 2346 5428 de
2395 5373 2698 5447 magistro,
2731 5376 2902 5445 cujus
2934 5375 3218 5446 dignitate
3269 5373 3470 5447 plures
3524 5390 3763 5438 ornatos

2113 5451 2385 5501 recenset
2414 5445 2751 5524 Cedrenus:
2787 5447 2987 5517 viginti
3007 5445 3235 5524 lquatui‘
3269 5445 3762 5524 suarlegationis

2113 5523 2378 5588 tempore
2419 5515 2668 5594 ex__vis_u_
2699 5515 3059 5594 _nunierav_it
3116 5515 3540 5591 Luitprandus:
3591 5533 3764 5594 prout

2113 5587 2394 5669 testatum
2426 5587 2668 5657 reliquit
2699 5587 2740 5642 l.
2769 5606 2841 5657 v1,
2873 5607 2924 5669 (ξἼ
2957 5589 3098 5669 ult.,_
3123 5587 3440 5669 cunctique
3473 5587 3534 5649 ut
3566 5587 3760 5669 digni-

2112 5666 2253 5738 tate,
2286 5660 2369 5716 ita
2399 5675 2637 5738 sumina
2681 5663 3050 5738 auctoritate,
3084 5660 3604 5738 labentis—imperii
3630 5660 3764 5723 “sm-

2113 5733 2266 5791 culis
2297 5738 2438 5790 sunt
2467 5731 2665 5805 potiti.
2698 5734 2876 5791 GOAR.
