4118 6288
429 391 546 451 515

1789 382 2101 445 GEORGII
2148 381 2486 444 CEDRENI

3725 393 3837 453 516

430 525 630 595 piente
687 529 752 579 ut
811 541 911 578 eos
960 520 1159 594 pueris
1215 524 1632 595 proponerent,
1695 536 1811 591 quo
1868 521 2042 574 nostr;

2185 517 2352 570 ταῦτα
2381 514 2508 579 τοὺς
2563 514 2762 580 παῖδας
2804 513 3153 591 ἐκδιδάσκειν,
3211 519 3286 582 ὡς
3342 520 3404 576 ἂν
3449 517 3749 598 διαγελῷτο
3777 525 3837 580 τὸ

430 613 640 684 religio
675 612 1064 667 derideretur.

501 703 738 757 Decimo
773 719 932 756 nono
991 701 1302 757 edixerunt
1348 702 1735 772 imperatores
1765 703 1830 753 ut
1863 696 2082 768 templa

432 791 906 846 Christianorum
938 792 1064 847 solo
1106 797 1507 863 aequarentur,
1541 789 1676 844 libri
1719 788 1868 843 sacri
1913 803 2076 842 com-

423 879 800 948 burerentur,
833 881 1276 951 Christianique
1325 887 1426 936 aut
1469 878 1804 936 simulacris
1862 875 2080 931 sacriﬁ-

425 975 630 1026 carent
656 976 756 1026 aut
797 971 1108 1025 tormentis
1157 969 1634 1026 intolerabilibus
1664 970 2074 1023 enecarentur.

495 1150 647 1204 472
680 1151 850 1202 Anno
900 1148 1178 1203 vicesimo
1215 1147 1614 1202 Diocletianus
1647 1151 1706 1203 et
1756 1141 2078 1200 Herculeus

420 1239 693 1294 vecordia
725 1239 964 1310 impulsi
996 1255 1116 1293 una
1145 1237 1239 1292 die
1271 1237 1522 1310 imperio
1579 1253 1641 1291 se
1703 1233 2074 1297 abdicarunt,

421 1345 527 1383 suo
558 1329 688 1384 loco
747 1328 1066 1399 imperium
1125 1327 1381 1383 Orientis
1442 1325 1668 1380 Galerio
1729 1322 2079 1386 Diocletiani

415 1434 655 1490 genero,
716 1417 1049 1472 Occidentis
1122 1417 1466 1472 Constantio
1523 1413 1796 1469 Herculei
1855 1425 2076 1484 genero

415 1508 792 1563 mandantes.
817 1509 898 1562 Ac
920 1505 1320 1562 Diocletianus
1351 1505 1591 1576 quidem
1633 1520 1767 1559 cum
1815 1501 2076 1573 privatus

415 1613 606 1652 annos
657 1595 972 1652 duodecim
1027 1595 1286 1662 vixisset,
1338 1595 1540 1665 lingua
1598 1593 1649 1648 ei
1701 1597 1759 1647 et
1805 1591 2074 1648 faucibus

417 1685 789 1757 putrefactis,
817 1701 951 1741 cum
983 1701 1256 1758 magnam
1283 1685 1399 1739 vim
1440 1683 1730 1740 vermium
1775 1681 2070 1761 ejecisset,

415 1777 743 1831 exstinctus
803 1780 938 1832 est.
993 1775 1314 1831 Herculens
1359 1773 1677 1844 imperium
1722 1785 2072 1842 recuperare

413 1880 743 1936 aggressus,
766 1864 1014 1919 cadente
1047 1863 1121 1919 ad
1161 1864 1396 1918 irritum
1455 1867 1691 1932 conatu,
1746 1859 2068 1932 suspendio

409 1953 586 2008 vitam
621 1954 792 2009 ﬁniit.
829 1953 1099 2009 Galerius
1125 1969 1160 2008 a
1188 1951 1484 2008 vermibus
1518 1967 1794 2007 corrosus
1825 1949 1989 2005 obiit.

478 2221 851 2276 Constantius
879 2225 1076 2276 autem
1109 2235 1243 2274 cum
1274 2219 1364 2272 vir
1393 2223 1550 2273 esset
1571 2217 1831 2288 optimus
1880 2221 2057 2287 atque

408 2310 735 2380 piissimus,
792 2309 1005 2364 iisdem
1059 2308 1286 2363 artibus
1361 2307 1549 2362 ﬁlium
1603 2305 2055 2361 Constantinum

408 2399 638 2454 imbuit.
676 2401 985 2468 Nunquam
1013 2399 1206 2453 fuerat
1236 2397 1430 2455 socius
1461 2396 1697 2451 consilii
1735 2395 1808 2450 de
1841 2412 2052 2451 vexan—

401 2487 491 2542 dis
528 2488 898 2555 Christianis,
958 2487 1060 2542 sed
1118 2492 1177 2541 et
1224 2503 1361 2540 suos
1422 2484 1690 2540 subditos
1733 2491 1934 2555 aperte
1987 2501 2054 2539 ac

400 2573 588 2628 libere
621 2580 885 2629 nostram
912 2573 1260 2644 religionem
1295 2571 1489 2627 colere
1517 2588 1725 2642 passus
1748 2577 1855 2626 est.
1898 2573 2045 2626 Mor-

401 2669 540 2719 tuus
571 2668 659 2719 est
690 2664 750 2718 in
791 2663 1116 2730 Britannia,
1150 2678 1285 2718 cum
1334 2662 1687 2733 imperasset
1714 2661 2050 2729 biennium,

402 2753 594 2808 Caesar
624 2753 834 2808 fuisset
872 2769 1062 2808 annos
1110 2753 1196 2807 13.
1259 2753 1340 2807 Ex
1397 2751 1640 2818 Helena,
1699 2750 1893 2822 prima
1940 2767 2049 2807 sua

398 2858 604 2912 uxore,
665 2843 868 2915 genuit
950 2841 1441 2905 Constantinum,
1502 2841 1601 2910 qui
1665 2842 1901 2912 Magnus
1959 2846 2048 2895 est

392 2933 864 3004 cognominatus,
899 2931 1054 3003 apud
1082 2930 1289 2985 urbem
1322 2931 1533 2998 Dacia),
1558 2945 1811 2999 eumque
1845 2931 2042 2984 Romae

398 3039 594 3078 coram
633 3023 904 3077 universo
963 3019 1181 3092 populo
1249 3035 1354 3074 suo
1413 3019 1833 3090 imperatorem
1882 3019 2040 3074 desi-

395 3113 610 3184 gnavit,
647 3129 779 3167 cum
811 3115 1191 3182 superessent
1247 3109 1426 3164 etiam
1479 3107 1688 3178 reliqui
1721 3108 1851 3179 ejus
1908 3108 2038 3177 ﬁlii,

395 3202 793 3267 Constantius,
827 3201 1094 3298 inquam,
1127 3204 1295 3308 pater
1321 3197 2037 3308 Juliani,IacLGpllus,.qui
2071 3238 2113 3308 C

398 3296 453 3345 et
475 3288 1032 3360 Dalmata,junioris
1059 3288 1341 3342 Dalmatae
1360 3291 1544 3357 pater.
1571 3285 1832 3340 Habebat
1862 3286 2040 3342 etiam

395 3379 578 3434 ﬁliam
637 3377 1062 3444 Constantiam,
1117 3393 1247 3446 quae
1301 3375 1529 3442 Licinii,
1562 3391 1710 3429 uxor
1739 3375 1870 3444 fuit,
1903 3382 2042 3431 nata

395 3467 630 3522 Herculi
689 3467 813 3520 ﬁlia
866 3463 1190 3519 Theodora.
1252 3465 1380 3534 Ipse
1438 3468 1605 3534 pater
1660 3464 1860 3535 magni
1921 3465 2040 3520 ﬁlia

390 3555 618 3611 Claudii
652 3554 1030 3626 imperatoris
1063 3558 1236 3608 natus
1264 3551 1393 3606 fuit.

458 3645 880 3700 Constantinus
911 3645 1151 3716 Magnus
1183 3646 1409 3697 statura
1450 3639 1560 3698 fuit
1606 3640 1914 3709 mediocri,
1947 3642 2032 3696 la-

387 3739 479 3790 tus
511 3735 809 3802 humeros,
843 3733 1064 3788 cervice
1095 3747 1296 3788 crassa
1329 3748 1342 3785 :
1375 3729 1532 3786 unde
1582 3735 1640 3784 et
1669 3731 2032 3789 cervicosum

383 3824 790 3880 nominabant.
825 3821 1021 3878 Huber
1076 3821 1208 3888 fuit,
1251 3819 1466 3891 capillo
1517 3835 1638 3874 non
1665 3819 1846 3876 denso
1880 3821 2030 3876 418

384 3930 577 3984 neque
600 3915 794 3983 crispo
823 3928 835 3979 ;
869 3911 1051 3966 barba
1079 3926 1234 3977 rara,
1268 3915 1326 3963 et
1379 3909 1590 3964 faciem
1624 3909 1827 3980 paucis
1884 3909 2030 3966 locis

380 4007 615 4075 tegente
645 4018 826 4068 ;naso
855 4001 1227 4071 aliquantum
1257 3999 1521 4067 incurvo,
1555 3998 1741 4054 oculis
1773 3999 2029 4055 leoninis

380 4092 693 4164 gratiosus,
725 4107 793 4146 ac
820 4090 984 4144 vultu
1015 4088 1414 4144 serenissima.
1451 4087 1698 4143 Litteras
1720 4088 2029 4145 mediocri-

379 4185 470 4235 ter
499 4181 712 4249 tenuit,
744 4179 1112 4235 continentia
1141 4177 1214 4232 ad
1241 4176 1559 4232 frenandas
1610 4177 1828 4232 ventris
1861 4179 2023 4250 cupi-

377 4269 592 4326 ditates
647 4269 1080 4341 perfectissima
1149 4271 1431 4330 ornatus;
1485 4281 1602 4335 qua
1660 4265 1837 4320 etiam
1882 4282 2025 4321 usus

377 4359 594 4414 multos
624 4359 885 4429 corporis
917 4357 1149 4412 evitavit
1179 4354 1438 4419 morbos,
1471 4355 1641 4426 cujus
1691 4371 1811 4408 non
1865 4355 2023 4411 salu-

375 4447 498 4502 bris
529 4447 870 4502 constitutio
901 4446 1129 4516 lepram
1159 4443 1498 4498 minabatur
1527 4448 1585 4496 et
1613 4459 1794 4515 prava
1837 4443 2025 4500 multa

374 4537 675 4592 eﬁ‘erebat.

449 4803 715 4860 Galerius
747 4819 881 4875 ergo
915 4801 1305 4857 Maximianus
1352 4800 1410 4854 in
1463 4798 1688 4854 Italiam
1752 4818 2021 4859 reversus

375 4894 633 4949 Caesares
665 4893 809 4947 duos
841 4892 1077 4946 creavit.
1113 4889 1532 4944 Maximianum
1577 4888 1765 4944 ﬁlium
1825 4910 2019 4960 suum,

373 4983 473 5054 qui
532 4983 828 5038 Orientem
879 4985 1107 5053 regeret
1160 4977 1293 5049 (sub
1328 4994 1443 5046 quo
1497 4977 1697 5047 etiam,
1733 4981 1832 5049 qui
1885 4999 2018 5038 cum

371 5089 583 5145 magno
617 5078 787 5127 erant
818 5071 1031 5126 Basilio
1056 5071 1276 5135 Patres,
1310 5072 1551 5140 propter
1590 5068 1717 5140 ejus
1747 5085 2019 5140 persecu-

2189 605 2308 669 καθ’
2346 606 2490 679 ἡμᾶς
2521 609 2840 682 μυστήριον.

2259 696 2352 767 Τῷ
2413 697 2477 750 ιϐ’
2529 691 2633 752 ἔτει
2701 697 3026 774 πρόσταγμα
3113 694 3274 770 ἕδόθη
3353 699 3658 775 βασιλικὸν,
3741 704 3834 766 τὰς

2189 780 2486 853 ἐκκλησίας
2538 784 2636 841 τοῦ
2694 791 2933 860 Χριστοῦ
3000 784 3338 866 ἐδαφίζεσθαι
3394 790 3486 844 καὶ
3542 793 3640 853 τὰς
3694 791 3836 852 θείας

2180 867 2420 946 ’βίϐλους
2450 875 2854 943 κατακαίεσθαι,
2903 875 2992 930 καὶ
3051 877 3222 931 πάντα
3278 880 3596 954 Χριστιανὸν
3625 881 3660 949 ἢ
3695 881 3836 944 θύειν

2188 967 2303 1024 τοῖς
2353 959 2666 1035 εἰδώλοιςῆ
2701 963 2750 1019 ἐν
2821 965 3072 1040 βασάνοις
3132 965 3521 1031 ἀνυποστάτοις
3587 967 3835 1041 ἀποθνή-

2189 1072 2354 1107 σκειν.

2260 1145 2353 1214 Τῷ
2383 1144 2428 1198 κ’
2458 1141 2560 1198 ἔτει
2610 1150 2708 1213 τῆς
2743 1144 2908 1200 αὐτοῦ
2943 1143 3224 1220 βασιλείας
3284 1145 3685 1216 Αιοκλητιανὸς
3739 1148 3834 1202 καὶ

2188 1231 2528 1304 Μαξιμιανὸς
2578 1233 2958 1308 ὁἘρκοῦλιος
2999 1234 3049 1305 ἐξ
3107 1236 3374 1296 ἀποιοίας
3430 1235 3481 1290 έν
3525 1240 3622 1308 μιᾷ
3652 1235 3836 1312 ἡμέρᾳ

2184 1322 2282 1390 τήν
2327 1321 2607 1396 βασιλείαν
2675 1325 2953 1388 ἀπέθεντο,
3008 1328 3437 1396 καταστήσαντες
3485 1325 3598 1382 ἀντ’
3655 1326 3832 1382 αὐτῶν

2187 1409 2432 1482 βασιλεῖς
2472 1417 2570 1480 τῆς
2624 1413 2718 1485 μὲν
2753 1413 2924 1485 Ἐῲας
2989 1411 3288 1488 Γαλλέριον
3345 1415 3707 1488 Μαξιμιανὸν,
3735 1416 3830 1470 τὸν

2184 1498 2576 1571 Διοκλητιανοῦ
2611 1496 2880 1577 γαμϐρὸν,
2921 1506 3026 1558 τῶν
3081 1502 3372 1575 Ἐσπερίων
3435 1499 3491 1558 δὲ
3550 1504 3834 1559 Κωνστάν-

2182 1608 2298 1644 τιον
2336 1589 2426 1644 τὸν
2458 1588 2800 1666 ’Ἑρκουλίου
2838 1586 3110 1666 γαμϐρόν.
3165 1593 3269 1648 Καὶ
3303 1593 3329 1648 6
3373 1592 3466 1665 μὲν
3500 1591 3832 1663 Διοκλητια-

2180 1675 2609 1742 νὸςίδιωτεύσας
2658 1676 2750 1750 ἔτη
2783 1681 2852 1757 ιβ’
2879 1687 2980 1751 τῆς
3038 1679 3298 1758 γλώσσης
3353 1681 3518 1736 αὐτοῦ
3567 1684 3832 1754 σαπείσης

2185 1767 2320 1840 μετὰ
2342 1773 2438 1822 νοῦ
2494 1769 2764 1846 φάρυγγος
2829 1769 2919 1826 καὶ
2974 1768 3188 1840 πλῆθος
3244 1769 3547 1842 σκωλήκων
3589 1767 3831 1848 ἀναϐρα-

2183 1856 2350 1928 σάσης
2405 1858 2468 1912 τὸ
2525 1864 2740 1934 πνεῦμα
2791 1858 3109 1934 ἆπέρῥηξεν,
3165 1861 3192 1914 6
3251 1856 3307 1915 δὲ
3375 1859 3661 1935 Ἐρκύλιος
3723 1862 3826 1931 τήν

2179 1944 2460 2019 βασιλείαν
2515 1944 2871 2003 ἀναλαϐέσθαι
2929 1948 3227 2023 βουληθεὶς
3291 1951 3380 2004 καὶ
3433 1952 3510 2024 μή
3545 1949 3826 2026 ἐπιτυχὼν

2175 2033 2478 2110 ἀπήγξατο.
2519 2038 2587 2094 Ὃ
2641 2035 2698 2092 δὲ
2729 2035 3028 2112 Γαλλέριυς
3059 2033 3534 2114 σκωληκόϐρωτος
3585 2041 3829 2116 γεγονὼς

2173 2121 2436 2197 ἐξέψυξεν.

2239 2217 2294 2265 Ὀ
2343 2211 2400 2268 δὲ
2452 2217 2826 2279 Κωνστάντιος
2879 2215 3001 2272 λίαν
3059 2217 3255 2292 ἀγαθὸς
3319 2215 3393 2270 ὢν
3451 2217 3542 2272 καὶ
3595 2213 3825 2287 εὐσεϐής

2169 2301 2400 2357 καὶτὸν
2472 2304 2587 2359 υἱὸν
2620 2310 3024 2360 Κωνσταντῖνον
3093 2305 3301 2379 ὁμοίως
3360 2303 3662 2377 ἐπαίδευσε,
3731 2307 3825 2361 καὶ

2164 2394 2243 2462 τῷ
2293 2393 2411 2456 καθ’
2460 2395 2619 2466 ἡμῶν
2678 2391 2912 2472 διωγμῷ
2968 2394 3223 2469 οὐδαμῶς
3264 2395 3634 2464 ἐκοινώνησεν,
3675 2393 3822 2450 ἀλλὰ

2164 2479 2254 2532 καὶ
2295 2480 2421 2543 τοὺς
2456 2483 2543 2537 ὑπ’
2575 2483 2737 2538 αὐτὸν
2797 2484 3180 2559 χριστιανίζειν
3237 2482 3408 2547 ἀδεῶς
3458 2485 3548 2538 καὶ
3592 2483 3812 2539 ἀκωλύ-

2162 2589 2272 2630 τως
2323 2567 2597 2645 ἐπέτρεπε.
2659 2570 2896 2642 Τελευτᾷ
2927 2570 2983 2626 δὲ
3043 2571 3094 2626 έν
3131 2573 3495 2648 Βρεττανίαις,
3559 2571 3812 2648 βασιλεύ-

2143 2677 2256 2719 ,σας
2290 2655 2381 2728 ἔτη
2417 2657 2537 2717 δύο.
2582 2666 2790 2735 Καῖσαρ
2849 2658 2907 2716 δὲ
2963 2663 3030 2731 ἧν
3088 2660 3180 2732 ἔτη
3240 2663 3326 2736 ιγ’.
3387 2664 3481 2723 "Oc
3532 2661 3807 2737 ἒγέννησεν

2160 2744 2212 2817 ἐξ
2250 2746 2479 2818 Ἑλένης
2517 2756 2616 2818 τῆς
2648 2751 2872 2824 πρώτης
2929 2749 3092 2806 αὐτοῦ
3159 2751 3410 2826 γυναικὸς
3472 2751 3802 2807 Κωνσταντῖ·

2155 2855 2248 2890 νον
2273 2836 2364 2891 τὸν
2400 2839 2564 2911 μέγαν
2597 2838 2686 2892 καὶ
2743 2841 2917 2915 ἅγιον,
2949 2838 3070 2914 περὶ
3103 2840 3202 2908 τὴν
3232 2845 3330 2906 τῆς
3362 2840 3559 2899 Δακίας
3615 2837 3796 2893 πόλιν·

2156 2925 2214 2980 ὅν
2245 2927 2332 2981 καὶ
2363 2928 2678 3005 ἀναγορεύει
2709 2929 2820 2982 ἀντ’
2866 2930 3034 2983 αὐτοῦ
3095 2927 3318 3004 βασιλέα
3359 2927 3410 2983 ἐν
3468 2928 3649 3001 Ῥώμῃ
3704 2925 3790 2981 ἐπ’

2154 3013 2308 3090 ὄψεσι
2337 3019 2533 3078 παντὸς
2579 3021 2675 3072 τοῦ
2729 3015 2884 3085 λαοῦ,
2919 3017 3211 3092 περιόντων
3277 3017 3367 3072 καὶ
3419 3021 3520 3071 τῶν
3576 3015 3778 3071 λοιπῶν

2153 3104 2316 3159 αὐτοῦ
2352 3103 2583 3176 παίδῶν,
2619 3112 3016 3172 Κωνσταντίου,
3068 3106 3234 3184 φημὶ,
3267 3111 3362 3161 τοῦ
3403 3105 3601 3181 πατρὸς
3651 3108 3780 3161 Ἰου-

2152 3190 2344 3248 λιανοῦ
2373 3195 2462 3249 καὶ
2503 3193 2722 3250 Γάλλου
2777 3200 2874 3251 τοῦ
2930 3195 3020 3250 καὶ
3071 3195 3381 3269 Δαλματου·
3427 3195 3542 3268 μεθ’
3575 3195 3648 3248 ὧν
3701 3193 3788 3248 καὶ

2153 3284 2416 3357 Θυγατέρα
2447 3283 2564 3358 εἶχε
2611 3283 2986 3340 Κώνσταντίαν
3043 3286 3142 3352 τὴν
3202 3283 3478 3339 Λικιννίου
3527 3283 3792 3359 γαμετὴν,

2149 3369 2209 3426 ἐκ
2239 3370 2520 3446 Θεοδώρας
2557 3381 2658 3443 τῆς
2717 3375 2981 3449 θυγατρὸς
3039 3373 3364 3448 Ἐρκουλίου
3422 3379 3790 3450 γεννηθεῖσαν.

2149 3458 2324 3524 Οὗτος
2366 3459 2422 3516 δὲ
2456 3464 2483 3516 6
2515 3463 2884 3527 Κωνστοὶντιος
2925 3465 2952 3518 6
2983 3468 3078 3518 τοῦ
3133 3463 3388 3539 Μεγάλου
3447 3463 3796 3519 Κωνσταντί-

2144 3570 2236 3604 νου
2269 3552 2448 3626 πατὴρ
2474 3549 2832 3626 θυγατριδοῦς
2871 3553 2938 3621 ἦν
2969 3550 3243 3610 Κλαυδίου
3271 3557 3369 3608 τοῦ
3397 3549 3686 3626 βασιλέως.

2215 3643 2314 3698 Ἠν
2348 3641 2404 3696 δὲ
2433 3645 2502 3715 τῇ
2536 3639 2650 3713 ἰδέᾳ
2683 3645 2709 3698 6
2741 3643 2924 3720 Μέγας
2955 3645 3364 3706 Κωνσταντῖνος
3404 3642 3632 3717 μεσῆλιξ
3657 3648 3793 3716 (77),

2143 3729 2423 3807 εὐρότερος
2456 3731 2582 3794 τοὺς
2609 3727 2794 3806 ὤμους
2853 3733 2940 3786 καὶ
3003 3733 3181 3808 παχὺς
3237 3732 3328 3788 τὸν
3387 3730 3614 3806 αὐχένα,
3676 3733 3796 3786 ὅθεν

2141 3821 2230 3875 καὶ
2257 3820 2556 3896 Τραχηλᾶν
2607 3821 2766 3878 αὐτὸν
2821 3821 3195 3895 ἐπωνόμαζον,
3249 3824 3350 3892 τὴν
3401 3822 3596 3898 χροιὰν
3659 3821 3791 3897 ἐρυ-

2141 3909 2288 3985 θρὸς,
2318 3911 2415 3979 τήν
2471 3911 2637 3986 τρίχα
2681 3919 2780 3981 τῆς
2827 3910 3070 3991 κεφαλῆς
3102 3912 3164 3966 οὐ
3197 3909 3407 3966 δασεῖαν
3447 3908 3574 3966 οὐδὲ
3605 3910 3785 3982 οὔλην

2137 3993 2434 4074 ἕχων,τήν
2464 3997 2521 4056 δὲ
2574 4004 2670 4056 τοῦ
2698 3999 2907 4077 γενείου
2961 3999 3128 4075 ψιλὴν
3196 4021 3314 4063 πως
3370 4000 3456 4054 καὶ
3516 4001 3652 4072 πρὸς
3724 4001 3786 4055 τὸ

2139 4085 2280 4162 μηδὲ
2311 4089 2461 4166 φύειν
2492 4088 2787 4166 πολλαχοῦ
2833 4094 2927 4145 τοῦ
2989 4092 3311 4162 προσώπου,
3368 4091 3465 4159 τὴν
3501 4089 3624 4166 ῥῖνα
3659 4089 3787 4144 ἐπί-

2135 4199 2367 4255 γρυπον,
2407 4179 2471 4234 τὸ
2527 4177 2583 4234 δὲ
2639 4174 2796 4252 ὄμμα
2845 4178 3231 4255 παραπλήσιον
3308 4177 3508 4248 λέοντι,
3568 4178 3792 4254 χαρίεις

2133 4269 2222 4323 καὶ
2250 4270 2634 4348 φαιδρότατος,
2682 4266 2927 4330 παιδείας
2990 4270 3278 4344 μετασχὼν
3314 4269 3556 4344 μετρίας.
3614 4269 3696 4324 Τὸ
3731 4266 3790 4324 δὲ

2135 4357 2424 4434 ἐγκρατεὺς
2484 4361 2606 4435 περὶ
2686 4359 2779 4422 τὰς
2866 4359 3159 4434 ἐπιθυμίας
3234 4365 3334 4428 τῆς
3417 4359 3646 4434 γαστρὸς
3708 4357 3784 4421 εἲς

2133 4447 2294 4524 ἄκρον
2322 4451 2758 4522 κεκοσμημένος,
2809 4449 2860 4504 ἐν
2890 4454 3065 4522 τοῦτῳ
3127 4450 3224 4513 τὰς
3277 4447 3492 4511 πολλὰς
3559 4446 3784 4526 διαφεύ-

2134 4561 2248 4616 γειν
2306 4543 2402 4593 τοῦ
2471 4539 2725 4612 σώματος
2783 4537 2995 4608 νόσους,
3066 4540 3175 4619 οὐχ
3233 4539 3402 4614 ὑγιῶς
3451 4538 3616 4594 αὐτοῦ
3661 4536 3784 4592 δια-

2054 4607 2104 4670 D
2133 4628 2409 4702 κειμένου,
2442 4626 2794 4690 ἀπειλοῦντός
2847 4649 2904 4684 τε
2950 4607 3280 4700 λώϐηνὌκαί
3337 4626 3566 4706 φύοντος
3622 4625 3784 4683 πλεῖ-

2132 4738 2228 4772 στα
2261 4718 2546 4793 μοχθηρά.

2203 4809 2286 4880 [Ρ.
2330 4810 2455 4880 270]
2510 4806 2809 4883 Γαλλέριος
2859 4806 3039 4863 τοίνυν
3097 4807 3434 4881 Μαξιμιανὸς
3491 4802 3576 4862 ἕπὶ
3637 4808 3781 4862 Ἰτα-

2130 4893 2249 4950 λίαν
2280 4894 2457 4961 ὲλθὼν
2502 4896 2880 4975 ἐχειροτόνησε
2939 4897 3207 4972 Καίσαρας
3264 4895 3381 4966 δύο,
3440 4897 3776 4968 Μαξιμιανὸν

2133 4986 2226 5058 μὲν
2255 4987 2346 5041 τὸν
2382 4985 2516 5041 ἴδιον
2555 4987 2668 5041 υἱὸν
2697 4989 2832 5042 κατᾶ
2861 4989 2958 5057 τήν
2986 4989 3178 5060 Ἑῴαν,
3221 4988 3299 5067 ἐφ’
3327 4988 3388 5042 οὗ
3435 4986 3524 5042 καὶ
3557 4988 3608 5040 οἱ
3639 4987 3777 5061 πρὸς

2129 5076 2333 5148 πατρὸς
2362 5079 2442 5147 τῷ
2487 5074 2715 5151 μεγάλῳ
2774 5076 3048 5150 Βασιλείῳ
3079 5075 3302 5151 πατέρες
3336 5074 3427 5132 διὰ
3475 5079 3564 5130 τὸν
3616 5075 3782 5130 αὐτοῦ

1569 5165 1930 5224 XYLANDRI
1972 5172 2058 5228 ET
2096 5174 2336 5230 GOARII
2380 5176 2601 5230 NOTAE.

443 5269 552 5338 (77)
583 5270 649 5322 In
708 5264 1380 5340 descriptionegform‘zn
1417 5263 2018 5340 ConstantiniMagni

372 5331 461 5392 est
493 5331 627 5392 eum
659 5340 837 5394 fuisse
867 5331 1090 5394 dictum
1115 5331 1433 5409 Τραχηλᾶν,
1468 5334 1624 5404 quod
1659 5331 2020 5396 cervicosum

371 5410 667 5463 transtuli.
702 5410 867 5480 Apud
913 5410 1216 5480 Aurelium
1270 5409 1564 5480 Victorem
1600 5413 1688 5462 est
1713 5410 2019 5468 Traculam

369 5481 552 5535 fuisse
585 5477 1082 5549 cognominatum,
1113 5479 1216 5535 sed
1247 5480 1424 5534 aliam
1458 5477 1531 5531 ob
1563 5495 1821 5536 causam.
1871 5485 2014 5540 XvL.

368 5556 566 5632 Apage
597 5569 631 5606 a
662 5553 1093 5632 tamprzeclare
1125 5550 1496 5632 col-endqqu‘e
1529 5550 1830 5632 principe“
1853 5559 2022 5612 cervi-

367 5619 705 5695 cosifquam
737 5619 834 5678 hic
865 5622 1334 5678 comminiscitur
1364 5619 1682 5695 Xylander,
1716 5619 2019 5695 infamem

363 5690 588 5752 vocem.
622 5697 692 5752 Et
720 5695 822 5768 qui
878 5711 943 5751 os
991 5695 1389 5764 numerosque
1433 5690 1543 5748 deo
1595 5690 1807 5751 similis
1874 5698 2017 5756 Con-

2135 5271 2432 5346 stantinus
2480 5271 2802 5346 Τ,εαχηλᾶς,
2877 5292 2983 5330 ceu
3067 5277 3178 5330 lata
3234 5283 3518 5346 erectaque
3575 5272 3783 5346 cervice

2133 5344 2453 5415 (corporeae
2494 5344 2860 5402 fortitudinis
2929 5352 2986 5402 et
3042 5347 3262 5419 ingenii
3329 5344 3510 5404 ani—mi
3571 5345 3780 5418 signis)

2131 5419 2476 5501 conspicuus,
2497 5419 2801 5501 communi
2821 5419 3148 5500 'verborum
3202 5420 3372 5501 copia
3402 5419 3637 5475 laudem
3669 5434 3780 5488 po-

2091 5532 2097 5539 .
2128 5487 2248 5564 tiu_s
2273 5505 2394 5564 sua)
2427 5488 2765 5564 celsitudini
2817 5491 3105 5564 imparem
3141 5487 3409 5564 accipiat,
3445 5507 3620 5562 quam
3647 5487 3782 5564 guno

2089 5603 2093 5606 .
2134 5559 2260 5613 solo
2283 5559 2482 5636 minus
2536 5560 2789 5636 feliciter
2838 5559 3152 5618 adinvento
3196 5559 3480 5636 injuriaui
3511 5568 3569 5617 et
3599 5561 3785 5617 oITen-

2134 5645 2261 5685 sam
2291 5631 2568 5702 patiatur.
2606 5635 2776 5690 G‘om.
