4118 6288
327 364 453 438 BH

1478 363 2019 430 EISTORIARUM
2065 361 2615 427 COMPENDIUM.

3622 367 3743 428 518

338 505 591 585 διωγμὸν
656 505 731 568 εἷς
784 503 1028 581 ἰρήμους
1090 497 1451 577 μηρῦναντες
1524 496 1977 579 ἐφυγαδεύθησαν,

2102 497 2313 554 tionem
2344 497 2407 552 in
2441 495 2794 557 solitudines
2823 496 2999 571 longe
3026 498 3229 571 fugere
3260 498 3448 556 coacti
3477 500 3659 570 sunt),
3685 506 3746 556 et

341 594 585 674 Σεϐῆρον
644 593 703 651 δὲ
755 598 894 652 κατὰ
953 596 1056 666 τὴν
1115 591 1374 651 Ἰταλίαν.
1433 592 1501 651 Οἱ
1568 588 1625 648 δὶ
1678 591 1732 647 ἐν
1785 590 1981 665 ’Ῥώμῃ

340 691 665 764 στρατιῶται
714 684 1082 762 ἀνηγόρευσαν
1138 680 1435 755 Μαξέντιον
1493 683 1585 739 τὸν
1636 682 1751 737 υἱὸν
1807 681 1981 754 Mair.-

346 781 536 852 μιανοῦ
566 778 665 832 τοῦ
696 773 1020 850 Ἐρτιουλίου
1054 769 1305 849 βασιλέα.

410 868 696 942 Κρατήσας
736 865 829 920 οὗν
888 865 916 920 ὁ
971 863 1245 927 θειότατος
1311 861 1403 918 καὶ
1463 862 1985 941 χριστιανικώτατος

345 954 598 1031 βασιλεὺς
664 958 1059 1015 Κωνσταντῖνος
1143 946 1460 1007 ἐϐασίλευσε
1540 951 1793 1008 Γαλλιῶν
1873 952 1986 1025 (78)

344 1044 429 1101 καὶ
460 1045 805 1120 Βρεττανίας.
847 1045 939 1116 Τῷ
979 1042 1185 1119 πρώτῳ
1242 1040 1334 1097 οὖν
1383 1040 1548 1097 αὐτοῦ
1599 1034 1729 1110 ἔτει,
1778 1047 1879 1111 τῆς
1929 1036 1988 1095 δὲ

342 1133 483 1200 θείας
518 1134 843 1209 σαρκώσεως
874 1132 1013 1210 σίιαζ
1065 1135 1162 1188 τοῦ
1220 1128 1278 1186 δὲ
1323 1131 1535 1206 κόσμου
1582 1130 1748 1209 ἐψιιζν
1793 1131 1988 1186 τεσσα-

342 1244 432 1300 ρες
491 1222 644 1279 οὗτοι
711 1217 1129 1277 συνεϐασίλευσν
1188 1219 1357 1292 αὐτῷ,
1417 1221 1756 1295 Μαξιμιανὸς
1786 1221 1814 1276 ὁ
1847 1227 1986 1276 ΓαΛ-

342 1312 671 1387 λέριος,σὺν
732 1311 851 1368 δυσὶ
911 1311 1178 1388 Καίσαραι
1234 1306 1468 1387 Σεϐήρῳ
1525 1311 1616 1367 καὶ
1667 1313 1991 1384 Μαξιμιανῷ

340 1404 419 1476 τῷ
451 1400 758 1478 Γαλλερίου
789 1403 892 1475 υἱῷ
931 1402 1021 1458 καὶ
1084 1400 1365 1474 Μαξεντίῳ
1410 1404 1492 1474 τῷ
1539 1401 1642 1473 υίῷ
1700 1404 1798 1456 τοῦ
1856 1405 1988 1476 Ἐρ-

336 1490 590 1563 κουλίου,
621 1491 673 1546 ἐν
701 1492 893 1567 Ῥώμῃ
955 1491 1059 1547 ὑπὸ
1115 1494 1226 1546 τῶν
1287 1493 1634 1564 στρατιωτῶν
1691 1489 1988 1567 ἀναγορευ-

339 1580 478 1636 θέντι
520 1578 756 1657 βασιλεῖ.
792 1579 963 1638 Οὗτοι
992 1578 1283 1652 ἀλλήλους
1311 1573 1570 1635 ἔσπευδον
1626 1573 1991 1654 ὑπερϐάλλειν

342 1669 416 1734 εἷς
444 1670 537 1726 τὸν
580 1670 717 1726 κατὰ
783 1672 1121 1747 Χριστιανῶν
1183 1666 1454 1742 πόλεμον,
1514 1667 1657 1742 πάσῃ
1715 1687 1775 1722 τε
1829 1665 1993 1737 κακίᾳ

346 1760 436 1816 καὶ
493 1760 812 1834 θηλυμανίᾳ
868 1764 1131 1830 συζῶντες
1215 1759 1511 1833 ἀνατομαῖς
1608 1758 1820 1836 βρεφῶν
1884 1760 1992 1811 τῶν

340 1848 766 1927 ἐγκυμονουσῶν
811 1852 1078 1925 γυναικῶν
1143 1847 1195 1904 ἐν
1253 1848 1530 1922 μαντείαις
1569 1844 1835 1922 ἐχρῶντο,
1891 1845 1993 1921 ἀρ-
2021 1866 2071 1934 Β

339 1945 540 2018 παγαῖς
570 1960 629 1996 τε
656 1941 750 1996 καὶ
781 1941 995 2018 φόνοις,
1024 1938 1115 1994 καὶ
1147 1937 1246 1994 ὅσα
1274 1941 1519 1996 τοιαῦτα.

409 2031 521 2086 Τοῦ
579 2027 639 2085 δὲ
697 2023 948 2103 Σεϐήρου
1003 2026 1437 2099 τελευτήσαντος
1493 2026 1737 2083 Λικίνιον
1779 2028 1832 2082 οἱ
1859 2029 1997 2085 Ῥω-

345 2125 500 2194 μαῖοι
558 2118 802 2195 Καίσαρα
859 2118 1255 2196 ἀνηγόρευσαν,
1316 2117 1706 2191 Κωνσταντίνῳ
1762 2116 1990 2195 χαριζό-

345 2229 494 2282 μενοι
524 2203 763 2286 γαμϐρῷ
793 2206 957 2263 αὐτοῦ
1012 2204 1124 2263 ὄντι
1157 2205 1234 2268 εἷς
1288 2203 1531 2287 ἀδελφὴν
1589 2206 1989 2278 Κωνσταντίαν,

338 2296 430 2352 καὶ
487 2297 915 2371 ὑποκρινόμενον
975 2293 1186 2370 ψευδῶς
1270 2296 1371 2364 τὴν
1452 2296 1572 2361 καθ’
1625 2296 1773 2370 ἡμᾶς
1829 2297 1990 2353 εὗσέ-

343 2382 516 2443 ϐειαν.
551 2385 843 2461 Μαεέντιος
874 2383 931 2443 δὲ
984 2385 1239 2443 πάνδεινα
1295 2391 1412 2450 τοῖς
1461 2386 1763 2461 Ῥωμαίοις
1822 2386 1993 2444 ἐποίει

316 2479 497 2533 -κακάο
541 2477 639 2540 τάς
690 2497 750 2532 τε
803 2477 911 2553 γὰρ
967 2476 1153 2539 οὐσίας
1212 2475 1387 2531 αὐτῶν
1447 2475 1537 2532 καὶ
1595 2482 1846 2553 γυναῖκας
1903 2477 1994 2533 καὶ

353 2566 644 2643 θυγατέρας
684 2567 918 2641 ἥρπαζε,
956 2566 1048 2621 καὶ
1102 2564 1303 2628 αὐτοὺς
1358 2563 1723 2640 πολυτρόπως
1782 2566 1990 2643 ἀνῄρει,

338 2655 430 2712 καὶ
487 2654 699 2732 ἄμετρα
754 2661 869 2718 τοῖς
938 2653 1189 2729 δαίμοσιν
1270 2653 1640 2726 ἐξακολουθῶν
1727 2654 1990 2713 ἐπετέλει.

336 2747 492 2804 Ὅθεν
526 2746 619 2800 καὶ
679 2740 963 2820 πρεσϐείαν
1022 2744 1072 2799 οἱ
1129 2745 1396 2818 Ῥωμαῖοι
1454 2745 1591 2820 πρὸς
1650 2747 1991 2803 Κωνσταντῖι

337 2856 427 2892 νον
463 2835 835 2908 ποιησάμενοι
863 2834 999 2890 κατὰ
1025 2838 1122 2890 τοῦ
1163 2830 1456 2897 δυσσεϐοῦς
1511 2833 1810 2905 Μαξεντίου
1861 2839 1993 2892 τοῦ-

2094 590 2394 660 Severum,
2453 588 2555 660 qui
2610 589 2796 646 Italiae
2855 591 3195 663 imperaret.
3277 591 3489 648 Milites
3547 597 3747 651 autem

2095 686 2293 741 Romae
2351 681 2712 738 Maxentium
2792 681 3132 738 Maximiani
3215 683 3487 739 Herculei
3551 684 3744 740 ﬁlium

2094 773 2513 846 imperatorem
2544 770 3001 828 constituerunt.

2168 862 2594 919 Constantinus
2617 878 2753 934 ergo
2777 877 3050 935 magnus,
3073 863 3399 935 imperator
3417 864 3744 936 piissimus,

2095 951 2415 1024 imperium
2482 950 2683 1007 Galliae
2733 968 2803 1008 ac
2851 951 3170 1008 Britanniae
3219 951 3495 1008 obtinuit.
3546 955 3744 1010 Primo

2098 1043 2229 1115 ejus
2257 1058 2437 1110 anno,
2470 1042 2571 1114 qui
2604 1041 2718 1097 fuit
2747 1057 2782 1099 a
2811 1041 2996 1098 natali
3021 1041 3238 1097 Christi
3262 1046 3389 1112 291,
3415 1042 3488 1099 ab
3501 1045 3743 1101 exordio

2096 1132 2306 1188 mundi
2338 1134 2499 1202 5797,
2533 1131 2739 1188 habuit
2768 1132 2831 1187 in
2870 1131 3121 1204 imperio
3172 1137 3425 1204 quatuor
3467 1134 3744 1206 collegas,

2097 1220 2422 1291 Galerium,
2455 1221 2638 1293 hujus
2662 1220 2851 1277 ﬁlium
2881 1221 3326 1291 Maximianum,
3360 1227 3420 1277 et
3448 1222 3747 1293 Severum,

2098 1311 2359 1366 Caesares
2388 1311 2495 1365 hos
2526 1310 2696 1379 duos,
2732 1315 2791 1365 et
2819 1312 3178 1367 Maxentium
3212 1312 3481 1368 Herculei
3536 1313 3748 1383 ﬁlium,

2100 1402 2298 1455 Roma)
2343 1416 2378 1457 a
2424 1399 2714 1455 militibus
2752 1401 3174 1473 imperatorem
3225 1401 3622 1474 designatum.
3682 1403 3750 1457 Hi

2100 1489 2371 1545 certatim
2402 1490 2765 1547 Christianos
2793 1496 3224 1562 persequentes
3247 1491 3429 1547 vitam
3446 1509 3553 1564 per
3572 1508 3749 1548 omne

2102 1578 2297 1634 scelus
2334 1594 2403 1634 ac
2430 1579 2742 1635 libidinem
2772 1579 3109 1649 habebant;
3168 1584 3324 1638 474
3372 1584 3746 1655 gravidarum

2085 1683 2338 1740 quoque
2368 1668 2524 1725 fetus
2548 1669 2921 1740 exsecabant,
2955 1670 3147 1742 iisque
3200 1671 3273 1728 ad
3322 1672 3746 1729 divinationem

2102 1756 2693 1831 utebantur,rapinis,
2723 1758 2986 1816 caedibus
3008 1760 3260 1832 aliisque
3277 1760 3519 1835 ﬂagitiis
3542 1763 3747 1820 dediti.

2171 2024 2397 2081 Mortuo
2420 2025 2630 2081 Severo
2656 2025 2904 2084 Romani
2921 2027 3208 2084 Licinium
3225 2033 3518 2088 Caesarem
3540 2038 3747 2089 creant

2104 2111 2168 2167 in
2197 2114 2447 2186 gratiam
2478 2116 2871 2188 Constantini,
2922 2117 3093 2190 cujus
3140 2136 3405 2177 sororem
3449 2124 3744 2180 Constan-

2102 2205 2249 2261 tiam
2288 2221 2534 2262 uxorem
2581 2205 2633 2261 is
2674 2205 2949 2276 habebat,
2993 2206 3266 2279 falsoque
3315 2210 3634 2269 simulabat
3683 2230 3745 2270 se

2105 2296 2526 2351 Christianum.
2559 2296 2634 2351 Αι
2662 2295 2938 2352 Maxentii
2969 2302 3197 2354 atroces
3226 2305 3397 2355 erant
3424 2301 3486 2357 in
3534 2305 3748 2359 Roma-

2103 2401 2214 2441 nos
2244 2385 2502 2458 injuriae,
2524 2384 2858 2453 facultates,
2891 2402 3110 2443 uxores
3132 2388 3401 2460 ﬁliasque
3424 2406 3631 2448 eorum
3652 2409 3749 2449 ra-

2103 2476 2343 2548 pientis,
2376 2475 2654 2548 varieque
2677 2476 2837 2548 ipsos
2861 2476 3233 2544 trucidantis,
3256 2479 3747 2554 demonibusque

2103 2564 2178 2620 ad
2209 2565 2430 2637 quaevis
2475 2564 2699 2638 ﬂagitia
2748 2565 3024 2621 obeunda
3072 2566 3559 2640 obtemperantis.
3609 2570 3747 2627 Ideo

2102 2658 2353 2715 Romani
2410 2659 2864 2714 Constantinum
2931 2660 3132 2716 missis
3203 2660 3410 2735 legatis
3466 2663 3749 2720 adversus

2101 2750 2460 2807 Maxentium
2509 2756 2917 2808 evocaverunt.
2969 2754 3299 2810 Maxentius
3348 2754 3593 2812 ﬂuvium
3643 2758 3745 2829 qui

2100 2842 2347 2896 Romam
2379 2841 2749 2913 praeterﬂuit,
2808 2847 2987 2914 ponte
3046 2861 3115 2898 ex
3173 2844 3419 2901 navibus
3480 2848 3747 2903 confecto

312 2934 432 2982 ’τον
468 2924 769 3001 διήγειραν.
801 2926 860 2983 Ὁ
893 2923 951 2980 δὲ
1006 2924 1305 2995 Μαξέντιος
1361 2925 1454 2982 τὸν
1502 2924 1872 3003 παραρρέοντα
1918 2930 1988 3002 τῇ

2102 2929 2313 3002 iunxit,
2373 2936 2682 3002 castraque
2742 2932 2952 2987 castris
3007 2935 3375 2989 Constantini
3448 2937 3743 3007 opposuit.

334 3014 497 3071 πόλει
520 3014 768 3089 ποταμὸν
807 3013 961 3070 ναυσὶ
1026 3014 1344 3090 γεφυρώσας
1399 3013 1542 3069 κατὰ
1586 3018 1685 3069 τοῦ
1744 3013 1988 3091 μεγάλου

340 3103 752 3161 Κωνσταντίνου
809 3103 1284 3178 ἀντιπαρετάξατο.
1315 3103 1378 3160 Ὁ
1410 3100 1468 3158 δὶ
1515 3099 1708 3166 δεδιὼς
1749 3105 1844 3165 τὰς
1889 3108 1988 3160 τοῦ

324 3196 638 3267 ’Μαξεντίου
683 3192 939 3269 γοητείας
978 3190 1031 3247 ἐν
1081 3190 1274 3266 πολλῇ
1331 3193 1543 3266 ἀγωνίᾳ
1592 3191 1682 3262 ἧν.
1734 3191 1986 3249 Φαίνεται

353 3283 441 3338 οῦν
472 3284 613 3356 αὒτῷ
644 3281 696 3338 ἐν
726 3279 853 3357 ἕκτῃ
888 3282 1005 3356 ὥρᾳ
1030 3289 1130 3352 τῆς
1169 3280 1382 3358 ἡμέρας
1438 3282 1466 3336 ὁ
1505 3281 1688 3355 τίμίος
1738 3283 1988 3359 σταυρὸς,

352 3370 415 3427 ἐκ
488 3373 656 3449 φωτὸς
736 3371 1234 3444 κατεσκευασμένην
1320 3368 1465 3446 ἔχων
1543 3370 1846 3449 ἐπιγραφὴν
1917 3371 1990 3427 δι’

351 3461 599 3535 ἀστέρων.
632 3461 718 3516 Ἐν
746 3461 923 3534 τούτῳ
952 3458 1095 3519 νίκα.
1131 3461 1219 3516 Ἐν
1264 3459 1500 3535 ὁράματι
1546 3456 1604 3516 δὲ
1644 3467 1746 3530 τῆς
1794 3460 1988 3524 νυκτὸς

346 3550 627 3627 ἐφίσταται
681 3548 827 3623 αὐτῷ
859 3550 887 3604 ὁ
919 3549 1143 3624 Κύριος,
1205 3550 1405 3626 Λέγωνο
1466 3550 1688 3622 Χρῆσαι
1738 3554 1819 3623 τῷ
1879 3547 1988 3605 δει-

338 3639 526 3716 χθέντι
565 3661 650 3695 σοι
683 3638 923 3714 σημείῳ,
951 3640 1042 3694 καί
1097 3639 1240 3698 νίκα.
1292 3639 1429 3696 Τότε
1474 3640 1702 3715 σταυρὸν
1747 3644 1985 3715 χρυσοῦν

335 3727 655 3808 σχεδιάσας,
686 3727 745 3792 ὅς
776 3724 890 3785 ἔστι
925 3732 1093 3805 μεχρι
1119 3728 1211 3784 καὶ
1263 3733 1378 3796 νῦν,
1432 3726 1678 3784 ἐκέλευσε
1724 3730 1985 3807 προάγειν

334 3816 388 3873 ἰν
419 3823 503 3890 τῷ
534 3816 789 3890 πολέμῳ·
837 3817 928 3872 καὶ
987 3813 1274 3890 συμϐολῆς
1331 3819 1632 3893 γενομένης
1674 3819 1990 3889 ἡττήθησαν

336 3903 546 3979 οἱπερὶ
596 3901 916 3974 Μαξὲντιον,
973 3903 1061 3959 καὶ
1129 3906 1225 3958 τοῦ
1277 3900 1526 3973 πλήθους
1585 3900 1990 3979 ἀναιρουμένου

336 3990 638 4064 Μαξέντιος
673 3990 767 4047 σὺν
810 3996 928 4052 τοῖς
977 3988 1200 4054 λοιποῖς
1250 3994 1320 4064 τῇ
1375 3990 1579 4071 γεφύρᾳ
1638 3987 1806 4065 ἐπέϐη
1862 3992 1989 4072 φεύ-

336 4104 479 4160 γων,
510 4079 637 4152 ἥτις
678 4081 793 4154 θείᾳ
851 4079 1077 4156 δυνάμει
1134 4078 1488 4157 διαῤῥαγεῖσα
1527 4081 1579 4137 ἐν
1629 4086 1709 4154 τῷ
1755 4087 1991 4157 ποταμῷ

334 4172 542 4235 πάντας
595 4172 1000 4229 κατεπόντισεν.
1058 4172 1127 4229 Οἱ
1185 4168 1242 4226 δὶ
1302 4171 1569 4245 Ῥωμαῖοι
1626 4169 1989 4248 λυτρωθέντες

337 4269 441 4332 τῆς
471 4267 571 4318 τοῦ
609 4264 853 4336 πονηροῦ
911 4260 1207 4332 Μαξεντίου
1262 4257 1604 4336 τυραννίδος,
1664 4262 1764 4331 τήν
1825 4262 1990 4319 πόλιν

339 4353 797 4432 στεφανώσαντες,
836 4347 1162 4421 εῗσεδὲξαντο
1194 4351 1334 4424 μετά
1390 4354 1565 4430 χαρᾶς
1612 4352 1704 4407 τὸν
1759 4353 1989 4423 νικητήν

339 4444 757 4499 Κωνσταντῖνον
816 4442 909 4497 σὺν
962 4444 1044 4514 τῷ
1099 4446 1368 4515 νικοποιῴ
1441 4445 1678 4517 σταυρῷ,
1771 4450 1994 4519 σωτῆρα

340 4531 500 4589 αὐτὸν
529 4533 733 4611 ἀνευφη
744 4533 992 4606 μοῦντες.

2100 3020 2454 3076 Contantino
2486 3021 2815 3093 praestigias
2846 3022 3120 3077 Maxentii
3151 3024 3465 3092 metuenti,
3499 3026 3749 3095 ideoque

2097 3110 2256 3182 gravi
2279 3109 2683 3166 sollicitudine
2704 3110 2964 3179 detento,
2991 3117 3157 3169 sexta
3187 3112 3303 3169 diei
3335 3114 3483 3170 hora
3505 3131 3748 3171 venera-

2019 3235 2062 3301 C
2100 3203 2237 3259 bilis
2267 3221 2409 3259 crux
2441 3220 2512 3259 ex
2563 3204 2695 3260 luce
2741 3206 3013 3277 apparuit
3062 3224 3196 3262 cum
3246 3208 3632 3281 inscriptione
3680 3226 3751 3265 ex

2101 3293 2289 3348 stellis
2311 3293 2494 3350 facta:
2517 3296 2580 3349 ln
2597 3294 2707 3350 hoc
2732 3295 3113 3352 vince.Noctu
3127 3314 3362 3369 quoque
3387 3298 3440 3353 ei
3462 3299 3751 3355 Dominus

2099 3383 2376 3454 apparuit
2403 3382 2668 3451 adstans,
2700 3384 3176 3457 promittensque
3211 3387 3285 3457 ei,
3312 3387 3359 3441 si
3385 3386 3752 3445 demonstra-

2096 3477 2157 3527 to
2188 3477 2455 3528 uteretur
2485 3473 2674 3546 signo,
2706 3473 3035 3530 victoriam.
3070 3474 3272 3547 Itaque
3323 3475 3745 3534 Constantinus

2100 3575 2343 3617 auream
2366 3578 2762 3635 crucem,qum
2787 3563 3115 3620 etiamnum
3138 3567 3745 3633 exstat,tumultuario

2104 3667 2282 3722 opere
2310 3650 2639 3708 confectam
2664 3652 2929 3724 praeferri
2952 3653 3014 3709 in
3038 3670 3299 3726 pugnam
3313 3655 3527 3727 jussit;
3559 3674 3744 3729 eaque

2099 3741 2422 3797 commissa
2441 3743 2629 3797 victus
2651 3748 2743 3797 est
2762 3744 3041 3798 Maxentii
3066 3744 3454 3815 exercitus,ac
3478 3746 3748 3818 plerique

2101 3830 2300 3886 occisi.
2332 3831 2464 3903 Ipse
2496 3847 2630 3886 cum
2660 3832 2908 3901 reliquis
2964 3832 3196 3905 fugiens
3243 3835 3571 3891 Maxentius
3610 3851 3746 3892 cum

2096 3917 2164 3972 in
2194 3922 2437 3990 pontem
2467 3918 2744 3987 venisset,
2776 3920 2827 3975 is
2856 3920 3053 3977 divina
3098 3923 3151 3977 vi
3183 3926 3393 3995 ruptus
3440 3925 3747 3981 universos

2112 4023 2152 4062 n
2181 4006 2426 4063 ﬂuvium
2448 4006 2667 4079 dejecit
2695 4014 2873 4080 atque
2905 4009 3246 4066 submersit.
3273 4013 3526 4069 Romani
3551 4019 3745 4086 tyran-

2103 4094 2241 4151 nide
2284 4096 2557 4151 scelerati
2621 4098 2897 4154 Maxentii
2953 4098 3190 4155 liberati
3245 4101 3455 4158 urbem
3516 4103 3753 4159 coronis

2101 4189 2335 4253 ornant,
2363 4185 2763 4259 victoremque
2803 4189 2952 4247 475
3016 4190 3471 4247 Constantinum
3522 4192 3641 4248 laeti
3689 4193 3752 4249 in

2100 4292 2232 4331 eam
2261 4276 2575 4348 recipiunt,
2618 4292 2739 4334 una
2783 4296 2919 4335 cum
2968 4297 3142 4337 cruce
3192 4282 3450 4337 victorim
3500 4282 3747 4349 datrice,

2099 4369 2579 4437 servatoremque
2602 4383 2737 4423 cum
2758 4369 2967 4425 faustis
2993 4369 3526 4427 acclamationibus
3544 4372 3749 4444 praedi-

2099 4460 2256 4511 cant.

411 4624 496 4698 [P.
532 4602 683 4696 27f].
706 4602 798 4695 Tt")
831 4623 871 4692 ζ’
902 4620 1009 4678 ἔτει
1065 4629 1166 4693 τῆς
1223 4619 1504 4698 βασιλείας
1549 4621 1716 4713 αὐτοῦ
1746 4622 1774 4678 ὁ
1807 4624 1988 4699 Μέγας

2170 4634 2433 4707 Septimo
2464 4636 2701 4708 imperii
2731 4637 2821 4694 sui
2852 4655 3010 4695 anno
3042 4640 3284 4713 Magnus
3328 4640 3754 4696 Constantinus

339 4714 750 4775 Κωνσταντῖνος
835 4718 937 4782 τῆς
994 4712 1218 4785 Ῥώμης
1278 4713 1552 4787 κρατήσας
1609 4712 1715 4788 πρὸ
1773 4715 1988 4769 πάντων

336 4799 406 4855 τὰ
460 4798 692 4874 λείψανα
747 4803 855 4855 τῶν
912 4799 1083 4874 ἁγίων
1169 4799 1461 4877 μαρτύρων
1542 4803 1612 4875 τῇ
1668 4799 1791 4872 ὁσίᾳ
1842 4804 1987 4878 ταφῇ

339 4886 644 4963 παρέδωκε,
703 4891 794 4944 καὶ
851 4888 979 4949 τοὺς
1037 4887 1097 4944 ἐν
1153 4888 1385 4963 ἐξορίαις
1444 4887 1823 4947 ἀνεκαλέσατο.
1885 4892 1988 4946 Καὶ

340 4977 446 5033 ὑπὸ
496 4973 834 5054 Σιλϐἐστρου
891 4982 989 5033 τοῦ
1048 4978 1347 5033 ὀσιωτατου
1402 4978 1555 5034 πάπα
1608 4980 1837 5052 Ῥώμης
1896 4982 1990 5055 βα-

340 5068 587 5138 πτίζεται
620 5068 712 5123 καὶ
740 5074 840 5137 τῆς
872 5062 1065 5138 λώϐης
1091 5066 1521 5142 ἐξελευθεροῦται
1550 5068 1738 5143 τρόπῳ
1766 5068 1984 5144 τοιῷδε·

339 5156 436 5219 Εἷς
465 5158 689 5231 Ῥώμην
714 5155 978 5221 εἰσελθὼν
1039 5158 1173 5230 μετὰ
1216 5158 1315 5225 τήν
1370 5157 1505 5211 κατὰ
1559 5159 1851 5229 Μαξεντίου
1907 5159 1987 5214 νί-

2103 4727 2286 4782 Roma
2311 4727 2510 4799 potius
2541 4728 2692 4783 nihil
2720 4729 3024 4800 antiquius
3042 4729 3249 4785 habuit
3270 4746 3447 4801 quam
3468 4730 3751 4802 reliquias

2098 4821 2440 4871 sanctorum
2472 4823 2799 4888 martyrum
2831 4819 3077 4874 honeste
3110 4819 3360 4891 sepelire
3414 4825 3471 4875 et
3521 4820 3755 4875 exsules

2097 4921 2395 4961 revocare.
2418 4907 2576 4962 Tunc
2601 4907 2779 4962 etiam
2798 4925 2833 4964 a
2858 4908 3136 4963 Silvestro
3162 4909 3534 4963 sanctissimo
3552 4909 3746 4962 Roman

2096 5010 2248 5066 papa
2277 4993 2609 5067 baptizatus
2640 4996 2924 5068 lepraque
2959 4997 3073 5052 hoc
3103 5002 3271 5069 pacto
3318 4997 3603 5052 liberatus
3636 5001 3742 5051 est.

2098 5083 2242 5138 Cum
2270 5084 2418 5138 victo
2451 5085 2744 5140 Maxentio
2776 5087 3022 5141 Romam
3053 5086 3355 5153 intrasset,
3392 5085 3651 5140 medicos
3673 5085 3745 5140 ad

2099 5188 2161 5226 se
2191 5178 2474 5228 convocat
2502 5174 2603 5244 qui
2632 5173 2907 5229 morbum
2935 5174 3323 5246 depellerent.
3370 5175 3514 5229 Ecce
3544 5180 3743 5229 autem

336 5266 442 5317 κην
497 5251 649 5317 ζητεῖ
708 5246 925 5322 ἰατροὺς
1003 5248 1395 5323 θεραπευθῆναι
1461 5253 1560 5318 τῆς
1635 5250 1822 5306 νόσου.
1884 5254 1987 5309 Καὶ

2102 5260 2281 5315 Iudaei
2308 5262 2551 5333 quidam
2566 5262 2985 5333 imperatorem
3009 5262 3427 5333 accedunt,qui
3442 5262 3740 5319 lavacrum

1523 5379 1887 5436 XYLANDRI
1926 5383 2013 5437 ET
2051 5384 2297 5441 GOARII
2336 5387 2560 5444 NOTAE.

410 5505 524 5587 (“(8)
558 5507 675 5587 [loc
710 5520 909 5587 secum
927 5504 1117 5587 felicis
1143 5503 1362 5587 ominis
1382 5503 1704 5587 galliarum
1733 5521 1983 5587 regnum
2093 5508 2552 5587 Christianissimi
2578 5529 2799 5570 nomen
2857 5521 3296 5587 assequeretur,
3328 5529 3605 5585 unusque
3660 5530 3744 5569 sa-

310 5575 662 5661 -porte'ndit,
693 5577 902 5661 ut‘si‘bi
957 5583 1034 5659 et_
1062 5575 1981 5661 Ecclesiaa_datus'ecmloilrex,
2069 5582 2353 5661 mimus
2386 5588 2445 5638 et
2471 5584 2843 5644 divinissimus
2890 5575 3028 5660 prae.
3064 5575 3296 5647 caeteris
3343 5575 3744 5661 proclamare-

311 5646 496 5730 {sicut
523 5650 681 5705 inter
710 5648 917 5705 fideles
947 5648 1247 5722 principes
1276 5647 1499 5721 primas
1532 5646 1781 5718 obtinet,
1814 5649 1895 5706 ita
1926 5646 1986 5706 et

2115 5669 2208 5709 ur.
2244 5653 2422 5712 Cosa.
