4118 6288
411 357 527 417 519

1770 353 2088 416 GEORGII
2133 353 2470 414 CEDRENI

3693 351 3816 412 520

412 491 761 549 lactentium
791 505 1113 563 puerorum
1143 489 1430 563 sanguine
1482 491 1717 563 impleri
1762 491 1824 545 in
1877 507 2060 562 eaque

2180 488 2246 559 δὴ
2283 487 2536 545 Ἰουδαῖοί
2564 511 2706 554 τινες
2736 488 2995 568 ἔρχονται
3025 490 3278 567 λέγοντες
3308 490 3396 545 ὃτι
3424 483 3820 562 κολυμϐήθραν

413 581 574 636 ablui
600 581 899 652 juberent,
933 581 1014 635 ita
1044 580 1210 652 lepra
1228 579 2066 635 liberandum.Conducuntur

409 671 611 740 itaque
643 671 771 740 ejus
801 669 886 724 rei
917 686 1097 724 causa
1126 669 1383 724 infantes
1407 686 1542 724 cum
1558 668 1848 724 matribus
1873 686 1888 735 ;
1916 685 2035 739 qua

415 775 547 814 rum
580 759 860 830 ejulatus,
894 759 1150 813 crinium
1181 759 1540 824 evulsiones,
1587 759 1822 829 aliaque
1864 757 2066 828 qualia

412 850 656 905 intimus
689 850 857 904 dolor
910 849 1252 904 hominibus
1300 849 1596 920 exprimit,
1652 848 1795 918 quid
1843 848 2062 902 referre

409 939 666 994 attinet?
699 940 844 994 Sane
875 939 1294 994 Constantinus
1327 939 1439 993 ista
1456 939 1661 992 videns
1680 939 1805 1007 ipse
1826 953 2063 1007 quoque

409 1027 821 1099 illacrymavit,
857 1028 1164 1098 dixitque:
1222 1029 1469 1081 Praastat
1517 1043 1612 1080 me
1657 1025 1852 1080 solum
1907 1024 2063 1079 male

410 1117 563 1171 mori
598 1134 774 1188 quam
816 1117 960 1171 istos
993 1115 1274 1183 infantes,
1321 1116 1651 1186 praesertim
1702 1115 1926 1169 incerto
1974 1113 2060 1168 rei

413 1207 593 1261 exitu.
631 1206 937 1276 Simulque
971 1206 1064 1259 his
1085 1205 1259 1259 dictis
1298 1210 1519 1259 matres
1538 1204 1790 1275 benigne
1815 1203 2062 1258 donatas

415 1296 731 1350 indemnes
764 1295 1010 1349 dimisit.
1046 1296 1170 1348 Mox
1203 1310 1309 1365 per
1348 1293 1712 1347 insomnium
1743 1291 1887 1345 vidit
1915 1291 2062 1346 duos

416 1402 662 1457 magnos
694 1383 830 1438 illos
865 1383 1168 1455 apostolos
1200 1385 1439 1436 Petrum
1470 1387 1529 1436 et
1557 1381 1829 1446 Paulum,
1864 1397 1898 1434 a
1926 1380 2062 1449 qui-

415 1476 524 1528 bus
565 1473 920 1528 monebatur
973 1473 1060 1526 uti
1111 1471 1274 1526 urbis
1317 1472 1660 1542 episcopum
1719 1469 2061 1523 Silvestrum

415 1563 782 1632 requireret:
819 1562 890 1616 ab
923 1562 1033 1615 hoc
1060 1561 1113 1615 ei
1146 1561 1443 1615 lavacrum
1467 1559 1940 1614 demonstratum
1964 1557 2059 1624 iri,

409 1651 570 1721 quod
613 1657 671 1705 et
711 1651 926 1705 animas
978 1655 1034 1704 et
1081 1649 1344 1720 corporis
1395 1648 1553 1704 mala
1601 1653 1799 1718 posset
1837 1646 2061 1700 eluere.

419 1740 591 1795 Redit
619 1757 756 1811 ergo
788 1739 1064 1794 Silvester
1093 1739 1360 1806 Romam,
1402 1753 1520 1808 qua
1549 1736 1621 1791 ob
1645 1735 2060 1808 ingravescen-

2170 581 2282 658 χρὴ
2315 583 2542 644 ποιῆσαι
2581 581 2669 659 ἀφ’
2729 581 2958 654 α’ίματος
3022 580 3344 653 ὑπομαζίων
3407 579 3620 653 βρεφῶν
3651 577 3740 632 καὶ
3770 577 3824 633 ἐν

2169 667 2304 742 αὐτῇ
2364 667 2697 742 λουσάμενον
2752 674 3165 743 καθαρισθῆναι.
3234 668 3568 744 Συνάγονται
3627 666 3718 721 οὖν
3755 668 3822 721 τὰ

2172 756 2344 833 βρέφη
2383 757 2516 830 μετᾶ
2565 764 2673 812 τῶν
2733 758 3005 832 μητέρων.
3068 758 3170 814 Καὶ
3221 756 3275 812 τί
3333 753 3414 812 δεῖ
3471 753 3651 830 λέγειν
3692 753 3820 817 τοὺς

2165 849 2274 900 τῶν
2307 847 2557 921 μητέρων
2586 844 2862 923 ὀδυρμοὺς
2917 848 3007 901 καὶ
3065 847 3158 908 τὰς
3213 851 3318 901 τῶν
3345 851 3556 921 τριχῶν
3590 843 3825 909 ἐκκοπὰς

2166 934 2256 988 καὶ
2313 935 2492 990 τᾶλλα
2551 935 2648 990 ὅσα
2699 941 2816 998 τοῖς
2876 935 2934 991 ἐκ
2991 939 3176 1010 ψυχῆς
3238 932 3602 1007 ὀδυνωμένοις
3668 932 3823 1003 ἐστί;

2165 1026 2341 1078 Ταῦτα
2395 1021 2522 1079 ἰδὼν
2580 1023 2786 1086 ἐκεῖνος
2841 1025 2932 1079 καὶ
2989 1021 3289 1098 σύνδακρυς
3340 1023 3630 1098 γενόμενος
3683 1023 3822 1077 εἴπεο

2168 1112 2348 1169 Καλόν
2379 1113 2491 1169 ἐστι
2525 1113 2738 1188 μᾶλλον
2767 1115 2865 1188 ἐμὲ
2899 1115 3064 1188 μόνον
3118 1115 3272 1186 κακῴ
3323 1115 3480 1188 μόρῳ
3540 1114 3824 1176 ἀποθανεῖν

2166 1201 2200 1270 ἢ
2261 1207 2430 1258 ταῦτα
2483 1205 2550 1258 τὰ
2621 1203 2814 1283 βρέφη.
2875 1203 3055 1259 Ἀλλά
3109 1203 3200 1258 καὶ
3252 1203 3333 1262 τίς
3389 1201 3528 1257 οἶδεν
3573 1202 3633 1256 τὸ
3665 1200 3830 1262 τέλος

2167 1290 2358 1346 ὁποῖον
2389 1312 2402 1360 ;
2435 1291 2619 1349 Ταῦτα
2649 1293 2815 1348 εἰπὼν
2857 1293 2946 1347 καὶ
3003 1294 3101 1354 τὰς
3161 1292 3400 1366 μητέρας
3433 1288 3633 1367 δώροις
3664 1291 3829 1369 φιλο-

2167 1383 2582 1455 φρονησάμενος
2643 1381 2904 1436 ἀπέλυσεν
2971 1381 3021 1436 ἐν
3079 1382 3292 1457 εἰρήνῇ,
3353 1381 3530 1454 Ταύτῃ
3591 1401 3677 1434 τοι
3734 1387 3828 1442 καὶ

2166 1471 2282 1524 κατ’
2312 1470 2437 1544 ὅναρ
2488 1473 2588 1546 ὁρᾷ
2641 1471 2768 1533 τοὺς
2825 1469 2921 1526 δύο
2985 1470 3254 1544 μεγάλους
3311 1469 3655 1531 ἀποστόλους
3712 1468 3820 1523 Πέ-

2163 1579 2290 1634 τρον
2319 1560 2410 1615 καὶ
2468 1559 2683 1617 Ηαῦλον
2743 1561 3220 1636 προτρεπομένους
3274 1559 3438 1614 αὐτὸν
3483 1554 3823 1632 Σίλϐεστρον

2169 1655 2401 1720 ζητῆσαι
2467 1651 2558 1705 τὸν
2630 1649 2924 1706 ἐπίσκοπον
3008 1657 3108 1718 τῆς
3190 1648 3425 1710 πόλεως·
3498 1648 3595 1703 Καὶ
3663 1646 3827 1709 αὐτὸς

2168 1735 2435 1807 ὑποδείξει
2470 1759 2556 1793 σοι
2587 1734 2985 1814 κολυμϐήθραν
3045 1735 3113 1793 δι’
3167 1739 3235 1806 ἧς
3292 1745 3392 1808 τῆς
3425 1757 3482 1792 τε
3515 1740 3701 1812 ψυχῆς
3730 1736 3829 1797 τὰς

415 1835 504 1883 tes
545 1828 988 1900 persecutiones
1048 1826 1436 1891 exsulaverat,
1495 1831 1553 1879 et
1609 1825 2060 1880 Constantinum

2173 1827 2363 1889 νόσους
2392 1828 2481 1881 καὶ
2528 1829 2630 1882 τοῦ
2689 1829 2944 1902 σώματος
3004 1828 3398 1902 θεραπευθησῃ.
3442 1828 3704 1902 Ἔρχεται
3735 1822 3830 1878 οὗν

414 1918 761 1972 Christianae
795 1917 1099 1988 religionis
1132 1915 1401 1970 doctrina
1446 1913 1679 1982 imbuit,
1741 1919 1918 1984 atque
1965 1913 2062 1967 ba-

409 2009 606 2079 ptizat.
639 2008 746 2072 Qui
803 2023 938 2061 cum
1003 2006 1076 2060 de
1136 2022 1301 2060 sacro
1334 2003 1752 2076 zadscenderet
1805 2003 2060 2067 lavacro,

413 2097 576 2151 illico
595 2111 846 2166 corpore
868 2095 997 2166 ejus
1025 2094 1297 2164 quaedam
1328 2108 1607 2164 squamas
1628 2092 1880 2162 piscium
1896 2089 2062 2145 simi-

417 2185 671 2240 litudine
685 2183 1034 2256 attingentia
1048 2185 1140 2237 47
1153 2183 1200 2237 ϐ
1220 2182 1588 2248 deciderunt,
1608 2182 1836 2251 fuitque
1855 2195 2063 2251 purga-

417 2282 530 2341 tus,
558 2281 614 2328 et
637 2278 791 2328 totus
814 2275 893 2327 ita
913 2272 1172 2326 mundus
1187 2277 1252 2325 ut
1269 2271 1418 2326 solet
1439 2271 1695 2326 mundus
1717 2285 1847 2324 esse
1864 2269 2062 2323 infans

417 2380 629 2418 recens
660 2368 850 2416 natus.
885 2363 950 2415 Id
978 2377 1114 2416 cum
1145 2360 1368 2414 videret
1386 2359 1661 2430 populus,
1685 2359 1894 2430 ingens
1911 2357 2064 2412 mul-

410 2451 600 2506 titudo
633 2451 924 2521 baptizata
955 2457 1064 2516 est,
1098 2454 1274 2519 atque
1299 2447 2060 2520 etiamﬁrispustonstan-

420 2541 528 2594 tini
563 2539 743 2593 ﬁlius.

479 2629 586 2694 Qui
620 2633 819 2684 autem
851 2627 1056 2683 dicunt
1083 2627 1532 2682 Constantinum
1581 2631 1769 2680 morte
1820 2625 2061 2680 demum

409 2718 925 2789 apprOpinquante
959 2717 1029 2772 ab
1088 2715 1338 2771 Eusebio
1389 2715 1745 2770 Nicomediae
1776 2715 2058 2786 episcopo

409 2809 626 2862 Ariano
659 2806 839 2862 fuisse
871 2805 1228 2861 Nicomediaa
1260 2805 1636 2877 baptizatum,
1690 2810 1909 2860 errant.
1963 2805 2059 2859 Di-

411 2902 553 2950 cunt
581 2895 654 2950 ab
696 2911 762 2949 eo
830 2894 1190 2966 baptismum
1251 2893 1523 2956 dilatum,
1582 2892 1740 2962 quod
1793 2898 2062 2963 speraret

412 3003 474 3040 se
507 2985 566 3039 in
595 2983 849 3040 Jordane
876 2983 1232 3055 baptizatum
1265 2983 1357 3039 iri.
1407 2982 1558 3048 Quid
1605 2999 1740 3037 \ero
1788 2981 2060 3037 obstabat

417 3091 523 3129 cur
551 3092 674 3129 non
695 3075 823 3146 jam
852 3078 976 3128 tum
999 3074 1060 3128 in
1086 3073 1340 3129 Jordane
1369 3073 1784 3143 baptizaretur,
1835 3088 1969 3125 cum
2002 3076 2060 3126 et

416 3163 712 3218 Galerium
744 3163 806 3216 in
837 3162 1074 3217 Oriente
1115 3162 1444 3216 debellaret
1486 3166 1545 3215 et
1579 3160 1773 3215 denuo
1814 3159 1877 3213 in
1918 3161 2054 3214 Per-

2174 1918 2202 1971 6
2273 1912 2606 1992 Σίλὸεστρος
2676 1915 2765 1972 διὰ
2828 1919 2956 1979 τοὺς
3021 1916 3398 1990 ἐπικειμένους
3465 1912 3742 1988 διωγμοὺς
3784 1913 3836 1968 ἐν

2175 2005 2437 2084 φυγαδείᾳ
2501 2006 2700 2074 τελῶν,
2759 2007 2852 2061 καὶ
2916 2007 3161 2080 βαπτίζει
3227 2007 3548 2080 κατηχήσας
3611 2009 3833 2059 τοῦτον.

2176 2097 2349 2158 Εὐθὺς
2378 2096 2468 2150 οὗν
2513 2095 2620 2150 ἀπὸ
2669 2103 2771 2165 τῆς
2829 2096 2972 2159 θείας
3026 2090 3425 2169 κολυμϐήθρας
3455 2092 3830 2168 ἀνερχομένου

2171 2190 2267 2240 τοῦ
2300 2185 2706 2241 Κωνσταντίνου
2755 2183 2997 2255 ἐξέπεσον
3058 2184 3165 2239 ἀπὸ
3220 2187 3316 2238 τοῦ
3376 2185 3631 2255 σώματος
3663 2181 3830 2237 αὐτοῦ

2172 2275 2300 2328 ὡσεὶ
2335 2273 2574 2342 λεπίδες,
2607 2275 2697 2329 καὶ
2741 2273 3089 2349 ἐκαθαρίσθη,
3137 2273 3228 2328 καὶ
3271 2275 3482 2348 γέγονεν
3515 2270 3647 2326 ὅλον
3683 2272 3828 2347 ὑγιὲς

2171 2364 2245 2425 ὡς
2276 2361 2567 2438 παιδαρίου
2603 2368 2820 2439 μικροῦ.
2879 2366 3054 2419 Τοῦτο
3113 2360 3320 2422 ῗδόντες
3363 2362 3414 2415 οἱ
3446 2359 3572 2416 λαοὶ
3603 2356 3836 2416 ἐϐαπτί-

2173 2463 2372 2522 σθησαν
2406 2450 2644 2526 ἄπειροι,
2693 2453 2783 2506 καὶ
2835 2453 3078 2526 Κρίσπος
3131 2452 3160 2506 6
3219 2450 3332 2512 υίὸς
3391 2449 3829 2510 Κωνσταντίνου.

2242 2629 2309 2685 Οἱ
2369 2625 2428 2683 δὲ
2497 2627 2743 2704 λέγοντες
2805 2627 2856 2684 έν
2913 2625 3258 2700 Νικομηδείᾳ
3310 2628 3448 2682 κατᾶ
3503 2628 3594 2681 τὸν
3657 2628 3826 2682 αὐτοῦ

2172 2717 2399 2782 θάνατον
2437 2719 2797 2792 βαπτισθῆναι
2847 2718 2950 2773 ὑπὸ
3004 2713 3264 2774 Εὐσεϐίου
3314 2721 3416 2772 τοῦ
3445 2714 3825 2789 Νικομηδείας

2168 2811 2265 2861 τοῦ
2324 2808 2602 2881 ’Λρειανοῦ
2659 2804 2964 2880 ψεύδονται.
3039 2808 3176 2862 Φασὶ
3261 2810 3365 2880 γὰρ
3426 2801 3818 2860 ἀναϐάλλεσθαι

2169 2896 2330 2950 αὐτὸν
2363 2897 2424 2950 τὸ
2459 2895 2741 2970 βάπτισμα
2790 2894 2879 2950 διὰ
2916 2897 2978 2951 τὸ
3036 2894 3278 2964 ἐλπίζειν
3311 2895 3469 2950 αὐτὸν
3501 2893 3551 2948 ἐν
3581 2898 3659 2964 τῷ
3692 2894 3815 2966 ἰορ-

2170 2983 2300 3062 δάνῃ
2363 2989 2748 3061 βαπτισθῆναι.
2806 2987 2873 3043 Τί
2927 2988 3031 3063 γὰρ
3090 2987 3157 3055 ἦν
3214 2985 3362 3057 αύτῷ
3406 2984 3492 3039 καὶ
3541 2979 3807 3057 ἐμποδὼν,

2167 3078 2261 3132 τὸν
2307 3076 2605 3152 Γαλλέριον
2665 3075 2716 3132 ἐν
2776 3080 2846 3151 τῇ
2903 3075 3175 3149 Ἀνατολῇ
3234 3073 3696 3146 καταπολεμοῦντι
3719 3071 3809 3126 καὶ

2171 3166 2246 3228 είς
2276 3166 2500 3241 Περσίαν
2528 3166 2694 3222 πάλιν
2753 3165 2812 3221 ἐκ
2861 3163 3116 3238 δευτέρου
3162 3164 3482 3231 εἰσελθόντι,
3543 3163 3617 3236 μὴ
3644 3159 3816 3216 ἀπελ-

410 3251 560 3304 siam
585 3250 1096 3321 proﬁcisceretur?
1123 3251 1250 3304 Jam
1273 3249 1431 3320 quod
1455 3266 1588 3304 eum
1611 3247 1881 3303 nonnulli
1915 3265 2055 3318 spu-

2173 3257 2280 3310 θεῖν
2308 3257 2393 3310 καὶ
2434 3257 2796 3330 βαπτισθῆναι
2855 3253 2906 3309 ἐν
2964 3259 3043 3326 τῷ
3097 3251 3386 3327 Ἰορδάνῃ;
3433 3250 3612 3309 Ἀλλὰ
3637 3250 3726 3304 καὶ
3757 3249 3820 3305 τὸ

407 3339 561 3392 rium
586 3339 1050 3406 calumniantur,
1079 3346 1362 3393 extrema)
1385 3345 1475 3393 est
1495 3339 2060 3409 improbitatis,cum

409 3428 540 3495 ejus
571 3429 748 3498 stirps
781 3427 1165 3498 imperatoria
1195 3427 1374 3481 fuerit
1420 3427 1597 3481 etiam
1646 3433 1782 3482 ante
1836 3428 2060 3482 Diocle-

417 3520 665 3572 tianum.
700 3520 874 3572 Pater
907 3519 1066 3572 enim
1102 3520 1296 3590 magni
1330 3519 1700 3574 Constantini
1749 3519 1862 3574 fuit
1911 3521 2065 3574 Con-

419 3609 712 3676 santinus,
749 3609 872 3663 ﬁlia
894 3609 1120 3664 Claudii
1149 3609 1715 3681 imperatorisnatus
1741 3627 1752 3662 :
1784 3609 1832 3665 is
1858 3628 1927 3666 ex
1942 3610 2064 3680 pri-

416 3715 822 3753 masuauxore
855 3699 1076 3754 Helena
1104 3700 1559 3755 Constantinum
1591 3699 1845 3765 sustulit,
1878 3699 2061 3754 veluti

413 3789 745 3844 indicatum
777 3806 810 3844 a
842 3789 1016 3844 nobis
1045 3790 1177 3844 fuit.

487 3879 784 3950 Baptizato
817 3879 1202 3934 Constantino
1260 3881 1416 3933 Deus
1464 3895 1570 3950 per
1615 3879 1852 3934 beatum
1886 3880 2062 3936 Silve-

415 3973 604 4022 strum
638 3983 851 4038 magna
883 3967 1069 4022 edidit
1097 3967 1380 4022 miracula
1404 3984 1417 4035 ;
1451 3967 1522 4022 de
1546 3967 1761 4038 quibus
1783 3969 2060 4024 omnibus

412 4057 658 4110 unicum
699 4057 1199 4112 commemorabo.
1233 4055 1322 4111 Ad
1355 4056 1745 4112 fundamenta
1786 4057 2059 4128 Capitolii

413 4147 638 4208 Romm.
670 4145 959 4201 descensu
989 4146 1280 4218 graduum
1313 4148 1436 4212 365,
1469 4145 1700 4201 inferne
1757 4146 2062 4202 habitabat

413 4233 590 4289 draco
613 4233 877 4304 quidam,
910 4235 1005 4289 cui
1035 4235 1216 4290 Grmci
1251 4234 1517 4306 quotidie
1547 4251 1673 4290 rem
1715 4251 1943 4290 sacram
1971 4236 2061 4290 fa-

414 4323 670 4379 ciebant.
703 4323 940 4393 Absque
971 4323 1130 4378 enim
1181 4325 1291 4378 hoc
1351 4328 1524 4388 esset,
1577 4323 1772 4378 subito
1823 4323 2058 4378 irruens

413 4412 635 4466 multos
668 4411 936 4466 laedebat.
971 4414 1050 4466 Eo
1083 4413 1361 4466 Silvester
1389 4411 1716 4477 descendit,
1741 4418 1799 4466 et
1823 4413 2059 4467 inventa

411 4501 621 4572 exigua
654 4502 801 4554 477
840 4501 1012 4565 cella,
1047 4518 1176 4571 quae
1231 4502 1402 4555 aereis
1455 4507 1592 4571 apta
1634 4507 1762 4556 erat
1807 4502 2055 4568 foribus,

2173 3347 2247 3407 ὡς
2293 3347 2452 3410 νόθον
2514 3343 2828 3400 δίαϐάλλειν
2887 3345 3046 3400 αὐτὸν
3105 3345 3282 3415 πάσης
3339 3343 3527 3404 κακίας
3561 3341 3818 3397 ἐστίν.ἹῙ

2172 3436 2276 3512 γὰρ
2314 3436 2466 3512 γενεᾶ
2495 3436 2659 3490 αὐτοῦ
2695 3433 2951 3510 βασιλικὴ
3015 3434 3232 3508 ὑπῆρχε
3288 3433 3378 3487 καὶ
3434 3432 3541 3503 πρὸ
3585 3428 3829 3501 Διοκλη-

2170 3530 2377 3582 τιανοῦ.
2438 3526 2538 3581 Καὶ
2596 3525 2698 3599 γὰρ
2759 3525 2786 3578 6
2844 3526 3026 3598 πατὴρ
3084 3524 3254 3578 αὐτοῦ
3316 3521 3695 3582 Κωνστάντιος
3734 3521 3828 3574 Ou-

2169 3611 2459 3688 γατριδοῦς
2514 3617 2578 3682 ἦν
2641 3610 2910 3668 Κλαυδίου
2965 3617 3062 3667 τσοῦ
3125 3609 3415 3687 βασιλέως,
3473 3608 3564 3664 καὶ
3625 3608 3682 3663 ἐκ
3725 3615 3830 3676 τῆς

2169 3699 2392 3770 Ἑλένης
2421 3703 2521 3769 τῆς
2574 3701 2798 3774 πρώτης
2850 3701 3014 3755 αὑτοῦ
3071 3699 3320 3774 γυναικὸς
3365 3692 3494 3775 ἔσχε
3520 3696 3609 3750 τὸν
3641 3694 3825 3768 Μέγαν

2171 3795 2606 3858 Κωνσταντῖνον,
2639 3790 2817 3851 καθὼς
2847 3786 3120 3844 λέλεκται.

2242 3880 2448 3937 Τούτου
2481 3881 2572 3935 οὗν
2604 3877 2991 3954 βαπτισθέντος
3051 3877 3265 3953 μεγάλα
3321 3875 3593 3950 θαυμάσια
3623 3873 3832 3944 ἐπαῐη-

2168 3991 2253 4025 σεν
2285 3971 2312 4024 6
2345 3969 2475 4031 Θεὸς
2507 3966 2598 4024 διὰ
2637 3974 2739 4024 τοῦ
2796 3967 2848 4023 έν
2909 3968 3084 4043 ἁγίοις
3141 3962 3496 4038 Σιλϐέστρου.
3550 3966 3735 4022 Πάντα
3776 3961 3832 4018 δέ

2167 4059 2357 4135 παρεὶς
2401 4056 2456 4113 ἓν
2511 4059 2675 4132 μόνον
2735 4062 2945 4136 φράσω.
3007 4059 3095 4115 Ἐν
3155 4062 3234 4130 τῷ
3290 4052 3624 4126 Καπιτωλίῳ
3682 4053 3830 4109 Ῥώ-

2169 4169 2300 4221 μης,
2349 4147 2590 4222 βαθμοὺς
2649 4142 2831 4223 ἔχοντι
2889 4146 3229 4222 τριακοσίους
3282 4143 3722 4216 ὲξηκονταπέντε,
3775 4141 3826 4197 ἐν

2165 4240 2236 4309 τῇ
2265 4233 2552 4292 καταδύσει
2584 4241 2691 4292 τῶν
2726 4237 2948 4312 βαθμῶν
2987 4237 3076 4291 καὶ
3134 4239 3242 4290 τῶν
3300 4232 3572 4307 θεμελίων
3607 4229 3824 4306 δράκων

2165 4325 2292 4397 ᾤκει
2334 4327 2420 4398 [Ρ.
2451 4328 2578 4398 272]
2603 4324 3018 4399 ςπαμμεγέθης,
3054 4325 3099 4396 ᾧ
3138 4323 3414 4392 ἐθυσίαζον
3443 4324 3560 4386 καθ’
3593 4320 3807 4393 ἡμέραν

2165 4414 2455 4484 Έλληνες.
2489 4415 2550 4471 El
2595 4412 2755 4483 δὀὔ,
2813 4413 2960 4469 ἀλλὰ
3007 4413 3256 4488 ἐξαίφνης
3309 4412 3615 4468 ἐπιπίπτων
3680 4409 3822 4464 πολ-

2163 4503 2297 4564 λοὺς
2352 4504 2696 4576 ἐλυμαίνετο.
2759 4505 2964 4560 Ἐκεῖσε
3023 4498 3360 4575 Σίλϐεστρος
3417 4495 3674 4568 καταϐὰς,
3734 4493 3818 4552 καὶ

409 4589 516 4643 has
549 4587 776 4642 obdens
807 4589 868 4642 in
901 4590 1141 4643 nomine
1173 4591 1310 4644 Jesu
1341 4589 1554 4644 Christi
1587 4589 1908 4646 draconem
1963 4591 2052 4644 in-

2173 4593 2409 4648 οἰκίσκον
2474 4593 2668 4668 μικρὸν
2717 4591 2916 4668 ἔχοντα
2963 4590 3140 4655 πύλας
3194 4590 3405 4665 χαλκᾶς
3457 4590 3626 4666 εὑρὼν
3665 4588 3728 4642 οὗ
3757 4589 3816 4653 ἦν

412 4676 665 4731 terfecit.

482 4855 713 4911 Nonum
747 4872 970 4910 annum
1028 4857 1356 4927 imperante
1407 4857 1812 4921 Constantino,
1861 4859 2066 4912 Metro-

413 4944 642 5016 phanes
668 4962 717 4999 Iv
745 4945 1060 5017 episcopus
1084 4946 1337 5017 Byzantii
1358 4952 1590 5001 creatus
1622 4951 1730 5000 est.
1765 4947 1896 5000 Haec
1927 4963 2061 5001 cum

408 5033 470 5088 in
490 5034 725 5089 Oricnte
752 5035 1137 5090 Maximianus
1168 5035 1433 5091 Galerius
1463 5033 1804 5101 audivisset,
1837 5035 2059 5089 bellum

409 5123 688 5178 adversus
720 5125 1085 5180 Christianos
1113 5125 1313 5180 movit.
1358 5125 1595 5179 Decimo
1627 5141 1783 5178 anno
1827 5124 1917 5178 sui
1950 5126 2063 5179 im-

414 5213 583 5283 perii,
619 5215 1042 5269 Constantinus
1075 5217 1315 5288 Magnus
1349 5221 1407 5269 et
1439 5214 1696 5268 Licinius
1715 5214 1908 5268 Caesar
1929 5231 2062 5268 con-

412 5309 503 5358 tra
534 5304 830 5360 Galerium
874 5324 1040 5362 arma
1096 5313 1467 5379 paraverunt.
1529 5307 1596 5359 Et
1638 5305 2060 5360 Constantinus

407 5391 540 5446 fuso
575 5395 838 5448 exercitu
871 5397 1107 5461 Galerii,
1143 5398 1450 5451 universos
1484 5394 1716 5450 occidit.
1766 5395 1895 5466 Ipse
1945 5397 2060 5450 Ga-

409 5479 593 5534 lerius
622 5481 884 5551 projecto
919 5484 1272 5551 diademate,
1307 5501 1443 5541 cum
1502 5485 1703 5556 paucis
1754 5483 2059 5540 ﬁdissimis

403 5569 544 5641 fuga
573 5568 832 5639 elapsus,
865 5588 900 5626 a
927 5590 1073 5646 pago
1104 5575 1178 5630 ad
1207 5592 1421 5648 pagum
1455 5573 1758 5640 discurrit,
1784 5574 2064 5630 sacerdo-

410 5664 622 5728 tesque
654 5659 1131 5732 simulacrorum,
1166 5669 1408 5733 mystas,
1439 5667 1596 5717 vates
1649 5667 1708 5715 et
1745 5661 1964 5718 ariolos
1992 5669 2063 5720 ut

2175 4679 2446 4757 ὁδράκων
2514 4683 2733 4744 κλείσας
2798 4683 2894 4743 τὰς
2960 4682 3121 4756 θύρας
3184 4683 3254 4753 τῇ
3312 4678 3601 4749 ἐπικλήσει
3637 4676 3809 4746 Ἰησοῦ

2172 4774 2408 4846 Χριστοῦ
2440 4776 2630 4827 τοῦτον
2662 4770 2958 4828 ἀπέκτεινε.

2242 4865 2326 4932 Τῷ
2357 4855 2533 4925 θ’ἕτει
2597 4864 2698 4926 τῆς
2768 4859 3049 4935 βασιλείας
3114 4858 3540 4923 Κωνσταντίνου,
3602 4862 3815 4928 Μητρο-

2172 4950 2344 5027 φάνης
2392 4949 2686 5012 ἐπίσκοπος
2744 4953 3042 5019 Βυζαντίου
3105 4948 3146 5005 δ’
3211 4949 3416 5026 γέγονε.
3475 4949 3647 5000 Ταῦτα
3700 4941 3816 4996 τοί-

2167 5060 2259 5092 νυν
2311 5041 2340 5094 ὁ
2381 5042 2483 5107 τῆς
2541 5040 2714 5112 Ἑῲας
2768 5039 3107 5111 Μαξιμιανός
3162 5041 3189 5094 6
3247 5035 3552 5108 Καλλέριος
3584 5032 3814 5092 ἀκούσας

2167 5130 2261 5184 τὸν
2291 5129 2427 5182 κατὰ
2480 5133 2820 5204 Χριστιανῶν
2877 5129 3041 5198 ἀνῆκε
3097 5127 3364 5200 πόλεμον.
3419 5127 3506 5182 Ἐν
3537 5129 3616 5195 τῷ
3650 5123 3677 5175 ι’
3707 5119 3812 5175 ἔτει

2166 5225 2268 5287 τῆς
2337 5216 2615 5290 βασιλείας
2683 5218 2850 5273 αὐτοῦ
2918 5219 2946 5274 6
3015 5218 3198 5294 Μέγας
3265 5220 3664 5273 Κωνσταντῖνος
3721 5211 3811 5264 σὺν

2169 5308 2397 5380 Λικινίῳ
2442 5307 2663 5382 Καίσαρι
2696 5308 2832 5362 κατᾶ
2879 5313 2976 5364 τοῦ
3024 5306 3327 5381 Γαλλερίου
3371 5303 3610 5378 ἀθροίζει
3655 5299 3818 5355 πόλε-

2173 5418 2296 5469 μον.
2362 5395 2451 5450 καὶ
2517 5401 2710 5452 τοῦτον
2775 5398 3106 5474 τρεψάμενος
3175 5398 3373 5456 πάντας
3438 5393 3817 5467 κατασφάττει.

2165 5485 2339 5548 Αὐτὸς
2399 5483 2456 5540 δέ
2523 5487 2550 5541 6
2611 5473 2910 5563 Γαλλέριος
2972 5488 3034 5542 τὸ
3102 5483 3346 5558 διάδημα
3390 5483 3550 5559 ῥίψας
3579 5480 3670 5535 καὶ
3703 5473 3816 5551 μετ’

2170 5573 2376 5652 ὀλίγων
2434 5573 2800 5631 εὐνουστάτων
2862 5573 3087 5652 διάδρὰς
3142 5573 3248 5630 ἀπὸ
3319 5571 3516 5646 κώμης
3574 5569 3651 5630 εἰς
3704 5565 3820 5621 κώ-

2175 5685 2284 5738 μην
2315 5663 2520 5740 ᾢχετο,
2559 5663 2650 5720 καὶ
2675 5663 2804 5730 τοὺς
2825 5665 2996 5740 ἱερεῖς
3050 5667 3160 5720 τῶν
3220 5658 3465 5718 εἰδώλων
3491 5657 3581 5714 καὶ
3617 5658 3821 5732 μύστας
