4118 6288
284 347 401 406 521

1386 341 1936 406 HISTORIARUM
1982 342 2536 407 COMPENDIUM.

3567 352 3687 413 522

268 477 362 533 καὶ
392 476 684 554 προφήτας
722 474 808 529 καὶ
873 475 1093 540 μάντεις
1150 472 1225 535 ὡς
1285 473 1599 539 ἀπατεῶνας
1654 472 1927 553 κατέσφα-

2066 480 2395 547 mpostores
2453 478 2783 535 trucidavit.
2817 481 3140 538 Undecimo
3171 500 3351 553 anno,
3381 501 3516 540 cum
3557 485 3685 555 jam

274 568 376 639 ξεν.
408 566 497 622 Ἐν
529 564 586 619 δὲ
637 568 719 636 τῷ
777 564 842 617 ια’
899 562 1007 619 ἔτει
1077 562 1378 637 μέλλοντος
1436 571 1773 639 κρατηθῆναι
1829 567 1926 617 τοῦ

279 657 627 728 Μαξιμιανοῦ
687 653 790 708 ὑπὸ
835 657 934 709 τοῦ
990 652 1255 728 Μεγάλου
1312 653 1746 721 Κωνσταντίνου,
1791 673 1929 729 προ-

278 744 525 800 λαϐοῦσα
556 739 672 807 θεία
703 742 841 819 ὀργὴ
901 736 1195 797 κατᾶλαϐεν
1253 742 1435 799 αὐτόν’
1498 743 1634 821 φλὸξ
1663 742 1765 819 γὰρ
1822 741 1927 796 ἀπὸ

275 839 385 889 τῶν
416 832 754 910 σπλάγχνων
787 830 952 887 αὐτοῦ
1010 832 1099 887 καὶ
1152 830 1336 906 μελῶν
1395 832 1685 905 ἀναφθεῖσα
1748 830 1933 910 ἀμφο-

274 923 468 998 τέρους
498 920 625 985 τοῦς
655 919 979 999 ἀφθαλμοὺς
1027 922 1195 977 αὐτοῦ
1250 919 1555 993 ἐκπηδῆσαι
1613 920 1929 991 πεποίηκεν,

284 1016 337 1068 αἱ
372 1011 431 1068 δὲ
459 1013 653 1088 σάρκες
706 1011 869 1066 αὐτοῦ
937 1016 1185 1066 σαπεῖσαι
1245 1016 1352 1066 τῶν
1411 1011 1609 1067 ὀστέων
1664 1007 1931 1080 ἐξέπεσον,

280 1104 373 1160 καὶ
420 1104 570 1159 οὕτω
629 1099 891 1163 διατεθεὶς
957 1103 1056 1171 τήν
1104 1103 1379 1176 θεομάχον
1437 1100 1603 1157 αὐτοῦ
1668 1098 1935 1175 ἀπὲῥρηξε

284 1194 489 1272 ψυχήν.
552 1194 647 1263 Τῷ
705 1191 860 1262 αὖτῷ
918 1187 975 1245 δὲ
1012 1191 1201 1265 τρόπῳ
1258 1190 1348 1245 καὶ
1402 1193 1699 1263 Μαξιμῖνος
1753 1192 1781 1245 6
1837 1193 1933 1244 τοῦ

289 1284 490 1356 μιαροῦ
524 1280 867 1356 μιαρώτατος
898 1280 1035 1346 υἱὸς,
1072 1278 1238 1353 μυρία
1286 1278 1382 1333 ὅσα
1411 1278 1501 1333 καὶ
1559 1276 1767 1352 ἅρῥητα
1801 1279 1935 1333 κατά

282 1376 396 1428 τῶν
418 1372 761 1444 Χριστιανῶν
794 1366 1108 1438 ἐπινοήσας,
1139 1368 1527 1442 ἀναριθμήτοις
1566 1373 1753 1429 κακοῖς
1808 1369 1932 1422 ὑπε-

288 1454 500 1528 ϐλήθη,
529 1456 619 1511 καὶ
645 1456 827 1517 νόσοις
856 1455 1005 1529 παρὰ
1044 1453 1200 1533 φύσιν
1246 1454 1333 1508 καὶ
1389 1453 1629 1530 πληγαῖς
1680 1454 1935 1525 ὲξαισίαις

286 1542 799 1617 ποινηλατούμενος
828 1543 1064 1616 ἐξέψυξε.

362 1639 457 1707 Τῷ
520 1636 588 1705 ιβ’
646 1631 751 1688 ἔτει
816 1632 1055 1687 Λικίνιον
1139 1628 1401 1702 διαθήκας
1484 1630 1785 1702 ἀπαιτήσας
1843 1633 1940 1685 τοῦ

296 1721 467 1798 μηδὲν
514 1722 650 1778 κατά
706 1722 1043 1796 Χριστιανῶν
1100 1720 1353 1795 πράττειν
1447 1721 1638 1789 κακὸν,
1712 1718 1940 1796 βασιλέα

2040 566 2461 637 Constantinus
2494 568 2909 625 Maximianum
2943 577 3100 627 esset
3140 572 3203 628 in
3228 590 3396 629 suam
3426 579 3684 644 potesta-

2038 660 2157 710 tem
2189 656 2555 726 redacturus,
2590 658 2693 711 Dei
2728 659 2814 713 ira
2843 660 3222 731 imperatoris
3251 669 3530 719 conatum
3561 680 3686 719 cor-

2038 743 2313 815 ripiendo
2347 746 2459 800 isto
2489 748 2822 802 antevertit.
2856 749 3124 805 Flamma
3154 752 3315 806 enim
3356 769 3429 807 ex
3457 752 3686 808 intesti—

2039 833 2133 887 nis
2162 833 2470 889 Galleriiet
2499 836 2783 891 membris
2804 841 3350 911 exorta,utrumque
3371 840 3425 895 ei
3447 841 3687 896 oculum

2043 923 2240 978 elisit:
2274 940 2602 996 carnesque
2628 926 2701 981 ab
2766 927 3000 983 ossibus
3057 928 3425 985 deciderunt.
3452 931 3544 986 Sic
3583 931 3687 986 ille

2043 1014 2289 1068 affectus
2320 1015 2437 1070 Deo
2468 1015 2876 1071 adversantem
2898 1017 3160 1073 animam
3191 1019 3326 1090 egit.
3346 1020 3690 1091 Eodemque

2044 1102 2218 1157 modo
2251 1104 2625 1171 Maximinus,
2657 1105 2935 1160 scelerosi
2974 1106 3151 1178 hujus
3200 1106 3693 1164 sceleratissimus

2047 1191 2224 1257 ﬁlius,
2256 1192 2358 1262 qui
2391 1192 2625 1248 infinita
2653 1194 3059 1249 etinei‘fabilia
3087 1201 3293 1251 contra
3327 1196 3694 1252 Christianos

2047 1282 2494 1352 excogitaverat,
2509 1281 2840 1337 innumeris
2861 1284 3051 1353 poenis
3082 1284 3408 1355 subjectus,
3443 1285 3695 1340 morbis-

2047 1386 2159 1438 que
2188 1369 2627 1425 innaturalibus
2641 1375 2699 1425 et
2726 1370 3015 1427 inauditis
3045 1372 3300 1429 miseriis
3321 1374 3698 1429 excarniﬁca-

2048 1462 2141 1512 tus
2177 1457 2343 1512 obiit.

2127 1635 2486 1692 Duodecimo
2517 1654 2672 1693 anno
2714 1637 3027 1706 Licinium,
3057 1654 3194 1693 cum
3247 1638 3297 1694 is
3352 1645 3524 1712 pacto
3583 1642 3697 1697 isto

2053 1724 2371 1795 stipulatus
2402 1732 2578 1794 esset,
2610 1726 2761 1780 nihil
2789 1742 2851 1780 se
2882 1731 3088 1781 contra
3117 1727 3481 1785 Christianos
3501 1734 3700 1785 tenta—

292 1812 604 1886 ἀναγορεύει
658 1809 749 1865 καὶ
814 1808 1074 1889 ἀφορίσας
1118 1816 1312 1884 μοῖραν
1369 1816 1468 1877 τῆς
1522 1809 1810 1882 Ῥωμαίων
1837 1815 1939 1884 γῆς

2066 1820 2278 1887 turum,
2302 1818 2722 1888 imperatorem
2751 1816 3092 1888 declaravit,
3126 1824 3477 1891 partemque
3508 1818 3562 1873 ei
3587 1821 3701 1875 Ro—

292 1900 376 1919 hl"
564 1901 577 1925 ι
719 1903 744 1914 ~
1105 1898 1118 1915 ς
1451 1902 1477 1913 -ο
1625 1899 1635 1915 ι
1855 1918 1875 1929 ﬂ
1914 1902 1941 1912 η.

289 1918 537 1956 οιοωσιν.
584 1901 838 1957 Εντευθεν
897 1899 926 1953 6
992 1919 1129 1954 κατα
1182 1902 1519 1973 Χριστιανων
1565 1917 1755 1976 χαριτι
1812 1904 1945 1952 Θεου

298 1990 567 2045 πέπαυται
596 1985 859 2063 διωγμὸς.
894 1988 1018 2044 Ἐπὶ
1065 1987 1260 2042 τούτου
1315 1992 1413 2043 τοῦ
1471 1988 1716 2042 Λικινίου
1773 1986 1944 2063 ἐμαρ-

291 2079 528 2153 τύρησεν
559 2078 587 2132 ὁ
617 2076 774 2151 ’ἅγιος
804 2073 1106 2152 Θεόδωρος.

364 2171 460 2239 Τῷ
506 2164 572 2220 ιδ’
636 2162 743 2220 ἔτει
803 2165 1158 2240 μονοκράτωρ
1214 2165 1242 2219 6
1298 2165 1483 2240 Μέγας
1543 2165 1948 2227 Κωνσταντῖνος

291 2256 472 2323 πάσης
527 2257 627 2319 τῆς
684 2253 974 2327 Ῥωμαίων
1034 2259 1139 2327 γῆς
1186 2252 1477 2327 γενόμενος
1553 2256 1724 2306 πᾶσαν
1782 2252 1947 2306 αὑτοῦ

290 2349 391 2416 τὴν
424 2338 628 2400 ἔννοιαν
701 2341 779 2405 εἷς
840 2342 983 2408 θείας
1040 2339 1331 2419 φροντίδας
1386 2343 1704 2418 μετήγαγεν,
1752 2339 1951 2410 ἐκνλη-

294 2436 414 2497 σίας
473 2431 762 2508 ἀνεγείρων
830 2433 921 2486 καὶ
983 2429 1293 2511 φιλοτίμως
1356 2432 1551 2495 ταύτας
1618 2429 1947 2500 πλουτίζων.

290 2528 492 2603 Γράφει
525 2523 585 2581 δὲ
616 2526 706 2580 καὶ
752 2530 968 2599 πρῶτον
996 2526 1183 2598 νόμον,
1223 2523 1350 2587 τοὺς
1380 2530 1489 2579 τῶν
1511 2520 1757 2579 εἰδώλων
1787 2522 1950 2585 ναοὺς

285 2613 652 2679 ἀποδίδοσθαι
721 2620 838 2677 τοῖς
896 2620 979 2687 τῷ
1026 2619 1246 2691 Χριστῷ
1308 2614 1708 2689 ἀφιερωμὲνοις
1777 2618 1946 2675 ναοῖς·

296 2703 568 2781 δεύτερον,
639 2703 994 2780 Χριστιανοὺς
1056 2704 1252 2778 μόνους
1326 2703 1706 2778 στρατεύεσθαι
1784 2703 1948 2757 ἐθνῶν

289 2816 348 2849 τε
379 2793 472 2849 καί
503 2790 885 2867 στρατοπὲδων
910 2791 1125 2871 ἄρχειν,
1175 2792 1306 2855 τοὺς
1366 2790 1423 2848 δὲ
1482 2792 1835 2866 ἐπιμένοντας
1883 2792 1955 2862 τῇ

291 2881 729 2958 εἰδωλολατρείᾳ
786 2880 1100 2956 κεφαλικῶς
1171 2883 1550 2957 τιμωρεῖσθαι’
1606 2882 1810 2956 τρίτον,
1859 2879 1955 2943 τὰς

290 2970 613 3033 πασιαλίας
647 2968 745 3025 δῦο
776 2965 1084 3044 ἑϐδομάδας
1135 2969 1445 3045 ἀπράκτους
1500 2968 1702 3040 τελεῖν,
1738 2970 1839 3039 τήν
1896 2987 1955 3023 τε

295 3064 403 3138 πρὸ
427 3058 528 3116 τοῦ
564 3060 759 3134 Πάσχα
786 3059 877 3114 καὶ
904 3060 1004 3123 τήν
1039 3060 1157 3132 μετ’
1186 3057 1374 3128 αὐτήν.
1415 3061 1491 3113 Τά
1525 3055 1583 3113 δὲ
1610 3063 1719 3113 τῶν
1749 3060 1951 3134 πηχῶν

302 3157 401 3220 τῆς
432 3144 748 3210 ἀναϐάσεως
776 3152 872 3204 τοῦ
906 3146 1105 3205 Νείλου
1156 3147 1209 3203 ἓν
1255 3151 1324 3222 τῇ
1377 3146 1644 3218 ἐκκλησίᾳ
1702 3146 1957 3218 ἐνομοθέ-

302 3260 465 3308 τησεν
488 3237 862 3316 ἀναφέρεσθαι,
893 3237 981 3292 καὶ
1006 3237 1104 3293 οὐκ
1133 3235 1185 3292 ἐν
1217 3241 1296 3307 τῷ
1329 3234 1621 3311 Σαράπιδι,
1644 3235 1719 3299 ὡς
1748 3233 1953 3299 εἷ’θιστο
1984 3220 2027 3287 C

303 3333 425 3389 τοῖς
463 3327 750 3398 Ἕλλησιν.
779 3325 965 3383 Ἀλλά
994 3324 1113 3382 δέον
1140 3326 1250 3382 ἐστὶ
1307 3328 1430 3400 περί
1487 3333 1589 3396 τῆς
1643 3329 1741 3380 τοῦ
1798 3326 1953 3399 ἁγίου

313 3411 644 3490 Σιλϐἐστρου
672 3415 962 3487 διαλὲξεως
994 3416 1156 3491 ὀλίγα
1184 3414 1306 3471 τινὰ
1336 3415 1527 3473 εἰπεῖν.

383 3507 464 3578 [Ρ.
511 3508 630 3579 273]
685 3509 774 3578 Τῷ
833 3503 876 3560 δ’
935 3500 1041 3561 ἔτει
1105 3512 1206 3574 τῆς
1279 3503 1558 3580 βασιλείας
1612 3507 1709 3557 τοῦ
1747 3497 1956 3558 εὐσεϐε-

308 3596 502 3649 στάτου
528 3594 614 3649 καὶ
645 3592 903 3670 Μεγάλου
936 3594 1340 3651 Κωνσταντίνου
1379 3590 1613 3663 διάλεξις
1653 3594 1868 3669 γέγονεν
1901 3591 1954 3647 ἐν

306 3684 502 3757 Ῥώμῃ
537 3684 869 3759 Χριστιανῶν
902 3681 991 3737 καὶ
1024 3679 1323 3740 Ἰουδαίων.
1366 3682 1470 3738 Καὶ
1527 3685 1635 3736 τῶν
1696 3681 1789 3755 μὲν
1821 3683 1955 3753 Χρι.

301 3777 536 3827 στιανῶν
578 3772 606 3826 ὁ
643 3771 806 3848 μέγας
865 3773 1055 3846 ἡγεῖτο
1116 3766 1445 3845 Σίλϐεστρος
1490 3768 1671 3832 πάπας
1728 3765 1801 3824 ὥν
1854 3775 1957 3838 τῆς

293 3861 547 3934 Ῥώμης,
568 3858 848 3917 Ἰουδαίων
882 3858 941 3915 δὲ
962 3860 1058 3914 σὺν
1088 3857 1283 3922 ἄλλοις
1306 3859 1587 3921 πλείστοις
1616 3859 1957 3933 νομομαθὲσι

298 3950 390 4004 καὶ
424 3944 689 4025 Ζαμϐρῆς
722 3949 751 4004 ό
786 3951 981 4026 μάγος,
1007 3943 1264 4024 Ἑϐραῖος
1294 3949 1385 4004 καὶ
1438 3948 1597 4023 γόης,
1630 3947 1682 4002 ἐν
1712 3948 1757 4019 ᾦ
1788 3953 1958 4002 πᾶσαν

295 4040 399 4109 τήν
468 4039 796 4109 πεποίθησιν
856 4041 1009 4114 εἶχον
1065 4040 1118 4094 οἱ
1159 4034 1436 4095 Ἰουδαῖοι.
1495 4038 1728 4112 Λέγουσι
1779 4036 1956 4093 τοίνυν

302 4125 591 4185 Ἰουδαῖοι·
655 4127 974 4198 Ἐκλὲξασθε
1051 4124 1260 4182 δώδεκα
1323 4127 1702 4202 Χριστιανοὺς,
1763 4127 1959 4187 οἳτινες

303 4216 593 4296 ὀφείλουσι
617 4213 1108 4291 δικαιολογηθῆναι
1131 4216 1362 4289 ἡμῖν.Ὁ
1384 4213 1441 4269 δὲ
1462 4217 1612 4291 ἅγιος
1631 4209 1962 4289 Σίλϐεστρος

306 4302 438 4381 ἔφη·
465 4306 661 4379 Ἡμεῖς
710 4306 787 4368 εἰς
818 4307 915 4375 τήν
948 4309 1045 4360 τοῦ
1101 4310 1234 4361 Θεοῦ
1266 4304 1492 4378 δύναμιν
1524 4305 1832 4381 ἀφορῶμεν.
1866 4304 1963 4365 Εἷς

302 4395 412 4469 γάρ
440 4394 584 4449 ἔστιν
619 4393 664 4466 ᾦ
692 4392 946 4468 λὲγομεν·
970 4393 1202 4450 Ἀνάστα
1233 4394 1261 4448 ό
1291 4390 1666 4465 Θεὸς,δίκασον
1690 4389 1961 4462 τήνδικην

304 4504 423 4539 σου.
457 4486 623 4541 *Οσον
653 4483 756 4559 γάρ
785 4486 883 4549 τῆς
925 4487 1033 4538 τῶν
1076 4482 1371 4557 ἀνθρώπων
1404 4481 1657 4557 βοηθείας
1709 4481 1964 4556 ὑστερού-

2055 1905 2215 1959 mani
2238 1905 2472 1976 imperii
2504 1905 2792 1973 attribuit,
2820 1906 2986 1962 Tunc
3025 1906 3126 1962 Dei
3158 1907 3451 1963 beneflcio
3473 1908 3700 1963 vexatio

2055 1994 2526 2050 Christianorum
2556 1994 2709 2049 478
2768 1995 2938 2050 ﬁnita
2992 2000 3102 2051 est.
3165 1995 3282 2051 Sub
3316 1996 3428 2051 hoc
3475 1996 3700 2052 Licinio

2054 2082 2261 2138 beatus
2282 2081 2618 2137 Theodorus
2650 2087 2874 2154 martyr
2901 2099 3110 2155 passus
3135 2088 3225 2139 est
3244 2084 3625 2156 supplicium.

2125 2175 2296 2226 Anno
2325 2170 2553 2225 decimo
2586 2177 2794 2242 quarto
2825 2172 3407 2240 Constantinus,cum
3422 2173 3706 2244 adipsum

2056 2276 2245 2316 unum
2281 2259 2476 2314 omnis
2533 2259 2768 2330 imperii
2816 2265 3078 2331 potestas
3109 2260 3463 2330 devenisset,
3497 2278 3705 2317 omnes

2059 2365 2196 2405 suas
2226 2348 2610 2422 cogitationes
2640 2348 2715 2403 ad
2744 2365 2941 2405 sacras
2996 2366 3092 2405 res
3150 2351 3456 2417 convertit,
3490 2351 3713 2422 templa

2061 2438 2346 2494 exstruxit
2373 2454 2441 2493 ac
2471 2438 2787 2510 magnifice
2840 2438 3066 2496 ditavit.
3102 2439 3259 2494 Tulit
3305 2439 3484 2495 etiam
3526 2438 3711 2511 leges.

2059 2528 2260 2583 Prima
2288 2528 2420 2596 fuit,
2450 2533 2518 2583 ut
2546 2527 2684 2583 fana.
2713 2528 3045 2584 simulacris
3098 2533 3445 2585 consecrata
3482 2528 3712 2584 Christo

2061 2616 2350 2673 dedicatis
2375 2617 2614 2688 templis
2643 2617 3361 2675 addicerentur.Secunda
3392 2634 3405 2672 :
3431 2618 3542 2673 soli
3556 2617 3715 2673 Chri-

2061 2706 2237 2761 stiani
2268 2704 3017 2779 militent,nationibusque
3050 2712 3107 2761 et
3136 2706 3492 2762 exercitibus
3522 2706 3716 2779 impe-

2062 2799 2214 2850 rent.
2249 2793 2356 2859 Qui
2388 2794 2450 2848 in
2482 2794 2645 2849 cultu
2700 2794 2986 2850 falsorum
3046 2794 3294 2850 deorum
3352 2801 3715 2866 perseverat,

2063 2881 2254 2951 capite
2285 2879 2594 2952 plectatur.
2619 2882 2842 2936 Tertia:
2874 2897 2980 2952 per
3005 2881 3152 2936 duas
3183 2882 3717 2953 septimanas,qua-

2066 2986 2198 3024 rum
2229 2969 2418 3024 altera
2445 2969 2958 3037 antecedit,altera
2987 2969 3255 3039 sequitur
3286 2969 3531 3036 Pascha,
3548 2969 3711 3024 ferire

2063 3062 2260 3114 sunto.
2318 3060 2651 3113 Mensuram
2682 3074 2918 3129 quoque
2976 3057 3310 3112 cubitorum
3337 3057 3708 3113 ascensionis

2064 3146 2199 3213 Nili,
2225 3147 2406 3218 jussit
2435 3146 2497 3201 in
2529 3146 2815 3217 templum
2863 3147 3095 3215 referri,
3127 3163 3247 3201 non
3294 3149 3385 3215 (ut
3441 3146 3715 3203 solebant

2066 3235 2248 3290 Graaci
2280 3236 2497 3305 facere)
2519 3235 2581 3290 in
2610 3235 2747 3290 fano
2806 3236 3120 3308 Serapidis.
3163 3237 3380 3291 Verum
3420 3236 3531 3292 hoc
3585 3235 3715 3292 loco

2066 3328 2299 3395 oportet
2317 3340 2506 3395 pauca
2537 3324 2808 3395 quaedam
2831 3324 2903 3379 de
2916 3324 3104 3380 sancti
3136 3324 3396 3380 Silvestri
3416 3324 3715 3397 colloquio

2070 3412 2356 3467 inserere.

2137 3503 2346 3556 Annus
2376 3505 2501 3557 erat
2529 3506 2774 3572 quartus
2822 3502 3055 3573 imperii
3098 3502 3471 3558 Constantini
3500 3503 3716 3577 Magni,

2067 3608 2203 3647 cum
2232 3594 2428 3647 Romaa
2446 3591 2603 3647 inter
2626 3592 2989 3647 Christianos
3016 3597 3075 3647 et
3100 3593 3333 3649 Judaaos
3353 3593 3719 3664 colloquium

2066 3680 2198 3737 fuit.
2240 3680 2712 3737 Christianorum
2743 3698 2979 3738 causam
3029 3682 3239 3752 agebat
3294 3681 3570 3737 Silvester
3616 3682 3719 3737 ille

2068 3786 2339 3841 magnus,
2367 3785 2519 3841 papa
2551 3769 3405 3837 Romanus,Judaeorum,inter
3424 3769 3716 3841 plurimos

2069 3861 2219 3916 alios
2274 3860 2421 3932 legis
2451 3861 2673 3932 peritos
2701 3860 2979 3916 Zambres
3009 3877 3137 3915 rem
3184 3861 3461 3916 tuebatur
3486 3877 3713 3934 magus,

2069 3950 2309 4005 Ebraeus
2338 3949 2715 4020 impostor,in
2746 3966 2862 4020 quo
2892 3949 3083 4005 Judaai
3105 3966 3344 4005 omnem
3358 3966 3524 4022 spem
3546 3968 3717 4007 suam

2070 4043 2479 4109 reposuerant.
2506 4037 2691 4093 Judaei
2715 4055 2727 4091 :
2761 4038 2967 4111 Eligite
2989 4039 3302 4094 duodecim
3324 4040 3715 4109 Christianos,

2072 4143 2221 4197 quos
2246 4125 2403 4197 apud
2432 4142 2542 4180 nos
2573 4131 2806 4197 oportet
2851 4142 3089 4182 causam
3137 4128 3353 4183 dicere.
3388 4129 3665 4184 Silvester
3700 4144 3714 4182 :

2071 4219 2186 4271 Nos
2217 4216 2291 4271 de
2321 4216 2589 4287 potentia
2617 4217 2719 4272 Dei
2772 4217 3120 4289 pendemur.
3182 4220 3343 4273 Unus
3401 4220 3561 4274 enim
3607 4224 3719 4284 est,

2073 4321 2251 4377 quem
2285 4305 2367 4360 sic
2407 4305 2855 4376 compellamus.
2890 4307 3091 4379 Surge,
3138 4308 3313 4377 Deus,
3373 4312 3432 4361 et
3479 4322 3721 4362 causam

2073 4398 2238 4449 tuam
2259 4409 2479 4449 assere.
2518 4394 2751 4458 Quanto
2785 4396 2943 4450 enim
3000 4395 3188 4469 magis
3244 4394 3417 4450 nobis
3474 4395 3723 4452 humani

2073 4481 2275 4537 auxilii
2309 4480 2494 4549 deest,
2526 4483 2681 4538 479
2713 4487 2879 4537 tanto
2935 4482 3069 4555 plus
3126 4483 3189 4538 in
3244 4482 3443 4538 divino
3500 4483 3721 4539 auxilio

306 4575 462 4644 μεθα,
509 4573 767 4627 τοσοῦτον
824 4575 893 4645 τῇ
950 4576 1047 4628 τοῦ
1104 4576 1238 4627 Θεοῦ
1296 4568 1516 4643 δυνάμει
1574 4570 1950 4645 στηριζόμεθα.

2073 4570 2303 4625 ﬁduciae
2335 4570 2699 4641 reponimus.
2719 4571 2808 4625 Ad
2832 4571 2958 4626 haec
2986 4570 3271 4627 Abiathar
3296 4571 3562 4628 Judreus:
3586 4572 3723 4627 Haec

314 4661 459 4735 Πρὸς
489 4664 658 4715 ταῦτα
688 4656 946 4736 Ἀϐιάθαρ
975 4658 1238 4722 Ἰουδαῖος
1293 4654 1417 4736 ἔφη·
1478 4662 1651 4717 Τοῦτο
1707 4660 1770 4714 τὸ
1800 4659 1965 4733 ῥητὸν

313 4752 341 4804 ὁ
376 4750 646 4826 ἡμέτερος
704 4745 805 4827 ἔφη
865 4752 1176 4828 προφήτης.
1237 4749 1340 4806 Καὶ
1372 4750 1399 4803 6
1432 4744 1582 4823 ἅγιος
1613 4744 1962 4825 Σίλϐεστροςο

306 4840 495 4895 Πάντα
554 4841 796 4916 σήμερον
859 4838 1082 4904 ἐνταῦθα
1138 4838 1198 4894 ἐκ
1252 4843 1361 4893 τῶν
1421 4838 1696 4913 ὒμετέρων
1753 4833 1964 4913 βίϐλων

315 4934 701 5006 προσενεγκεῖν
760 4922 961 5003 ἔχομεν
1018 4929 1138 4983 καθ’
1198 4928 1348 5002 ὑμῶν
1406 4926 1606 4983 αὐτῶν
1673 4927 1798 4982 τότε
1864 4927 1966 5002 γὰρ

312 5016 551 5093 λαμπρᾶ
578 5018 787 5093 γίνεται
817 5017 968 5087 νίκη,
998 5017 1123 5073 ’ὁταν
1154 5016 1217 5071 τὸ
1276 5016 1328 5087 ἐξ
1379 5014 1618 5078 ἐναντίας
1679 5013 1841 5089 μέρος
1898 5017 1967 5088 τῇ

310 5112 423 5161 τῶν
455 5106 672 5161 οἰκείων
703 5102 1067 5161 διδασκαλιῶν
1109 5105 1353 5178 αὐθεντίᾳ
1406 5107 1643 5180 ἡττηθῇ.
1685 5106 1743 5163 Ὀ
1804 5105 1967 5180 βασι-

311 5199 440 5261 λεὺς
470 5193 597 5277 ἔφη’
631 5197 783 5267 Αὕτη
817 5195 1000 5253 δικαία
1048 5201 1083 5267 ἡ
1122 5198 1321 5275 κρίσις,
1369 5195 1423 5251 ἐν
1474 5196 1511 5272 ᾖ
1570 5196 1970 5271 καταναγκάζε-

307 5309 397 5343 ται
422 5287 650 5352 ’ἕκαστος
680 5290 749 5360 τῇ
802 5292 905 5355 τῆς
956 5283 1096 5349 ἰδίας
1155 5284 1440 5361 θρησκείας
1500 5283 1747 5356 αὖθεντίᾳ
1802 5286 1969 5355 ἡττᾶ-

310 5387 456 5440 σθαι.
495 5369 758 5449 Ἀϐιάθαρ
820 5376 960 5431 εἶπε·
1020 5377 1128 5431 Τοῦ
1182 5373 1622 5449 παντοκράτορος
1676 5376 1835 5441 Θεοῦ,
1870 5376 1969 5426 τοῦ

307 5466 610 5543 ἡμετέρου,
637 5463 813 5541 λέγω,
851 5461 975 5538 ἰδίῳ
1005 5465 1235 5540 στόματι
1271 5462 1551 5541 λέγοντος,
1584 5461 1775 5535 Ἴδετε,
1798 5459 1966 5533 ἲδετε,

386 5615 434 5652 ⁸⁴
466 5616 636 5673 Deut.
660 5634 819 5673 xxxii
854 5636 868 5685 ;
900 5617 1011 5672 Isa.
1044 5631 1171 5683 XLV,
1192 5616 1261 5669 46
1276 5615 1502 5686 passim.

560 5735 821 5796 Paraor.
869 5734 980 5794 Gn.
1026 5731 1234 5794 CXXI.

2075 4659 2289 4731 inquit,
2315 4660 2491 4715 verba
2522 4665 2662 4715 sunt
2688 4660 2875 4715 nostri
2898 4662 3064 4716 vatis.
3111 4661 3371 4733 Subjecit
3401 4661 3677 4718 Silvester
3709 4678 3723 4716 :

2076 4751 2192 4804 Nos
2219 4748 2396 4804 hodie
2445 4750 2647 4806 omnia
2675 4767 2805 4821 qua;
2846 4750 3124 4806 adversus
3154 4768 3255 4806 vos
3302 4767 3727 4824 proponemus,

2079 4854 2149 4894 ex
2177 4838 2386 4894 vestris
2442 4837 2615 4893 libris
2660 4839 2979 4895 statuimus
3034 4840 3322 4912 proferre.
3355 4842 3515 4896 Tunc
3564 4841 3727 4895 enim

2077 4925 2327 4981 illustris
2353 4931 2442 4982 est
2470 4927 2741 4997 victoria,
2756 4944 2891 4984 cum
2924 4928 3169 4984 adversa
3206 4945 3344 5000 pars
3385 4944 3506 4984 sum
3566 4928 3729 4999 ipso-

2076 5033 2211 5071 rum
2242 5015 2527 5071 doctrinm
2558 5017 2906 5072 auctoritate
2936 5017 3563 5089 vincitur.lmperator
3588 5032 3729 5087 pro-

2077 5105 2375 5161 nuntiavit
2385 5106 2618 5177 justum
2649 5104 2710 5159 id
2764 5121 2891 5160 esse
2949 5105 3247 5177 judicium
3279 5121 3415 5160 cum
3442 5104 3727 5160 alterutra

2078 5213 2216 5268 pars
2247 5212 2368 5251 suas
2419 5211 2598 5265 quam
2656 5195 2969 5266 proﬁtetur
3022 5195 3327 5267 religionis
3374 5195 3725 5250 auctoritate

2078 5285 2308 5357 cogitur
2337 5299 2400 5338 se
2424 5283 2636 5338 victam
2656 5282 3310 5340 ostendere.Abiathar:
3328 5283 3442 5339 Suo
3461 5299 3562 5339 ore
3580 5282 3731 5339 dixit

2079 5373 2458 5443 omnipotens
2487 5374 2692 5427 noster
2721 5372 2878 5427 Deus
2911 5371 3174 5441 :Videte,
3198 5371 3411 5430 videte.
3443 5374 3559 5446 Ego
3592 5390 3724 5430 sum

2078 5464 2252 5528 Deus,
2285 5475 2478 5530 neque
2510 5459 2665 5515 alius
2693 5465 2782 5516 est
2810 5465 3026 5532 praeter
3051 5478 3147 5517 me
3160 5463 3314 5518 Deus
3333 5461 3402 5521 ⁶⁴.
3426 5463 3729 5530 Quomodo

3413 5732 3485 5788 i7
