4118 6288
445 319 566 379 523

1801 310 2122 372 GEORGII
2166 309 2472 371 GEDREN
2482 312 2510 370 Ι

3733 313 3846 372 524

449 469 586 525 ergo
616 450 936 507 Christiani
989 448 1159 506 aiunt
1208 452 1329 504 tres
1387 444 1517 503 esse
1575 447 1931 514 adorandos,
1989 449 2071 502 Pa

2206 445 2291 500 ’ὁτι
2323 443 2429 520 ἐγώ
2459 443 2575 518 εἶμι
2618 445 2770 514 Θεὸς,
2825 447 2916 500 καὶ
2975 443 3074 500 οὐκ
3127 443 3239 501 ἔστι
3295 443 3445 516 πλὴν
3508 445 3667 520 ἐμοῦ,
3732 452 3842 511 πῶς

451 548 601 597 trem
632 542 696 596 in
730 556 908 611 quem
961 545 1021 594 et
1070 555 1180 594 nos
1237 538 1613 605 conﬁdimus,
1654 536 1870 592 Filium
1924 553 2101 608 quem

452 631 712 702 majores
743 627 930 685 nostri
954 629 1016 682 in
1049 644 1275 684 crucem
1305 633 1572 702 egerunt,
1605 643 1673 682 ac
1703 626 1944 682 tertium
1971 625 2100 696 Spi-

446 720 630 775 ritum
663 725 934 775 sanctum
961 719 990 774 ‘I
1017 720 1166 791 Ergo
1197 735 1440 774 necesse
1471 721 1562 773 est
1607 722 1674 772 ut
1729 733 1865 772 cum
1895 715 1982 770 illi
2005 716 2102 787 ju-

443 809 626 865 beant
654 815 773 864 tres
797 808 1055 874 adorari,
1094 809 1257 864 hunc
1278 807 1585 864 offendant
1610 807 1711 878 qui
1761 823 1823 862 se
1853 806 2099 862 unicum

449 915 576 955 esse
609 900 793 954 Deum
827 897 995 954 dixit.
1031 897 1306 953 Silvester
1329 914 1341 951 :
1364 899 1479 953 Nos
1523 897 1768 952 unicum
1801 897 1989 952 Deum
2042 899 2102 950 et

446 988 698 1043 colimus
729 993 787 1042 et
809 987 1179 1059 proﬁtemur.
1211 987 1412 1056 Neque
1441 991 1644 1041 tamen
1673 987 1755 1042 ita
1801 985 2098 1040 desertam

443 1093 756 1134 censemus
778 1077 1058 1133 deitatem
1086 1081 1154 1132 ut
1183 1093 1304 1130 non
1325 1075 1541 1131 habeat
1570 1075 1786 1132 Filium
1817 1091 1932 1146 quo
1955 1091 2097 1148 gau-

454 1165 608 1222 deat.
639 1167 766 1221 Jam
793 1165 1008 1220 Filium
1040 1163 1168 1235 ejus
1199 1164 1356 1220 hunc
1387 1181 1517 1220 esse
1559 1163 1836 1232 dicimus,
1869 1164 1942 1218 de
1980 1180 2097 1234 quo

439 1260 602 1310 vates
622 1259 818 1310 vester
854 1255 939 1309 ait
981 1254 1169 1308 Verbo
1221 1253 1454 1308 Domini
1487 1254 1666 1310 caelos
1724 1270 1852 1308 esse
1882 1253 2099 1308 funda-

441 1348 554 1408 tos,
586 1361 947 1415 omnemque
1001 1361 1206 1399 eorum
1263 1345 1380 1399 vim
1439 1344 1653 1415 spiritu
1705 1343 1828 1400 oris
1866 1343 1996 1418 ejus
2025 1341 2092 1394 ⁸⁵.

439 1433 607 1490 Hunc
627 1433 841 1488 Filium
863 1433 1432 1505 appellamus,quem
1458 1433 1614 1504 apud
1627 1439 1820 1488 vatem
1835 1437 2093 1488 vestrum

438 1524 616 1579 Pater
645 1523 730 1579 sic
751 1523 1079 1594 alloquitur
1102 1539 1115 1577 :
1138 1524 1222 1578 Tu
1245 1539 1308 1578 es
1326 1523 1508 1578 Filius
1525 1539 1826 1595 meus,ego
1841 1527 1897 1578 te
1917 1521 2095 1577 hodie

442 1612 622 1684 genui
665 1611 733 1666 ⁸⁸.
767 1612 946 1683 Atqui
999 1613 1154 1668 Deus
1203 1627 1339 1667 cum
1382 1613 1669 1683 temporis
1725 1627 1940 1684 expers
1997 1611 2092 1678 sit,

441 1702 662 1774 quippe
693 1719 761 1757 eo
793 1701 1192 1774 prmstantior,
1233 1701 1592 1756 hodiernum
1641 1706 1743 1757 aut
1771 1701 2094 1756 crastinum

2205 535 2359 591 αὐτοὶ
2391 534 2611 612 λέγουσι
2643 539 2790 610 τρεῖς
2847 534 3087 615 ὀφείλειν
3145 535 3580 609 προσκυνεῖσθαι,
3621 535 3844 610 Πατέρα,

2209 623 2394 678 ὅντινα
2421 623 2510 678 καὶ
2544 625 2709 696 ἡμεῖς
2748 625 3213 700 πεπιστεύκαμεν,
3270 625 3417 694 nev,
3478 624 3535 680 δν
3597 626 3648 679 οἱ
3696 627 3849 680 πατέ-

2209 733 2294 788 ρες
2349 716 2513 787 ἡμῶν
2569 713 2935 787 ἐσταύρωσαν,
2988 717 3174 790 τρίτον
3259 713 3478 788 Πνεῦμα
3542 716 3605 770 τὸ
3655 715 3847 790 ἅγιονς

2203 805 2367 878 Τρεῖς
2433 805 2525 860 οῦν
2583 809 3012 880 προσκυνοῦντες
3077 805 3258 877 τούτῳ
3309 809 3388 876 τῷ
3462 803 3704 880 εἰρηκότι
3759 801 3846 860 ἕνα

2205 894 2372 966 μόνον
2404 893 2541 950 εἶναι
2575 895 2704 950 Θεὸν
2733 893 2783 967 ἐξ
2805 895 3042 969 ἀνάγκης
3070 893 3519 970 προσκρούουσιν.
3576 895 3637 951 Ὁ
3695 895 3843 970 ἅγιος

2205 979 2538 1060 Σίλϐεστρος
2570 979 2692 1063 ἔφη·
2723 986 2914 1057 Ἡμεῖς
2941 981 3032 1040 ἕνα
3068 985 3196 1040 Θεὸν
3252 979 3480 1058 σέϐομεν
3516 985 3605 1040 καὶ
3637 984 3842 1057 ὁμολο-

2202 1079 2425 1150 γοῦμεν.
2469 1072 2624 1131 Ἀλλ’
2653 1074 2766 1148 οὐχ
2794 1073 2967 1136 οὕτως
3009 1071 3215 1148 ἔρημον
3267 1075 3432 1128 αὐτοῦ
3483 1074 3584 1143 τὴν
3617 1075 3843 1143 θεότητά

2201 1183 2376 1241 φαμεν
2407 1162 2546 1218 ὥστε
2579 1163 2656 1235 μὴ
2688 1159 2834 1238 ἔχειν
2879 1161 3211 1239 ἀγαλλίασιν
3264 1163 3412 1219 Υἱοῦ.
3467 1163 3590 1217 risv
3641 1161 3697 1216 δὲ
3753 1161 3843 1217 αὖ·

2200 1255 2298 1307 τοῦ
2327 1255 2523 1307 τοῦτον
2583 1251 2822 1327 λέγομεν
2878 1252 3002 1326 περὶ
3053 1251 3115 1306 οὗ
3155 1252 3184 1306 ὸ
3244 1251 3503 1328 ὑμέτερος
3560 1254 3846 1330 προφήτης

2202 1341 2339 1395 εἶπε·
2371 1345 2460 1414 Τῷ
2491 1341 2645 1417 λόγῳ
2678 1340 2872 1414 Κυρίου
2913 1340 2965 1394 οἱ
3006 1339 3221 1415 οὐρανοὶ
3279 1338 3697 1415 ἐστερεώθησαν,
3757 1339 3842 1394 καὶ

2200 1434 2280 1502 τῷ
2319 1428 2585 1502 πνεύματι
2640 1433 2738 1485 τοῦ
2797 1431 3068 1503 στόματος
3122 1429 3283 1484 αὐτοῦ
3335 1433 3478 1484 πᾶσα
3523 1431 3558 1498 ἡ
3618 1427 3839 1502 δύναμις

2200 1517 2399 1574 αὐτῶν.
2423 1519 2548 1573 Υἱὸν
2583 1515 2642 1572 δὲ
2671 1517 2874 1573 ἐκεῖνον
2906 1516 3141 1595 λέγομεν
3172 1517 3308 1592 πρὸς
3341 1517 3396 1572 εν
3456 1515 3546 1572 διὰ
3583 1523 3682 1572 τοῦ
3714 1519 3842 1592 ὑμε-

2197 1606 2357 1683 τέρου
2389 1609 2677 1682 προφήτου
2707 1609 2736 1664 ὁ
2766 1609 2954 1683 Πατὴρ
2987 1609 3092 1682 βοᾷ
3120 1605 3320 1684 λέγων’
3369 1608 3493 1668 Υἱός
3551 1629 3655 1682 μου
3680 1609 3730 1662 εἷ
3763 1607 3842 1661 σύ·

2205 1694 2312 1771 ἐγὼ
2344 1698 2585 1773 σήμερον
2615 1697 2914 1772 γεγέννηκά
2946 1717 3022 1755 σε.
3055 1696 3187 1758 Θεὸς
3217 1694 3276 1751 δὲ
3302 1697 3431 1773 χθὲς
3459 1695 3551 1751 καὶ
3582 1699 3844 1772 σήμερον,

443 1791 506 1846 in
536 1808 598 1847 se
631 1791 784 1847 nihil
815 1791 1014 1847 habet.
1049 1792 1172 1856 Quo
1213 1791 1532 1846 conﬁcitur
1561 1797 1620 1846 et
1647 1791 1860 1846 Filium
1895 1794 1954 1844 et
1981 1791 2074 1844 Pa-

2201 1784 2302 1840 οὐκ
2331 1782 2447 1858 ἔχει
2477 1783 2858 1854 τέλος,ἐπειδὴ
2891 1783 3230 1860 ὑπὲρχρονός
3259 1783 3420 1841 ἐστιν.
3455 1787 3734 1861 Ἀναρχος
3759 1784 3845 1840 οὖν

437 1885 589 1936 trem
619 1897 876 1954 quoque,
919 1880 1048 1936 sine
1081 1879 1236 1936 480
1281 1879 1573 1954 principio
1615 1897 1765 1935 esse.
1799 1879 1887 1935 Ad
1910 1895 2089 1951 quem

438 1970 600 2026 enim
630 1970 797 2040 dixit,
829 1968 1128 2025 Faciamus
1177 1969 1482 2025 hominem
1538 1969 1614 2026 ad
1663 1969 1983 2043 imaginem
2033 1973 2087 2022 et

437 2058 1172 2116 similitudinemnostram
1189 2059 1232 2094 ⁸⁷
1255 2059 1284 2114 ‘i
1303 2059 1452 2114 Nam
1496 2059 1544 2114 si
1578 2058 1825 2115 dixisset
1854 2059 2087 2114 Faciam

433 2149 740 2206 hominem
797 2149 871 2204 ad
927 2149 1248 2222 imaginem
1293 2154 1353 2204 et
1381 2148 1839 2204 similitudinem
1869 2165 2084 2216 meam,

430 2242 664 2308 poterat
687 2237 872 2292 videri
901 2238 1194 2293 unitatem
1225 2253 1394 2294 suam
1415 2237 1685 2292 innuere.
1711 2239 1855 2293 Cum
1887 2242 2086 2292 autem

428 2325 616 2379 dixit:
658 2323 994 2380 Secundum
1053 2330 1319 2381 nostram
1368 2325 1713 2397 imaginem,
1772 2325 2083 2397 perspicue

429 2412 644 2468 Filium
675 2429 932 2484 eumque
965 2413 1076 2469 sibi
1099 2413 1392 2486 aequalem
1424 2413 2006 2470 indicat.Nihilenim
2021 2430 2082 2468 se

422 2502 618 2572 majus
633 2503 902 2574 accipere
919 2507 1134 2575 potest,
1153 2519 1289 2560 cum
1303 2503 1728 2576 magnitudinis
1743 2503 2081 2558 incremen-

423 2597 550 2648 tum
582 2609 704 2648 non
735 2591 1048 2660 admittat;
1083 2609 1151 2649 ac
1181 2610 1255 2648 ne
1308 2594 1508 2648 minus
1556 2591 1798 2664 quidem
1851 2592 2079 2664 aliquid

425 2681 683 2736 asciscit.
718 2680 863 2737 Rabi
893 2683 1070 2738 Jonas
1097 2698 1110 2737 :
1138 2683 1423 2736 Humana;
1453 2681 1896 2738 ratiocinationi
1955 2699 2078 2738 non

429 2774 520 2825 est
537 2769 879 2826 adhibenda
908 2770 1327 2837 ﬁdes.Qualem
1351 2771 1513 2826 enim
1531 2771 1796 2827 consulit
1811 2788 1880 2827 ea
1890 2773 2076 2828 Deum

422 2863 608 2933 credi,
641 2865 742 2936 qui
774 2868 832 2919 et
859 2865 1034 2920 Pater
1092 2863 1325 2919 dicatur
1381 2867 1441 2918 et
1468 2863 1650 2918 Filius
1681 2868 1741 2919 et
1772 2863 2022 2935 Spiritus
2050 2863 2078 2918 ?

427 2951 734 3008 Silvester:
754 2954 899 3008 Cum
915 2952 979 3007 in
1001 2953 1186 3008 sacris
1203 2952 1436 3008 Litteris
1450 2952 1596 3026 legis
1626 2953 1698 3008 de
1715 2955 1883 3008 Patre
1902 2969 2074 3008 suum

419 3039 634 3096 Filium
651 3041 1070 3112 compellante.
1102 3040 1284 3096 Filius
1309 3057 1479 3096 meus
1510 3058 1574 3097 es
1605 3046 1668 3096 tu
1695 3039 1759 3096 ⁸⁸.
1788 3042 1858 3096 Et
1885 3039 2028 3098 alibi
2057 3057 2070 3096 :

419 3131 475 3185 Is
497 3147 594 3185 me
621 3132 857 3186 Patrem
889 3148 1062 3187 suum
1102 3131 1400 3187 invocabit
1427 3130 1494 3200 σθ,
1519 3137 1660 3188 tunc
1691 3131 1928 3188 evidens
1958 3132 2066 3186 tibi

419 3218 522 3274 ﬂet
548 3219 707 3290 quod
738 3219 1013 3289 dicimus,
1045 3237 1240 3290 neque
1270 3220 1784 3292 suspicaberisnos
1806 3221 1878 3277 de
1899 3238 2069 3277 sacra

417 3306 703 3362 Trinitate
751 3307 979 3378 aliquid
1037 3309 1172 3362 novi
1218 3308 1434 3364 dicere.
1483 3309 1566 3364 De
1623 3309 1844 3381 Spiritu
1875 3316 2074 3366 autem

417 3400 643 3465 sancto,
676 3412 914 3450 rursum
944 3395 1080 3451 audi
1110 3403 1300 3452 vatem
1331 3401 1500 3452 tuum
1527 3397 1682 3453 inter
1709 3399 2074 3470 precandum

416 3483 502 3538 sic
532 3483 852 3548 dicentem,
879 3484 1165 3558 Spiritum
1195 3489 1364 3540 tuum
1395 3492 1668 3542 sanctum
1724 3504 1800 3542 ne
1836 3488 2072 3544 auferas

415 3587 450 3628 a
477 3588 572 3628 me
600 3571 670 3628 ⁷ο.
701 3574 771 3628 Et
803 3571 946 3628 alibi
973 3588 988 3628 :
1021 3573 1243 3644 Spiritu
1268 3573 1386 3628 oris
1417 3572 1548 3645 ejus
1587 3575 1781 3630 omnis
1830 3575 2070 3631 illorum

411 3661 496 3718 vis
515 3659 581 3718 ⁷³.
609 3662 902 3734 Loquitur
921 3666 1120 3718 autem
1161 3661 1232 3718 de
1277 3661 1670 3734 potestatibus
1701 3663 2065 3720 coelestibus.

415 3750 842 3806 Constantinus
872 3753 1173 3824 Augustus
1206 3750 1576 3806 dixit:Miror
1593 3753 1930 3808 Judaaorum
1966 3755 2072 3810 ἱιιιο

414 3839 786 3910 pudentiam,
810 3840 910 3910 qui
933 3840 1139 3896 multis
1161 3840 1354 3896 modis
1381 3857 1450 3896 ex
1478 3841 1754 3898 universa
1783 3859 1890 3900 sua
1911 3843 2067 3898 Scri-

414 3934 590 4000 ptura
615 3929 888 4000 convicti,
925 3935 1122 3986 tamen
1165 3931 1358 3988 adhuc
1387 3938 1593 3988 contra
1629 3933 1936 3989 veritatem
1966 3934 2068 3989 ali-

413 4017 556 4088 quid
567 4017 1418 4090 voluntconquirere.Proinde
1431 4021 1573 4092 quia
1590 4021 1662 4076 de
1676 4021 1868 4094 Patre,
1892 4023 2062 4090 Filio,

410 4111 470 4161 et
499 4107 722 4179 Spiritu
745 4113 949 4165 sancto
972 4108 1331 4165 satisfactum
1368 4115 1478 4179 est,
1511 4110 1834 4180 proferant,
1869 4113 1916 4167 si
1945 4129 2063 4184 qua

405 4195 648 4268 habent,
671 4197 809 4254 alia.
839 4196 1106 4255 Codolias
1149 4199 1388 4255 Judaaus
1420 4214 1434 4254 :
1467 4201 1602 4266 Nos,
1636 4200 1852 4272 inquit,
1888 4201 1959 4256 de
1987 4219 2056 4258 eo

400 4285 725 4358 loquimur,
760 4287 862 4359 qui
919 4293 1096 4344 natus
1151 4288 1284 4355 fuit,
1340 4287 1465 4359 qui,
1514 4293 1582 4342 ut
1636 4289 1698 4344 in
1739 4290 1870 4362 ejus
1899 4290 2046 4346 481

399 4375 732 4448 Evangeliis
755 4375 1130 4446 describitur,
1167 4381 1392 4432 statura
1417 4381 1476 4432 et
1500 4377 1792 4452 sapientia
1821 4381 2001 4436 crevit
2038 4396 2053 4450 ;

400 4463 500 4533 qui
533 4480 568 4519 a
607 4463 843 4519 diabolo
876 4469 1386 4537 tentatus,postea
1414 4467 1754 4538 temporisa
1785 4485 1890 4524 suo
1917 4487 2052 4543 pro-

2203 1875 2458 1950 ὑπάρχει’
2493 1874 2728 1950 ἄναρχος
2760 1873 2862 1948 ἄρα
2891 1875 2983 1930 καὶ
3041 1876 3068 1930 ὁ
3129 1877 3336 1950 Πατήρ.
3380 1875 3529 1930 Ἐ’πεῖ
3568 1874 3671 1929 τίνι
3703 1876 3842 1930 εἶπε

2195 1965 2524 2036 Ποιήσωμεν
2552 1961 2836 2037 ἃνθρωπον
2869 1963 2984 2019 κατ’
3015 1963 3195 2018 εἰκόνα
3249 1963 3338 2019 καὶ
3397 1965 3518 2019 καθ’
3577 1963 3842 2038 ὁμοίωσιν

2191 2053 2465 2126 ἡμετέραν
2490 2071 2503 2121 ;
2537 2053 2604 2109 Ei
2630 2053 2731 2129 γὰρ
2749 2051 2956 2126 εἴρηκε,
2978 2053 3203 2124 Ποιήσω
3232 2051 3839 2128 ἅνθρωπονκατ¹εἰκόνα

2189 2142 2279 2196 καὶ
2309 2143 2430 2197 καθ’
2461 2140 2731 2216 ὁμοίωσιν
2759 2141 2924 2214 ἐμὴν,
2945 2139 3121 2198 ἐδόκει
3151 2141 3212 2199 ἄν
3241 2143 3413 2212 τὸτῆς
3428 2141 3734 2216 μονότητος
3750 2143 3841 2198 αὖ·

2187 2231 2284 2286 τοῦ
2316 2232 2621 2306 σημαίνειν.
2655 2232 2734 2290 Τὸ
2767 2229 2846 2302 δὲ,
2876 2233 3002 2288 Κατ’
3026 2231 3208 2287 εἰκόνα
3267 2231 3357 2288 καὶ
3405 2232 3671 2306 ὁμοίωσιν
3700 2235 3844 2306 ἡμε-

2187 2321 2362 2392 τέραν,
2395 2326 2578 2400 σαφῶς
2609 2321 2701 2376 καὶ
2733 2321 2822 2376 τὸν
2856 2322 2978 2376 Υἱὸν
3010 2321 3100 2376 καὶ
3129 2321 3228 2390 τήν
3272 2321 3496 2392 ἰσότητα
3550 2321 3840 2395 ἐσήμανεν.

2187 2409 2259 2464 Οὔ
2286 2409 2389 2486 γὰρ
2425 2411 2610 2484 μεῖζόν
2642 2432 2694 2466 τι
2725 2405 3057 2485 προσλαϐεῖν
3091 2407 3332 2481 δύναται,
3365 2407 3552 2481 ἐπειδὴ
3613 2410 3840 2481 ἡλικίας

2184 2496 2404 2572 αὔξησιν
2462 2499 2562 2554 οὐκ
2617 2497 2782 2556 οἶδεν·
2852 2498 3148 2556 ἐλάττωσιν
3205 2497 3370 2555 πάλιν
3445 2500 3508 2555 οὖ
3591 2497 3832 2577 δέχεται.

2185 2591 2370 2652 Ἰωνᾶς
2427 2585 2580 2664 ῥαϐἷς
2643 2593 2815 2646 εἶπενο
2881 2589 3238 2666 Ἀνθρωπίνῳ
3269 2593 3353 2665 [Ρ.
3403 2593 3531 2664 274]
3571 2589 3830 2666 λογισμῷ

2184 2679 2283 2735 οὐκ
2337 2678 2450 2736 ἔστι
2509 2678 2698 2737 δεκτέα
2748 2683 2783 2751 ἡ
2832 2681 3033 2744 πίστις.
3077 2685 3242 2736 Ποῖον
3289 2681 3390 2757 γὰρ
3425 2681 3554 2736 Θεὸν
3589 2676 3830 2754 συμϐου-

2183 2766 2331 2825 λεύει
2365 2768 2523 2833 οὗτος
2572 2777 2943 2841 πιστευθῆναι,
2997 2769 3054 2824 ὅν
3100 2773 3190 2825 καὶ
3248 2773 3481 2846 Πατέρα,
3540 2771 3629 2825 καί
3679 2771 3821 2838 Υίὸν,

2179 2859 2268 2914 καὶ
2299 2865 2521 2934 Πνεῦμα
2551 2862 2708 2937 ἆγιον
2741 2859 3009 2938 ὁμολογεῖ
3039 2861 3136 2930 ;Ὀ
3168 2855 3321 2936 ἅγιος
3354 2855 3813 2940 Σίλϐεστροςὲςρη·

2179 2952 2346 3007 Ὅταν
2378 2949 2618 3025 ἀναγνῷς
2645 2949 2697 3006 ἐν
2725 2956 2844 3014 ταῖς
2875 2946 3102 3012 Βίϐλοις
3149 2950 3272 3028 περὶ
3334 2951 3426 3024 μὲν
3463 2955 3554 3006 τοῦ
3584 2949 3811 3024 Πατρὸς,

2175 3037 2334 3107 ἡνίκα
2363 3037 2511 3114 λέγει
2542 3038 2665 3114 περὶ
2701 3043 2798 3096 τοῦ
2831 3037 2970 3094 ἷδίου
3025 3039 3175 3094 Υῖοῦ’
3236 3039 3362 3102 Υἱός
3412 3059 3511 3112 μου
3562 3038 3612 3094 εἶ
3641 3037 3723 3106 σὺ,
3751 3037 3810 3091 ὸ-

2182 3128 2356 3199 μοίως
2388 3124 2444 3183 δὲ
2473 3128 2563 3184 καὶ
2589 3127 2641 3184 ἐν
2674 3127 2841 3205 ἑτέρῳ
2869 3131 3048 3202 τόπῳ,
3077 3127 3253 3190 Δῦτὸς
3307 3125 3679 3184 ἐπικαλέσεταί
3729 3147 3820 3200 με,

2178 3217 2368 3291 Πατήρ
2403 3238 2508 3290 μου
2559 3219 2605 3272 εἴ
2646 3215 2731 3287 σὺ,
2788 3216 2912 3272 τότε
2970 3217 3090 3292 ε’ἰσῃ
3149 3221 3332 3294 σαφῶς
3384 3215 3446 3271 τὸ
3505 3213 3821 3292 λεγόμενον,

2247 3306 2263 3328 \
2335 3303 2406 3360 ’ὃς
2531 3308 2552 3340 ι
2811 3306 2824 3325 \
2925 3309 2954 3321 ’-
3051 3307 3064 3324 ο
3115 3307 3127 3328 Ι
3377 3303 3428 3326 Ιθ
3542 3307 3558 3326 τ
3697 3308 3706 3320 ¹

2173 3327 2264 3360 και
2293 3327 2354 3360 ου
2393 3327 2444 3361 εν
2501 3307 2646 3378 ξενον
2705 3327 2828 3382 περι
2881 3328 2980 3376 της
3040 3327 3196 3382 αγιας
3255 3309 3492 3380 Τριαοος
3536 3300 3823 3378 υπολαϐῃς

2176 3393 2345 3466 λέξειν
2377 3399 2549 3470 ἡμᾶς,
2607 3396 2737 3469 Περὶ
2804 3393 2862 3451 δὲ
2923 3400 3020 3451 τοῦ
3076 3395 3235 3471 ἁγίου
3287 3394 3601 3470 Πνεῦματος
3662 3393 3827 3450 ἄκουε

2173 3483 2338 3540 πάλιν
2369 3488 2466 3540 τοῦ
2494 3487 2784 3564 προφήτου
2815 3505 2909 3540 σου
2950 3483 3207 3560 λέγοντος
3239 3483 3328 3538 καὶ
3379 3481 3706 3560 εὖχομένου’
3749 3484 3828 3540 Τὸ

2175 3575 2394 3647 Πνεῦμά
2419 3593 2512 3628 σου
2543 3573 2606 3630 τὸ
2658 3575 2810 3649 ἅγιον
2873 3575 2947 3648 μή
3009 3570 3301 3646 ἀντανέλῃς
3357 3573 3449 3628 ἀπ’
3506 3571 3662 3646 ἐμοῦ.
3731 3571 3830 3626 Καὶ

2173 3661 2342 3718 πάλιν
2375 3664 2403 3718 ὁ
2436 3661 2617 3726 αὐτός·
2654 3663 2749 3720 Καὶ
2781 3666 2862 3736 τῷ
2895 3662 3163 3736 πνεύματι
3195 3665 3292 3718 τοῦ
3324 3661 3604 3738 στόματος
3662 3661 3834 3716 αὐτοῦ

2171 3756 2314 3806 πᾶσα
2369 3755 2404 3822 ἡ
2481 3749 2706 3825 δύναμις
2765 3751 2939 3808 αὐτῶν
2973 3797 2988 3822 ,
3062 3752 3306 3808 τουτέστι
3362 3755 3472 3806 τῶν
3560 3749 3832 3827 οὐρανίων

2171 3840 2470 3916 δυνάμεων.
2523 3844 2926 3904 Κωνσταντῖνος
2985 3841 3296 3916 Αὔγουστος
3335 3841 3474 3896 εἶπε·
3545 3841 3830 3915 Θαυμάζω

2168 3935 2276 3985 τῶν
2311 3927 2587 3988 Ἰουδαίων
2616 3931 2680 3986 τὸ
2709 3930 3086 4007 ἀναίσχυντον’
3147 3929 3254 3986 ἀπὸ
3306 3933 3495 3984 πασῶν
3547 3929 3656 4006 γὰρ
3716 3934 3828 3985 τῶν

2169 4019 2386 4074 οἴκείων
2468 4024 2690 4098 Γραφῶν
2775 4019 3140 4095 πολυτρόπως
3221 4018 3530 4091 ἡττώμενοι
3639 4019 3834 4094 ἀκμήν

2170 4107 2388 4172 θέλουσί
2442 4129 2561 4164 τινα
2617 4109 2753 4165 κατὰ
2829 4115 2930 4178 τῆς
2987 4106 3248 4178 ἀληθείας
3314 4107 3612 4178 ἐπιζητεῖν.
3664 4110 3830 4168 Ὅθεν

2166 4197 2281 4255 ἐπεὶ
2313 4199 2562 4274 περὶτοῦ
2591 4199 2824 4274 Πατρὸς,
2853 4198 2944 4254 καὶ
3002 4196 3100 4252 τοῦ
3157 4197 3309 4268 Υῖοῦ,
3359 4196 3448 4252 καὶ
3505 4199 3604 4250 τοῦ
3665 4197 3826 4273 ἁγίου

2165 4290 2476 4364 Πνεύματος
2514 4288 2576 4343 τὸ
2624 4287 2806 4344 ἱκανὸν
2863 4285 3098 4364 γέγονεν,
3150 4284 3203 4341 εἷ’
3255 4308 3308 4342 τι
3357 4284 3515 4360 ἓτερά
3571 4285 3676 4340 εἶσι
3712 4285 3823 4340 δει-

2164 4379 2312 4451 κτέα,
2370 4375 2875 4456 προσφερέσθωσαν.
2951 4373 3218 4439 Γοδυλίας
3302 4371 3570 4436 Ἰουδαῖος
3641 4377 3816 4430 εἶπενο

2157 4473 2346 4546 Ἡμεῖς
2375 4469 2498 4544 περὶ
2551 4466 2757 4523 ἐκείνου
2816 4465 3049 4545 λέγομεν
3091 4471 3188 4522 τοῦ
3241 4465 3551 4542 τεχθέντος,
3609 4470 3706 4521 τοῦ
3766 4464 3820 4520 ἐν

400 4551 560 4606 ditus
593 4550 908 4622 discipulo,
945 4535 1216 4620 traditus,
1250 4559 1478 4626 captus,
1512 4535 1744 4624 illusus,
1786 4535 2050 4632 flagella-

2181 4535 2276 4622 τοῖς
2330 4535 2686 4634 Εὔαγγελίοις
2745 4535 2908 4612 αὐτοῦ
2956 4535 3444 4633 ἀναγεγραμμένοι)
3522 4551 3808 4627 ηὖξηκέναι

400 4645 518 4708 tus,
550 4639 685 4695 felle
707 4641 951 4696 mistum
983 4647 1216 4697 acetum
1237 4644 1691 4716 potatus,spinis
1713 4653 2050 4718 coronatus,

399 4727 682 4797 nudatus,
716 4729 984 4786 vestibus
1039 4731 1160 4786 suis
1211 4735 1366 4786 sorte
1397 4731 1622 4793 divisis.
1678 4733 1804 4803 ipse
1863 4737 2051 4791 cruci-

401 4819 575 4888 ﬁxus,
609 4825 882 4876 mortuus
921 4825 980 4876 et
1027 4821 1294 4893 sepultus
1346 4826 1453 4876 est.
1507 4821 1786 4878 Silvester
1817 4839 1830 4878 :
1865 4825 2048 4884 Hodie

399 4908 948 4966 demonstrabimus
978 4911 1105 4966 hinc
1135 4928 1170 4971 a
1205 4910 1436 4967 vatibus
1467 4911 1539 4967 de
1585 4911 1816 4968 Christo
1847 4917 2049 4973 omnia

395 5017 524 5055 esse
556 4999 843 5072 praedicta
871 5017 940 5056 ac
969 5001 1334 5074 praescripta.
1379 5003 1460 5057 De
1491 5001 1796 5058 nativitate
1827 5004 2046 5061 Christi

392 5090 594 5146 Isaias.
630 5091 775 5147 Ecce
808 5090 980 5164 Virgo
1005 5096 1242 5147 uterum
1291 5090 1462 5160 feret,
1496 5095 1554 5147 et
1611 5091 1797 5148 filium
1827 5094 2042 5166 pariet,

390 5178 560 5250 cujus
587 5195 809 5236 nomen
837 5179 1070 5236 dicetur
1121 5179 1476 5236 Emmanuel
1529 5181 1593 5238 ⁷³.
1645 5181 1810 5246 Quod
1842 5188 2046 5239 autem

384 5265 545 5322 inter
573 5269 846 5326 homines
899 5269 1081 5326 fuerit
1109 5274 1468 5342 versaturus,
1519 5271 1656 5326 audi
1708 5272 2044 5329 Baruchum

384 5357 954 5416 vaticinantem.Hic
984 5365 1073 5417 est
1095 5361 1250 5418 Deus
1279 5366 1504 5433 noster,
1535 5377 1730 5433 neque
1759 5363 1916 5421 alius
1947 5382 2042 5421 re-

2156 4671 2216 4705 τε
2274 4647 2470 4720 ἡλικίᾳ
2520 4646 2610 4702 καὶ
2669 4646 2850 4724 σοφίᾳ,
2929 4645 3018 4701 καὶ
3075 4644 3450 4720 πειρτσθέντος
3504 4643 3640 4719 παρᾶ
3703 4643 3803 4696 τοῦ

2160 4733 2447 4808 διαϐόλου,
2483 4735 2616 4810 μετὰ
2648 4731 2705 4790 δὲ
2733 4738 2897 4790 ταῦτα
2954 4732 3251 4810 πραθέντος
3281 4733 3428 4810 παρά
3471 4737 3565 4789 τοῦ
3594 4729 3797 4786 οἲκείου

2162 4829 2408 4900 μαθητοῦ
2441 4870 2457 4900 ,
2533 4819 2974 4900 παραδοθέντος,
3038 4821 3417 4900 κρατηθέντος,
3475 4815 3809 4900 ἐμπαιχθέν-

2156 4938 2274 4987 τος,
2335 4913 2778 4996 φραγελωθέντος
2809 4959 2826 4985 ,
2877 4911 3058 4992 χολὴν
3123 4911 3216 4968 σὺν
3272 4910 3380 4982 ὄξει
3436 4910 3813 4981 ποτισθέντος,

2158 5005 2414 5070 ἀκάνθαις
2476 5003 2906 5082 στεφανωθέντος
2967 5002 3060 5056 καί
3117 5001 3516 5080 γυμνωθέντος,
3565 4999 3654 5054 καὶ
3707 5005 3816 5068 τῆς

2157 5095 2320 5152 αὐτοῦ
2351 5093 2578 5164 ἐσθῆτος
2611 5092 2666 5150 ἐν
2695 5091 2892 5167 κλήρῳ
2951 5088 3202 5164 δοθείσης
3258 5091 3347 5147 ἐπὶ
3400 5093 3632 5165 σταυροῦ
3690 5109 3816 5144 πα-

2156 5185 2364 5262 γέντος,
2397 5181 2766 5246 ἀποθανόντος
2795 5181 2882 5236 καὶ
2941 5176 3218 5257 ταφέντος.
3274 5181 3336 5238 Ὀ
3392 5181 3545 5258 ’ἁγιος
3603 5172 3819 5234 Σίλόεο

2158 5293 2318 5350 στρος
2344 5267 2468 5351 ἔφη’
2505 5273 2688 5328 Ταῦτα
2745 5269 2922 5326 πάντα
2971 5269 3046 5334 ὡς
3099 5267 3556 5349 προκηρυχθέντα
3597 5266 3816 5344 ἐγράφη

2155 5362 2281 5438 περὶ
2338 5364 2440 5418 τοῦ
2485 5361 2722 5436 Χριστοῦ
2780 5358 2927 5436 παρᾶ
3005 5363 3113 5416 τῶν
3174 5362 3506 5438 προφητῶν,
3561 5359 3821 5432 σήμερον

453 5497 504 5533 ⁸⁵
531 5499 884 5569 Psal.xxxn,
915 5506 968 5558 6.
998 5503 1046 5538 ⁶⁶
1073 5505 1226 5560 Psal.
1263 5522 1322 5570 ιι,
1346 5509 1397 5560 ’7.
1421 5503 1469 5538 ⁸⁷
1501 5506 1642 5561 Gen.
1676 5521 1714 5573 1,
1748 5511 1836 5565 26.
1869 5507 1920 5543 (³⁸
1979 5512 2074 5566 Ρεε

2181 5527 2237 5578 ιι,
2273 5511 2326 5562 ’7.
2357 5505 2406 5544 ⁸9
2431 5505 2587 5563 Psal.
2619 5523 2908 5576 Lxxxvun,
2945 5511 3034 5562 27.
3065 5505 3114 5542 7°
3142 5505 3298 5562 Psal.
3329 5522 3382 5574 L,
3417 5507 3501 5560 l3.
3542 5503 3587 5540 7‘
3637 5501 3810 5560 Psal.

381 5603 502 5644 xxx
521 5605 585 5659 ιι,
617 5593 670 5643 6.
693 5588 740 5627 ⁷³
761 5592 877 5662 Isa,
906 5608 998 5660 vn,
1023 5595 1108 5647 14.
