4118 6276
244 377 366 439 525
1420 370 1974 447 HISTORIARUM
2017 380 2583 443 COMPENDIUM.
3571 386 3693 446 sse

262 510 654 590 ἐπιδείξομεν.
716 518 945 580 Ἠσαίας
1025 517 1129 595 γὰρ
1178 518 1302 592 περὶ
1389 525 1489 589 τῆς
1551 522 1648 572 τοῦ
1702 518 1929 590 Χριστοῖ

2055 520 2261 587 spectu
2292 515 2420 587 ejus
2450 515 3007 587 reputabitur".Hic
3036 516 3262 573 invenit
3291 533 3532 574 omnem
3545 520 3697 575 viam

269 605 580 680 γεννήσεως
633 607 962 682 προείρηκεν
1013 606 1205 670 οὕτως·
1270 604 1408 662 Ἰδοὺ
1465 609 1500 676 ἡ
1562 604 1825 679 Παρθένος
1882 602 1929 658 ἐν

2052 604 2406 672 scientiaa,et
2436 620 2566 660 eam
2598 605 2841 660 tradidit
2868 606 3082 661 Jacobo
3114 606 3234 662 filio
3253 623 3359 662 suo
3392 614 3451 663 et
3476 609 3697 664 Israelo

271 693 463 770 γαστρὶ
520 688 653 764 ἔξει,
706 696 795 750 καὶ
855 698 1059 768 τέξεται
1141 696 1294 767 Υἱὸν,
1355 695 1445 750 καὶ
1528 694 1818 750 καλέσουσι
1874 691 1929 747 τὲ

2052 692 2271 749 dilecto
2304 693 2440 749 sibi.
2472 696 2613 749 Post
2641 695 2768 749 haec
2800 695 2863 750 in
2910 694 3085 750 terris
3117 696 3274 752 visus
3303 702 3395 753 est
3422 697 3697 770 interque

274 784 450 856 ὄνομα
495 783 666 838 αὐτοῦ
726 783 1112 858 Ἐμμανουήλ.
1175 787 1299 843 ’Ότι
1366 782 1425 840 δὲ
1481 785 1571 839 καὶ
1628 782 1929 857 ἀνθρώποις

2049 782 2323 838 homines
2349 788 2635 838 versatus.

280 874 879 952 συναναστραφήσεται,
906 872 1068 928 ἄκουε
1098 878 1194 929 τοῦ
1224 875 1513 951 προφήτου
1541 870 1827 947 Ἱερεμίουο
1863 870 2037 931 Οὗτος
2077 870 2105 923 6
2146 869 2278 930 Θεὸς
2309 872 2491 942 ἡμῶν·
2552 869 2613 923 οὐ
2673 868 3053 946 λογισθήσεται
3110 869 3291 946 ἕτερος
3334 875 3471 945 πρὸς
3501 874 3690 932 αὐτόν.

284 961 505 1036 Ἐξεῦρε
535 966 710 1016 πᾶσαν
744 958 869 1018 ὁδὸν
902 960 1232 1037 ἐπιστήμης,
1263 963 1352 1018 καὶ
1383 958 1579 1018 ἔδωκεν
1616 959 1784 1030 αὐτὴν
1819 953 2013 1017 Ἰακὼό
2039 962 2119 1030 τῷ
2146 956 2300 1012 παιδὶ
2332 958 2499 1013 αὐτοῦ
2528 959 2620 1012 καὶ
2652 956 2872 1033 Ἰσραὴλ
2901 963 2981 1031 τῷ
3022 960 3360 1034 ἠγαπημένῳ
3391 962 3481 1017 ὑπ’
3502 961 3688 1020 αὐτοῦ.

278 1051 434 1105 Μετὰ
458 1053 629 1106 ταῦτα
658 1049 751 1107 ἐπὶ
779 1052 877 1123 τῆς
905 1058 1009 1126 γῆς
1041 1048 1193 1131 ὤφθη
1225 1052 1315 1108 καὶ
1341 1057 1459 1114 τοῖς
1490 1051 1801 1126 ἀνθρώποις
1833 1046 2258 1126 συνανεστράφη.

348 1144 472 1197 Ὀτι
506 1137 564 1195 δὲ
602 1141 693 1194 καὶ
724 1143 1142 1217 πειρασθήσεται
1197 1141 1301 1198 ὑπὸ
1354 1146 1454 1198 τοῦ
1522 1136 1785 1197 διαϐόλου
1846 1136 1929 1192 καῖ

2117 1137 2283 1204 Quod
2304 1144 2503 1195 autem
2534 1140 2714 1195 fuerit
2733 1155 2767 1195 a
2786 1139 3022 1195 diabolo
3074 1140 3393 1196 tentandus
3442 1147 3500 1198 et
3555 1158 3690 1199 eum

273 1231 490 1299 νικήσει
519 1229 706 1297 αὐτὸν,
758 1230 1028 1306 Ζαχαρίας
1086 1232 1115 1286 ὀ
1171 1235 1462 1309 προφήτης
1516 1230 1686 1306 λέγει·
1774 1227 1929 1287 Εἶδον

2048 1233 2455 1299 superatums,
2488 1230 2800 1284 Zacharias
2852 1233 3014 1285 vates
3070 1229 3154 1284 ita
3210 1230 3525 1301 prmdicit:
3564 1231 3691 1285 Vidi

274 1319 491 1388 Ἰησοῦν
526 1319 619 1374 τὸν
650 1320 795 1377 ἱερέα
827 1320 918 1374 τὸν
952 1316 1119 1395 μέγαν
1189 1319 1418 1388 ἑστῶτα,
1467 1320 1559 1374 καὶ
1616 1319 1644 1373 6
1677 1313 1929 1380 διάϐολος

2044 1317 2242 1371 Jesum
2276 1317 2646 1373 sacerdotem
2702 1334 2980 1389 magnum
3035 1323 3314 1384 stantem,
3346 1319 3695 1391 astabatque

272 1407 522 1477 εἱστήκει
548 1405 611 1462 ἐκ
654 1405 839 1478 δεξιῶν
888 1409 1057 1464 αὐτοῦ
1106 1413 1204 1464 τοῦ
1262 1410 1584 1473 ἀντικεῖσθαι
1632 1408 1799 1480 αὐτῷ.
1834 1408 1929 1462 Καὶ

272 1498 400 1553 εἷπε
429 1496 567 1569 πρὸς
618 1495 797 1567 αὐτὸν,
854 1498 1209 1571 Ἐπιτιμήσαι
1267 1520 1351 1553 σοι
1403 1497 1625 1573 Κύριος,
1685 1492 1928 1555 διάϐολε.

267 1586 390 1640 Ὀτι
424 1581 601 1639 δὲκαὶ
651 1587 1052 1662 κρατηθήσεται
1108 1589 1143 1656 ἡ
1204 1587 1363 1664 σοφία
1421 1584 1510 1641 διὰ
1572 1585 1932 1659 Σολομῶντος

272 1672 447 1749 λέγει·
507 1673 681 1731 Εἶπον
736 1672 789 1728 ἐν
850 1674 1060 1736 ἑαυτοῖς
1116 1675 1170 1729 οἱ
1226 1669 1459 1737 ἀσεϐεῖς·
1520 1674 1780 1747 Δήσωμεν
1840 1672 1930 1727 τὸν

274 1762 511 1836 δίκαιον,
537 1763 621 1821 δτι
652 1760 996 1838 δύτχρηστος
1028 1767 1163 1837 ἡμῖν
1192 1763 1354 1822 ἐστιν.
1404 1767 1526 1820 Ὅτι
1557 1762 1615 1819 δὲ
1644 1764 1734 1819 καὶ
1784 1762 1930 1837 παρὰ

280 1854 536 1958 μαθητοῦ
586 1850 1000 1958 προδοθήσεζται,
1034 1851 1177 1928 λέγει
1209 1855 1253 1958 ὁ,
1294 1851 1617 1929 ψαλμῳδός·
1649 1855 1707 1911 Ὁ
1737 1851 1928 1916 ἐσθίων
1967 1892 2013 1958 Β

275 1938 480 2015 ἄρτους
542 1962 648 2014 μου
708 1939 1035 2018 ἐμεγάλυνεν
1094 1943 1177 1997 ἐπ’
1235 1941 1332 2016 ἐμὲ
1389 1945 1476 2016 [Ρ.
1532 1945 1663 2016 275]
1719 1962 1937 2017 πτερνι-

277 2030 447 2102 σμόν.
478 2031 596 2084 Ὅτι
634 2028 691 2085 δὲ
718 2029 810 2085 καὶ
870 2028 1217 2101 ἔκδοθήσεται
1271 2031 1360 2087 καὶ
1407 2033 1475 2086 τιὶ
1529 2031 1720 2105 ἱμάτια
1771 2029 1935 2086 αὐτοῦ

276 2118 332 2173 ἐν
361 2116 563 2192 κλήρῳ
595 2115 912 2190 δοθήσεται,
970 2119 1291 2195 προείρηκεν
1352 2122 1381 2175 6
1428 2120 1590 2183 αὐτὸς
1646 2120 1935 2198 προφήτης

278 2207 481 2282 λέγων’
516 2207 901 2282 Διεμερίσαντο
927 2210 996 2265 τὰ
1043 2208 1235 2282 ἱμάτιά
1276 2230 1381 2282 μου
1439 2207 1492 2264 ἐν
1551 2209 1785 2277 ἑαυτοῖς,
1842 2207 1936 2263 καὶ

271 2294 370 2349 ἐπὶ
401 2295 495 2349 τὸν
528 2295 832 2371 ἱματισμόν
869 2317 974 2370 μου
1005 2292 1204 2353 ἔϐαλον
1269 2295 1499 2372 κλῆρον.
1555 2299 1678 2355 “On
1733 2294 1790 2352 δὲ
1844 2297 1933 2351 καὶ

270 2386 427 2461 παρά
458 2381 925 2461 ψευδομαρτύρων
982 2388 1513 2463 κατηγορηθήσεται,
1548 2387 1576 2442 6
1608 2385 1767 2449 αὐτὸς
1797 2406 1932 2460 προ-

269 2476 457 2551 φήτης
524 2475 696 2530 εἶπεν
761 2476 1161 2546 Ἐπανὲστησάν
1219 2498 1312 2551 μοι
1387 2476 1650 2551 μάρτυρες
1727 2473 1930 2531 ἄδικοι.

262 2564 414 2641 ο’Ὀτι
473 2561 532 2619 δὲ
576 2564 667 2618 καὶ
746 2563 1000 2629 ἀκάνθαις
1057 2567 1543 2643 στεφανωθήσεται,
1610 2564 1931 2639 προείρηκεν

282 2651 543 2727 Ιερεμίας
576 2652 774 2728 λέγων*
837 2654 1118 2717 ’Δκάνθαις
1174 2659 1282 2710 τῶν
1337 2656 1531 2711 ἑαυτοῦ
1575 2653 1929 2727 πταισμάτων

268 2742 297 2796 6
333 2741 472 2803 λαὸς
506 2742 667 2804 οὗτος
723 2742 1124 2817 περιεστοίχισὲ
1184 2766 1270 2818 με.
1314 2746 1434 2801 *Οτι
1494 2741 1552 2800 δὶ
1608 2744 1698 2802 καὶ
1751 2742 1933 2818 χολὴν

263 2832 612 2907 τραφήσεται
643 2831 731 2885 καὶ
767 2827 886 2900 ὅξος
916 2835 1324 2903 ποτισθήσεται,
1361 2833 1388 2888 6
1417 2835 1708 2909 προφήτης
1764 2827 1930 2887 Δαϐὶδ

271 2918 455 2997 λέγει·
487 2918 740 2978 Ἕδωκαν
771 2919 847 2981 είς
874 2921 938 2975 τὸ
971 2922 1174 2996 βρῶμά
1203 2942 1307 2994 μου
1345 2921 1550 2994 χολὴν,
1580 2923 1671 2977 καὶ
1715 2922 1792 2984 είς
1828 2921 1928 2989 τήν

265 3008 435 3083 δίψαν
470 3030 582 3083 μου
620 3008 872 3064 ἐπότισάν
911 3030 976 3083 με
1001 3006 1142 3080 ὅξος.
1194 3012 1319 3068 Ὃτι
1377 3007 1404 3064 δ
1470 3011 1929 3086 ἐμπαιχθήσεται,

263 3098 542 3173 Ἱερεμίας
598 3097 770 3172 λέγει*
830 3098 924 3161 Εἷς
982 3098 1291 3173 ἐμπαιγμὸν
1348 3098 1616 3173 ἐγενόμην
1672 3103 1755 3170 τῷ
1812 3102 1931 3170 Aan

273 3187 478 3257 τούτῳ.
505 3188 628 3241 ’Ότι
661 3183 718 3241 δὲ
740 3186 832 3241 καὶ
862 3193 981 3246 τοῖς
1022 3185 1243 3261 δεσμοῖς
1275 3187 1447 3243 αὐτῶν
1517 3186 1798 3258 δεθήσεται
1835 3187 1925 3242 καὶ

2043 1405 2115 1460 ad
2148 1407 2276 1476 ejus
2329 1406 2631 1463 dexteram
2690 1407 2982 1475 diabolus,
3042 1412 3108 1461 ut
3162 1408 3359 1479 ipsum
3417 1413 3693 1465 tentaret.

2042 1496 2317 1567 Dixitque
2340 1497 2392 1551 ei
2414 1499 2583 1553 Jesus
2609 1514 2622 1551 :
2650 1498 2913 1566 Diabole,
2940 1499 3227 1553 Dominus
3250 1505 3304 1553 te
3332 1501 3599 1571 increpet
3626 1498 3692 1555 7‘.

2040 1586 2549 1657 Comprehensum
2579 1588 2650 1641 iri
2685 1588 2976 1659 sapientia
3004 1587 3197 1643 verbis
3234 1588 3563 1644 Solomonis
3594 1606 3695 1644 os-

2038 1674 2235 1730 tendit
2259 1692 2273 1729 :
2297 1676 2583 1731 Dixerunt
2613 1676 2772 1732 inter
2792 1693 2854 1732 se
2876 1676 3412 1748 impii,Vinciamus
3434 1678 3691 1749 justum,

2039 1763 2178 1834 quia
2209 1764 2383 1820 nobis
2414 1769 2505 1820 est
2532 1766 2948 1821 incommodus
2976 1765 3044 1822 75.
3076 1766 3695 1823 Prodendumadisci"

2040 1853 2180 1924 pulo
2212 1870 2339 1921 suo,
2372 1854 2647 1924 praedixit
2674 1855 3047 1910 Psalmorum
3077 1860 3283 1910 auctor
3306 1872 3319 1909 :
3342 1856 3395 1910 Is
3419 1857 3519 1927 qui
3550 1874 3684 1912 meo

2044 1942 2301 1997 vescitur
2327 1944 2735 2014 pane,calcem
2766 1945 2912 2000 mihi
2935 1945 3180 2018 impegit
3200 1944 3265 2001 ⁷⁸.
3290 1945 3687 2001 Idemvatici-

2045 2039 2220 2090 natus
2270 2039 2358 2090 est
2408 2036 2668 2092 vestibus
2724 2037 3022 2093 Christum
3076 2037 3230 2093 482
3288 2038 3686 2109 spoliandum,

2046 2139 2265 2194 easque
2296 2129 2451 2180 sorte
2480 2125 2731 2181 divisum
2763 2126 2836 2181 iri
2871 2141 2883 2180 :
2946 2126 3301 2194 Diviserunt,
3334 2127 3547 2197 inquit,
3582 2145 3687 2183 ve-

2046 2215 2164 2267 stes
2189 2228 2374 2278 meas,
2409 2218 2465 2269 et
2513 2218 2669 2268 sorte
2709 2214 3031 2270 amiculum
3061 2230 3262 2269 meum
3294 2214 3597 2271 duxerunt
3617 2215 3686 2272 ⁷⁷.

2045 2302 2402 2357 Accusatum
2433 2301 2505 2356 iri
2528 2318 2563 2358 a
2589 2302 2754 2358 falsis
2773 2304 3023 2359 testibus
3053 2304 3212 2359 idem
3244 2308 3406 2359 vates
3452 2304 3694 2360 demon-

2045 2390 2290 2445 stravit:
2327 2392 2801 2461 Insurrexerunt,
2835 2393 3052 2464 inquit,
3111 2398 3316 2449 contra
3371 2409 3467 2448 me
3514 2398 3692 2450 testes

2046 2478 2253 2551 injusti
2285 2478 2352 2534 ⁷⁸.
2388 2481 2582 2553 Spinis
2640 2482 3046 2538 coronandum
3103 2481 3386 2538 Jeremias
3416 2483 3692 2554 praadixit

2042 2567 2134 2623 his
2165 2569 2388 2624 verbis:
2420 2570 2681 2641 Populus
2709 2570 2806 2626 hic
2837 2571 3023 2643 spinis
3049 2587 3291 2626 suorum
3311 2578 3689 2642 peccatorum

2040 2672 2136 2712 me
2157 2658 2548 2715 circumdedit
2573 2657 2642 2714 7°.
2666 2660 2831 2725 Quod
2861 2666 3057 2716 autem
3088 2660 3169 2715 fel
3198 2678 3303 2732 pro
3324 2660 3452 2716 cibo
3484 2665 3688 2717 etace-

2040 2750 2167 2801 tum
2194 2764 2300 2818 pro
2330 2753 2471 2819 potu
2498 2748 2552 2803 ei
2582 2748 2983 2804 exhibendum
3011 2748 3332 2819 aliquando
3363 2755 3539 2814 esset,
3573 2753 3687 2806 Da-

2038 2833 2208 2891 vidus
2238 2836 2350 2891 hoc
2381 2837 2619 2892 oraculo
2646 2838 3006 2908 praemonuit
3027 2854 3040 2891 :
3064 2837 3163 2892 Fel
3185 2838 3247 2892 in
3268 2837 3466 2893 cibum
3484 2855 3683 2893 meum

2038 2925 2436 2993 immiserunt,
2471 2926 2811 2997 sitientique
2841 2930 3075 2982 acetum
3096 2925 3421 2981 bibendum
3455 2927 3683 2981 obtule-

2037 3018 2177 3067 runt
2204 3011 2269 3068 3°.
2304 3014 2580 3069 Ludibrio
2613 3013 2881 3069 habitum
2912 3014 2984 3068 iri
3013 3013 3297 3068 Jeremias
3327 3030 3565 3069 rursum
3595 3015 3681 3068 in-

2040 3100 2197 3156 dicat
2217 3119 2230 3156 :
2265 3102 3047 3174 Ludibrium,inquit,factus
3066 3119 3199 3158 sum
3216 3102 3354 3158 huic
3367 3102 3589 3174 populo
3612 3102 3682 3159 δι.

2041 3190 2206 3256 Quod
2232 3190 2415 3246 Judaei
2447 3207 2581 3247 eum
2607 3192 2863 3248 vincturi
2919 3196 2978 3248 et
3031 3192 3095 3247 in
3144 3191 3402 3264 ligneam
3446 3208 3685 3247 crucem

280 3278 714 3348 σταυρωθήσεται
742 3274 831 3330 ἐπὶ
860 3275 1025 3345 ξύλου
1055 3278 1200 3351 παρᾶ
1226 3281 1335 3331 τῶν
1373 3274 1677 3348 Ἰουδαίων,
1711 3275 1859 3350 λὲγει
1892 3276 1920 3330 ὁ

2040 3250 2226 3336 acturi
2261 3285 2479 3350 essent,
2520 3281 2734 3337 Esdras
2781 3282 3103 3353 praedixit:
3145 3250 3391 3353 Ligastis
3434 3296 3529 3336 me
3565 3297 3688 3336 non

280 3361 537 3438 Ἐσδραςσ
566 3363 823 3437 Ἑδήσατέ
852 3387 917 3440 με
982 3366 1091 3442 οὐχ
1147 3367 1221 3429 ὡς
1252 3368 1456 3442 πατέρα
1492 3368 1583 3422 τὸν
1617 3366 1915 3444 ῥυσάμενον

282 3453 433 3527 (api;
464 3454 521 3510 ἐκ
547 3462 635 3531 γῆς
666 3456 974 3532 Αἷγύπτου.
1007 3459 1308 3532 Κράζοντες
1326 3459 1410 3513 ἐπὶ
1435 3462 1529 3513 τοῦ
1559 3459 1806 3533 βήματος
1821 3460 1917 3512 τοῦ

276 3547 470 3617 κριτοῦ
499 3545 889 3602 ἐταπεινώσατέ
948 3567 1034 3620 με,
1092 3548 1462 3622 κρεμασθῆναι
1503 3546 1589 3603 ἐπὶ
1628 3551 1724 3602 τοῦ
1754 3546 1917 3618 ξύλου

268 3633 623 3709 παρεδώκατὲ
683 3658 769 3711 με.
827 3638 948 3692 ’Ότι
1005 3634 1063 3692 δὲ
1116 3637 1207 3692 καὶ
1270 3639 1588 3712 ταφήσεται,
1656 3636 1921 3711 Ἱερεμίας

261 3723 430 3798 λέγει’
460 3726 554 3781 Ἐν
582 3728 652 3799 τῇ
680 3729 825 3802 ταφῇ
875 3725 1041 3780 αὐτοῦ
1090 3728 1599 3797 ζωοποιηθήσονται
1630 3727 1681 3781 οἱ
1712 3727 1917 3801 νεκροί.

263 3815 355 3871 Ἐν
384 3814 492 3889 γὰρ
518 3818 602 3885 τῷ
628 3818 805 3889 καιρῷ
836 3814 1045 3886 ἐκείνῳ,
1076 3813 1165 3870 ὅτε
1205 3816 1232 3869 6
1291 3815 1568 3885 Δεσπότης
1623 3817 1784 3889 ἡμῶν
1815 3818 1922 3886 Ἰη-

264 3909 396 3965 σοῦς
427 3903 481 3959 ὲν
514 3903 596 3976 τῷ
623 3904 795 3978 τιμίῳ
828 3903 991 3959 αὐτοῦ
1042 3904 1203 3960 πάθει
1232 3902 1512 3978 παρέδωκε
1568 3904 1630 3960 τὸ
1686 3910 1918 3978 πνεῦμα,

263 3994 318 4048 οἱ
347 3994 521 4069 τάφοι
554 3994 944 4068 ἠνεῴχθησαν,
975 3995 1062 4048 καὶ
1121 3992 1307 4049 πολλᾶ
1355 3994 1582 4066 σώματα
1609 3998 1717 4049 τῶν
1745 4015 1921 4050 κεκοι-

269 4081 545 4155 μημένων
579 4080 748 4158 ἁγίων
778 4083 1007 4158 ἠγέρθη,
1058 4084 1087 4138 6
1143 4081 1305 4151 ἣλιος
1353 4081 1666 4156 ἐσκοτίσθη,
1712 4083 1776 4138 τὸ
1823 4104 1924 4138 κα-

259 4171 597 4244 ταπέτασμα
617 4174 716 4225 τοῦ
753 4175 883 4225 ναοῦ
907 4170 1157 4249 ἐσχίσθη,
1188 4170 1279 4226 καὶ
1323 4173 1543 4244 σεισμὸς
1577 4171 1739 4247 μέγας
1790 4173 1926 4227 κατὰ

264 4266 454 4314 πᾶσαν
483 4260 584 4328 τήν
614 4258 941 4333 οἰκουμένην
975 4258 1205 4334 ἐγένετο.
1265 4262 1446 4317 Ταῦτα
1474 4260 1651 4315 πάντα
1688 4260 1737 4315 εἴ
1766 4258 1927 4332 δυνη-

266 4351 379 4419 θῇς
410 4350 482 4419 ⁸²,
514 4349 559 4402 ὦ
592 4345 842 4418 Ἰουδαῖε,
877 4351 954 4422 μή
987 4349 1123 4404 εἶναι
1154 4349 1300 4424 παρὰ
1329 4352 1436 4404 τῶν
1468 4348 1739 4423 ὑμετέρων
1790 4370 1928 4423 προ-

274 4442 473 4514 φητῶν
502 4437 985 4514 προκηρυχθέντα,
1012 4439 1089 4500 ὡς
1120 4438 1356 4513 ψεύστην
1415 4436 1668 4509 ἐνίκησάς
1721 4459 1807 4512 με·
1867 4438 1929 4495 Εἰ

272 4523 320 4580 δ’
348 4524 577 4596 ἀληθῶς
600 4529 725 4601 παρ’
758 4525 976 4582 ἐκείνων
1024 4522 1459 4606 προφητευθέντα
1514 4526 1639 4595 εἶσὶ,
1669 4532 1786 4591 τοῖς
1816 4532 1932 4582 σοῖ-

2030 3373 2097 3424 ut
2111 3370 2367 3437 Patrem,
2383 3371 2483 3442 qui
2505 3388 2605 3425 vos
2622 3388 2691 3426 ex
2708 3373 2949 3444 Egypto
2962 3370 3305 3437 liberasset;
3330 3370 3589 3425 clamore
3611 3370 3685 3426 ad

2030 3458 2290 3516 tribunal
2312 3459 2535 3532 judicis
2575 3461 2956 3534 oppugnastis
2996 3477 3112 3530 me,
3147 3460 3528 3531 oppressistis
3554 3476 3671 3527 me,

2031 3563 2100 3603 ac
2132 3549 2461 3605 tradidistis
2490 3550 2551 3605 in
2582 3549 2737 3622 ligno
2769 3549 3277 3622 suspendendum.
3301 3548 3681 3619 Sepultnram

2030 3655 2266 3710 quoque
2290 3639 2419 3711 ejus
2435 3640 2717 3696 Jeremias
2733 3640 3005 3711 prmdixit
3027 3656 3161 3694 eum
3184 3637 3410 3708 inquit:
3435 3641 3491 3691 Is
3512 3654 3683 3708 sepe-

2028 3728 2225 3797 lietur,
2236 3747 2304 3785 ea
2314 3747 2409 3786 res
2423 3730 2672 3786 mortuis
2684 3730 2861 3785 vitam
2873 3729 3228 3793 reddet.Quo
3242 3727 3399 3781 enim
3415 3731 3680 3797 tempore

2032 3820 2317 3875 Dominus
2348 3825 2549 3874 noster
2577 3818 2841 3873 Christus
2871 3819 3131 3889 pretiosa
3161 3832 3267 3871 sua
3296 3815 3358 3869 in
3401 3813 3678 3886 passione

2033 3907 2371 3979 exspiravit,
2406 3923 2473 3961 eo
2505 3905 2777 3978 sepulcra
2798 3909 2936 3960 sunt
2954 3910 3177 3976 aperta,
3209 3902 3503 3973 multique
3526 3917 3680 3957 mor-

2033 4003 2268 4051 tuorum
2288 4001 2627 4051 sanctorum
2637 3996 2972 4050 reviverunt
2991 4009 3003 4059 ;
3022 3993 3108 4049 sol
3123 3991 3545 4048 obtenebratus
3565 3995 3676 4057 est,

2033 4085 2228 4140 velum
2253 4084 2457 4155 templi
2476 4085 2746 4155 scissum,
2770 4098 3136 4155 magnusque
3157 4085 3462 4153 pertotum
3476 4079 3680 4134 orbem

2037 4180 2206 4229 terra}
2222 4179 2417 4228 motus
2434 4172 2563 4231 fuit.
2584 4174 2717 4228 Haec
2736 4172 2955 4237 omnia,
2968 4170 3243 4238 Judase,si
3258 4184 3473 4239 negare
3489 4173 3678 4238 potes,

2036 4280 2071 4318 a
2090 4262 2297 4317 vestris
2317 4262 2499 4317 fuisse
2513 4261 2797 4333 praedicta
2819 4260 3071 4327 vatibus,
3093 4257 3388 4314 mendacii
3420 4273 3562 4313 sane
3586 4272 3685 4311 me

2037 4352 2382 4407 conviceris.
2418 4351 2519 4406 Sin
2559 4367 2628 4406 ea
2656 4367 2790 4406 vere
2821 4354 2961 4405 sunt
2989 4349 3254 4421 ipsorum
3286 4346 3545 4411 oracula,
3568 4345 3690 4400 tuis

2039 4442 2192 4498 488
2215 4441 2396 4497 debes
2437 4442 2679 4497 credere
2711 4440 2939 4496 vatibus
2970 4445 3029 4495 et
3070 4444 3338 4494 nostrum
3388 4435 3690 4491 Christum

2041 4532 2132 4587 vel
2162 4531 2381 4586 invitus
2429 4530 2698 4587 adorare.
2730 4530 3149 4586 Constantinus
3181 4544 3195 4584 :
3226 4528 3285 4583 Si
3328 4527 3455 4581 haac
3483 4523 3693 4579 vestris

275 4613 529 4691 ὀφείλεις
556 4618 844 4685 πεισθῆναι
873 4617 1181 4694 προφήταις
1207 4615 1297 4671 καὶ
1352 4616 1444 4670 τὸν
1496 4618 1763 4691 ἡμέτερον
1796 4620 1927 4691 Χρις

2040 4622 2420 4678 continentur
2439 4620 2629 4688 libris,
2653 4635 3156 4692 supervacaneum
3172 4622 3282 4686 est,
3305 4632 3338 4671 o
3367 4613 3697 4683 Judaei,vos

282 4704 413 4757 στὸν
442 4702 588 4759 ἃκων
645 4706 736 4759 καὶ
797 4706 874 4780 μή
939 4703 1277 4781 βουλόμενος
1333 4713 1726 4780 προσκυνῆσαι.
1785 4712 1935 4761 Κων-

277 4796 573 4854 σταντῖνος
602 4791 912 4867 Αὔγουστος
946 4792 1109 4848 εἶπεν·
1162 4793 1225 4849 Εἰ
1280 4796 1448 4848 ταῦτα
1501 4797 1620 4854 ταῖς
1654 4792 1938 4868 ὑμετέραι-

282 4880 604 4955 περιὲχεται
665 4876 907 4955 βίϐλοις,
977 4884 1248 4958 περισσῶς
1309 4880 1640 4955 ἀντιλέγετε,
1700 4883 1745 4935 ὦ
1800 4883 1936 4946 Ἰους

284 4965 460 5036 δαῖοι,
521 4972 627 5023 τῶν
681 4969 1020 5042 παθημάτων
1103 4968 1275 5024 ἕνεκεν
1334 4974 1432 5024 τοῦ
1485 4971 1744 5041 Χριστοῦ,
1802 4969 1937 5044 ἅπερ

282 5058 430 5114 κατᾶ
455 5058 604 5128 τάξιν
655 5057 1030 5134 προλεχθέντα
1081 5059 1133 5115 ἐν
1194 5064 1276 5133 τῷ
1329 5061 1559 5134 Χριστῷ
1613 5058 1936 5134 ἐπληρώθη.

277 5145 465 5205 Λῦνᾶν
496 5144 759 5210 Ἰουδαῖος
823 5147 993 5224 λέγει’
1029 5148 1299 5225 Ὀφείλεις
1340 5146 1508 5219 δεῖξαι
1538 5150 1674 5221 ἡμῖν
1728 5151 1790 5205 τὸ
1853 5171 1937 5206 τε·

279 5237 490 5311 χθῆναι
593 5236 755 5292 αὐτὸν
840 5238 931 5292 καί
1012 5244 1351 5312 κρατηθῆναι
1440 5236 1531 5292 καί
1618 5233 1940 5314 ὑϐρισθῆναι

282 5323 385 5378 καὶ
466 5322 845 5400 ἒμπαιχθῆναι
922 5324 1014 5381 καὶ
1095 5327 1468 5401 σταυρωθῆναι
1528 5326 1617 5382 καὶ
1695 5329 1940 5392 τεθνάναι

278 5416 378 5469 καὶ
421 5418 567 5488 ταφῇ
622 5413 1044 5492 παραδεδόσθαι.
1102 5419 1165 5475 Ὁ
1222 5415 1379 5491 ἅγιος
1429 5411 1756 5491 Σίλὸεστρος
1815 5416 1939 5496 ἔφη’

356 5531 404 5567 ’⁸³
451 5534 685 5590 Baruch
733 5551 813 5606 ιιι,
893 5536 983 5605 36,
1034 5536 1119 5590 37.

284 5621 337 5658 ⁷⁸
356 5624 515 5679 Psal.
550 5640 703 5692 xxw,
732 5627 785 5680 2.

2048 4710 2454 4767 contradicere
2503 4710 2575 4764 iis
2617 4708 2829 4764 Christi
2861 4705 3367 4780 perpessionibus,
3401 4720 3551 4775 quas
3598 4718 3699 4755 or-

2049 4798 2187 4855 dine
2214 4804 2376 4855 vates
2425 4799 2478 4853 ei
2524 4804 2834 4853 eventuras
2888 4797 3315 4869 praedixerunt,
3369 4806 3697 4861 eorumque

2050 4889 2290 4945 oracula
2339 4888 2603 4943 Christus
2650 4887 2937 4959 implevit.
3012 4887 3224 4941 Aunan
3277 4882 3512 4938 Iudaeus
3562 4879 3691 4934 ait:

2048 4978 2312 5033 Debebas
2332 4978 2547 5033 nostris
2576 4977 2985 5031 demonstrare
3005 4974 3079 5029 de
3098 4974 3325 5029 Christo
3351 4968 3701 5041 praedictum

2047 5068 2253 5132 fuisse,
2311 5082 2448 5121 eum
2491 5066 2883 5129 nasciturum,
2949 5068 3216 5134 captum,
3266 5055 3698 5115 contumeliose

2049 5160 2365 5212 tractatum
2384 5160 2444 5210 et
2459 5155 2702 5210 illusum
2724 5153 3003 5223 crucique
3027 5151 3294 5217 afﬁxum,
3313 5146 3695 5209 moriturum,

2051 5246 2488 5318 sepulturaeque
2507 5243 2789 5298 traditum
2822 5242 2913 5296 iri.
2943 5240 3222 5296 Silverter
3254 5255 3268 5293 :
3300 5238 3543 5308 Oportet
3557 5248 3694 5305 ergo

2050 5350 2146 5390 me
2173 5349 2378 5388 omnes
2401 5332 2730 5401 Scripturas
2752 5346 3067 5401 exponere.
3092 5328 3263 5383 Prius
3284 5331 3485 5382 tamen
3513 5322 3701 5379 fatere

2054 5426 2110 5477 te
2141 5438 2240 5477 eas
2269 5419 2548 5492 amplecti
2576 5435 2863 5490 verasque
2887 5416 3179 5489 judicare.
3204 5418 3417 5472 Aunan
3444 5431 3458 5469 :
3493 5414 3705 5469 Vatum

1223 5535 1270 5571 7‘
1329 5535 1566 5591 Zachar.
1618 5552 1704 5601 ιιι,
1758 5539 1808 5606 1,
1860 5541 1910 5593 2.

2090 5539 2222 5610 Sap.
2258 5554 2314 5603 ιι,
2379 5537 2465 5591 12.
2543 5535 2588 5576 7⁸
2632 5535 2788 5592 Psal.
2833 5551 2924 5604 XL,
2977 5537 3064 5591 10.
3138 5532 3186 5569 ’⁷⁷
3234 5531 3388 5589 Psal.
3438 5547 3558 5601 ni,
3609 5530 3694 5583 19°

890 5625 940 5660 ’⁷⁸
965 5626 1177 5681 Jerem.
1213 5643 1287 5693 ιχ,
1322 5628 1373 5679 2.
1448 5624 1493 5660 ⁸ο
1522 5624 1675 5680 Psal.
1712 5643 1900 5697 vam,
1925 5632 2012 5684 22.
2088 5627 2132 5663 ⁸³
2165 5628 2376 5682 Thren.
2410 5642 2490 5698 ιιι,
2530 5628 2612 5680 14.
