4118 6288
435 373 556 440 52⁸7

1752 360 2077 422 GEORGII
2120 361 2442 424 CEDREN
2449 366 2477 424 Ι

3715 361 3832 422 528

417 509 657 568 oracula
685 520 812 562 esse
846 517 1004 567 vera,
1058 513 1234 554 nemo
1275 499 1472 568 negat.
1533 492 1645 549 Sed
1695 496 1756 548 tu
1805 491 1880 546 ad
1909 491 2058 547 alios
2091 553 2093 560 ι

2205 492 2393 547 )ὔκοῦν
2443 492 2648 567 ἀνάγκη
2709 491 2821 548 ἐστῖ
2883 490 3056 552 πάσας
3114 511 3203 545 σοι
3258 489 3356 550 τὰς
3411 489 3626 568 Γραφάς
3684 485 3830 545 ἐκθέ-

412 600 599 657 trahis
630 613 762 668 quae
797 591 869 648 de
901 589 1035 646 aliis
1065 592 1206 644 sunt
1260 585 1566 658 praedicta.
1621 581 1896 638 Silvester
1927 598 1940 637 :
2007 586 2069 634 tu

413 689 595 762 igitur
614 685 798 742 alium
829 680 1052 753 profer,
1085 677 1181 733 cui
1211 676 1290 732 fel
1319 692 1426 748 pro
1459 673 1613 742 cibo,
1664 677 1900 727 acetum
1957 686 2064 742 pro

413 784 556 852 potu
590 777 668 832 sit
692 771 1024 830 exhibitum
1058 783 1072 834 ;
1107 765 1207 837 qui
1264 764 1452 837 spinis
1501 767 1843 826 coronatus,
1877 759 2073 815 cruci—

412 867 563 924 ﬁxus
593 881 660 920 ac
693 860 960 934 sepultus
989 855 1288 913 revixerit.
1347 853 1546 909 Judaao
1601 848 1956 921 aliquandiu
1989 847 2070 902 si-

413 957 600 1024 lente,
633 949 1058 1009 Constantinus
1085 946 1169 1000 ait
1203 961 1216 998 :
1244 943 1302 998 Si
1333 941 1518 998 alium
1559 942 1773 994 Aunan
1823 937 2074 993 demon-

417 1051 606 1100 strare
638 1057 759 1096 non
789 1041 1006 1110 potest,
1032 1035 1182 1090 sciat
1211 1049 1274 1088 se
1305 1032 1454 1088 citra
1483 1044 1722 1084 omnem
1753 1024 2074 1081 dubitatio-

414 1151 557 1191 nem
586 1134 928 1202 superatum
963 1141 1114 1181 esse.
1150 1128 1305 1194 Doeg
1333 1119 1566 1176 Iudaeus
1589 1117 1785 1188 inquit
1811 1114 2074 1186 :Optime

416 1227 766 1296 imperator,
800 1218 1078 1274 Silvester
1129 1213 1434 1286 pollicitus
1463 1213 1553 1264 est
1601 1224 1661 1262 se
1686 1207 1914 1278 justam
1945 1203 2076 1259 edi-

420 1321 622 1370 turum
657 1325 899 1366 causam
933 1305 1006 1360 ob
1037 1319 1217 1376 quam
1248 1299 1515 1356 Christus
1546 1295 1731 1363 nasci,
1765 1311 1799 1350 a
1837 1291 2074 1348 diabolo

416 1401 634 1458 tentari
667 1403 726 1454 et
768 1393 1130 1468 supplicium
1187 1389 1416 1463 perpeti
1467 1385 1756 1442 debuerit.
1811 1381 1902 1437 Ad
1950 1381 2078 1436 haac

420 1491 733 1551 Silvester:
769 1486 1060 1552 Quoniam
1107 1481 1350 1553 quidem
1410 1475 1652 1533 oracula
1707 1477 1905 1528 vatum
1941 1486 2080 1526 vera

419 1598 556 1637 esse
585 1577 732 1635 fassi
763 1577 926 1644 estis,
955 1569 1390 1629 conﬁtebimini
1412 1567 1617 1638 utique
1637 1563 1923 1636 virginem
1955 1577 2080 1632 gra-

419 1673 614 1728 vidam
647 1685 777 1726 esse
800 1668 1038 1733 factam,
1069 1666 1361 1734 partuque
1411 1653 1885 1719 Emmanuelem,
1919 1649 2080 1721 quod

426 1777 648 1818 nomen
682 1762 856 1814 sonat
883 1757 1040 1811 Deus
1071 1744 1698 1813 nobiscum,edidisse.
1729 1739 2081 1797 Tacentibus

422 1850 642 1908 Iudaeis
673 1846 939 1904 addidit:
977 1841 1234 1898 Omnino
1265 1839 1329 1894 in
1361 1835 1546 1892 sacris
1567 1833 1800 1889 Litteris
1829 1831 2080 1904 legistis,

428 1939 726 2014 quomodo
755 1939 912 1992 Deus
944 1933 1204 2006 primum
1263 1927 1567 1983 hominem
1617 1941 1690 1979 ex
1742 1921 1868 1976 luto
1929 1917 2088 1975 48.!

429 2027 792 2093 formaverit,
827 2025 928 2096 qui
962 2024 1140 2077 homo
1165 2016 1459 2089 serpentis
1481 2012 1732 2070 consilio
1774 2011 2092 2066 obsecutus

433 2119 712 2194 paradiso
737 2117 966 2189 ejectus
997 2109 1298 2180 mortique
1331 2112 1422 2162 est
1472 2103 1765 2160 addictus.
1797 2103 1924 2156 Jam
1957 2113 2092 2170 ergo

438 2189 609 2277 inihi,
639 2207 862 2272 Judme,
895 2199 1211 2274 responde,
1235 2203 1394 2252 terra
1450 2212 1518 2250 ex
1561 2209 1678 2264 qua
1705 2191 1818 2246 fuit
1864 2189 2096 2244 efﬁctus

437 2273 724 2364 Adamus,
759 2273 1130 2364 corruptioni
1161 2286 1353 2341 fuitne
1385 2287 1659 2354 exempta
1679 2296 1756 2336 an
1786 2277 2052 2350 subjecta
2071 2273 2100 2329 ‘I

437 2386 665 2444 Cusech
723 2379 1032 2454 respondit
1083 2377 1268 2432 fuisse
1328 2376 1692 2443 exemptam.
1769 2367 2095 2422 Silvester:

439 2484 622 2537 Recte
653 2473 878 2532 dixisti.
911 2473 1056 2526 Nam
1090 2473 1149 2524 et
1206 2465 1366 2538 virgo
1407 2462 1519 2516 fuit
1577 2465 1736 2514 terra
1782 2458 1916 2523 ista,
1963 2471 2098 2510 cum

438 2567 709 2627 nondum
740 2561 930 2636 spinis
960 2576 1028 2615 ac
1076 2554 1313 2612 tribulis
1367 2567 1498 2607 eam
1541 2549 1738 2605 divina
1787 2544 2098 2602 detestatio

441 2655 843 2730 exposuisset,
869 2664 1066 2720 neque
1117 2645 1180 2700 in
1206 2659 1277 2699 ea
1303 2641 1494 2697 ullum
1524 2639 1854 2694 humanum
1885 2649 2101 2706 corpus

440 2747 664 2803 fuisset
685 2735 1150 2814 sepultum.ldeo
1169 2748 1414 2789 necesse
1435 2733 1562 2786 erat
1577 2743 1795 2782 novum
1806 2724 2100 2780 Adamum

440 2852 512 2892 ex
542 2811 1020 2902 Maria—Virgine
1069 2823 1255 2889 nasci,
1326 2826 1394 2875 ut
1445 2818 1542 2873 hic
1579 2819 1940 2886 serpentem,
1999 2811 2102 2883 qui

437 2925 702 2998 primum
735 2901 1046 2976 hominem
1086 2909 1370 2968 tentando
1400 2907 1641 2972 vicerat,
1673 2903 1934 2959 vicissim
1982 2901 2102 2956 vin-

446 2993 615 3070 ceret
652 3005 1012 3084 jejunando,
1045 3001 1220 3059 sicuti
1267 2998 1526 3054 Adamus
1576 2993 1707 3050 cibo
1741 2997 1911 3065 capto
1969 3007 2103 3045 suo—

442 3077 750 3160 cubuerat.
794 3097 990 3155 Victor
1047 3107 1188 3164 ergo
1252 3086 1472 3144 diaboli
1530 3082 1871 3156 paradisum
1931 3077 2104 3134 nobis

2183 582 2326 650 σθαι,
2407 581 2528 646 ὅθεν
2611 586 2826 657 πρῶτον
2917 579 3269 655 ὁμολόγησον
3349 579 3443 641 σὰς
3529 578 3666 632 εἶναι
3737 578 3832 640 τὰς

2184 671 2399 748 Γραφάς
2429 672 2520 726 καὶ
2547 669 2772 742 ἀληθεῖς
2816 670 3104 746 ὑπάρχειν.
3147 668 3328 724 Αὐνᾶν
3385 667 3522 726 εἶπε.
3554 668 3636 724 Τὰ
3689 669 3834 742 παρὰ

2184 763 2292 813 τῶν
2327 765 2625 838 προφητῶν
2685 759 2949 834 λεχθέντα
3010 755 3195 828 ἀληθῆ
3249 757 3382 811 εἶναι
3439 757 3635 818 πάντες
3694 757 3834 828 ὁμο-

2187 851 2464 925 λογοῦσιν.
2493 847 2672 908 Ἀλλά
2703 848 2768 904 σὺ
2791 849 2857 904 τὰ
2887 849 3023 924 πρὸς
3077 845 3286 910 ἄλλους
3343 846 3602 920 εἰρημένα
3628 842 3834 907 ἄλλους

2186 942 2511 1007 πεπονθέναι
2548 943 2678 1020 φής.
2709 942 2770 998 Ὀ
2812 937 2966 1015 ὄίγιος
3019 933 3354 1012 Σίλϐεστρος
3399 937 3564 992 εἶπενο
3624 936 3834 994 Οὐκοῦν

2189 1027 2352 1094 δίδως
2382 1028 2554 1086 ἄλλον
2581 1029 2698 1086 τινά
2727 1051 2859 1086 ποτε
2886 1027 3068 1104 χολήν
3096 1028 3364 1104 τραφέντα
3418 1027 3510 1082 καὶ
3566 1024 3688 1097 ὅξος
3733 1047 3835 1080 πο-

2186 1121 2434 1176 τισθέντα
2488 1120 2580 1175 καὶ
2637 1119 2890 1174 ἀκάνθαις
2948 1117 3348 1196 στεφανωθέντα
3425 1115 3514 1170 καὶ
3593 1136 3836 1190 σταυρω-

2191 1207 2346 1274 θέντα
2401 1210 2492 1264 καὶ
2547 1209 2776 1289 ταφέντα
2829 1207 2920 1262 καὶ
2967 1207 3270 1262 ἀναστάντα
3313 1224 3327 1274 ;
3385 1203 3488 1261 Καὶ
3547 1203 3635 1260 ἐπὶ
3688 1201 3836 1260 πολὺ

2191 1302 2508 1362 σιωπῶντος
2535 1298 2724 1365 αὐτοῦ,
2756 1301 3156 1358 Κωνσταντῖνος
3215 1295 3529 1370 Αὔγουστος
3587 1289 3710 1372 ἔφη’
3774 1291 3838 1349 Εἰ

2192 1387 2364 1444 ἄλλον
2397 1382 2654 1459 ἐπιδεῖξαι
2685 1384 2860 1442 Αὖνᾶν
2893 1385 2955 1439 οὐ
2988 1381 3225 1454 δύναται,
3281 1382 3594 1458 γινωσκέτω
3650 1380 3839 1436 ἑαυτὸν

2193 1480 2434 1552 φανερῶς
2463 1476 2786 1548 ἡττημένον.
2821 1477 2902 1548 [Ρ.
2959 1475 3087 1547 276]
3145 1473 3309 1542 Δωηκ
3356 1469 3618 1531 Ἰουδαῖος
3674 1468 3840 1545 λέγει’

2193 1563 2430 1622 Βασιλεῦ
2475 1565 2747 1640 κράτιστε,
2809 1557 3148 1637 Σίλϐεστρος
3205 1557 3572 1637 ἐπηγγείλατο
3631 1555 3843 1620 δικαίας

2194 1653 2332 1730 ἐρεῖν
2363 1653 2540 1718 αἰτίας
2568 1652 2692 1730 περὶ
2743 1657 2842 1708 τοῦ
2899 1652 3223 1729 γεννηθῆναι
3277 1649 3436 1704 αὐτὸν
3483 1649 3575 1705 καί
3641 1667 3843 1722 πειρα-

2195 1747 2386 1814 σθῆναι
2420 1743 2524 1799 ὑπὸ
2552 1746 2650 1799 τοῦ
2707 1737 2974 1797 διαϐόλου
3022 1739 3114 1796 καὶ
3171 1744 3382 1804 παθεῖν.
3422 1739 3485 1796 Ὀ
3516 1736 3670 1812 ἅγιος
3711 1733 3851 1792 Σίλ-

2199 1829 2422 1908 ϐεστρος
2447 1827 2573 1911 ἔφη·
2609 1829 2830 1902 Ἐπειδή
2863 1829 3052 1886 τοίνυν
3084 1827 3266 1900 ἀληθῆ
3299 1828 3365 1883 τὰ
3405 1827 3852 1905 προφητευθέντα

2199 1923 2469 1998 εἰρήκατε,
2488 1909 2894 1997 γὸμολογήσατε
2923 1918 3006 1975 ὅτι
3037 1921 3072 1989 ἡ
3137 1917 3412 1993 Παρθένος
3466 1909 3738 1972 συνέλαϐε
3766 1913 3855 1970 καὶ

2199 2005 2454 2067 ἕτεκετὸν
2487 2007 2868 2085 Ἐμμανουηλ,
2906 2009 2936 2064 ὃ
2995 2007 3130 2078 ἐστι,
3189 2011 3320 2072 Μεθ’
3385 2007 3551 2078 ἡμῶν
3611 2005 3640 2060 ὁ
3697 2003 3854 2064 Θεός.

2201 2100 2550 2156 Σιωπώντων
2577 2096 2635 2152 δὲ
2659 2102 2766 2154 τῶν
2796 2093 3092 2166 Ἰουδαίων,
3152 2096 3180 2150 ὁ
3239 2093 3397 2171 ἅγιος
3428 2093 3566 2148 εἶπε·
3630 2091 3858 2150 Πάντως

2201 2191 2497 2265 γινώσκετε
2551 2185 2600 2241 ἐν
2657 2191 2776 2248 ταῖς
2824 2185 2993 2250 θείαις
3049 2189 3284 2262 Γραφαῖς
3344 2182 3532 2256 ὅτιπερ
3576 2179 3638 2236 ἐκ
3665 2179 3854 2251 πηλοῦ

2199 2278 2456 2349 ἐποίησεν
2485 2276 2514 2332 ὁ
2545 2276 2673 2338 Θεὸς
2701 2276 2795 2332 τὸν
2853 2279 3066 2352 πρῶτον
3121 2273 3432 2350 ἄνθρωπον,
3483 2273 3543 2334 ὃς
3582 2275 3652 2345 τῇ
3717 2290 3856 2342 συμ-

2205 2363 2406 2438 ϐουλίᾳ
2433 2370 2531 2422 τοῦ
2561 2364 2738 2443 ὄφεως
2766 2359 3032 2435 ἐξεϐλήθη
3090 2367 3189 2420 τοῦ
3240 2358 3568 2436 παραδείσου
3625 2357 3720 2414 καὶ
3771 2369 3857 2421 θα-

2203 2458 2350 2528 νάτῳ
2379 2453 2808 2531 περιπέπτωκεν.
2863 2451 3067 2508 Οὐκοῦν
3124 2450 3241 2508 εἰπέ
3297 2472 3412 2524 μοι,
3447 2451 3492 2504 ὦ
3532 2445 3788 2517 Ἰουδαῖε,
3821 2448 3854 2516 ἠ

2203 2553 2274 2622 γῆ
2305 2546 2394 2624 ἀφ’
2423 2545 2491 2614 ἦς
2521 2543 2759 2615 ἐπλάσθη
2796 2544 2824 2598 ὁ
2849 2541 3050 2616 ’Δδάμ,
3108 2540 3374 2624 ἄφθαρτος
3413 2539 3482 2609 ἦν
3552 2534 3587 2608 ἤ
3621 2537 3855 2614 φθαρτὴν

2207 2623 2442 2708 Κουσῆχ
2495 2632 2664 2688 εἴπεν⁶
2722 2633 3046 2711 Ἃφθαρτος.
3105 2623 3430 2704 Σίλϐεστρος
3470 2625 3607 2682 εἶπε·
3651 2623 3846 2684 Καλῶς

2207 2723 2384 2786 εἶπας·
2417 2721 2688 2801 ἄφθαρτος
2734 2721 2838 2797 γὰρ
2893 2722 2960 2789 ἦν
3016 2718 3109 2774 καὶ
3149 2717 3413 2794 παρθὲνος
3479 2711 3570 2770 διὰ
3613 2713 3678 2801 τὲ
3711 2713 3848 2784 μήτε

2205 2791 2666 2884 κατάρανάὐτήν
2746 2791 3026 2882 εἰληφέναι
3083 2791 3327 2866 ἀκανθῶν
3385 2798 3476 2855 καὶ
3549 2791 3846 2873 τριϐόλων,

2211 2900 2352 2972 μήτε
2409 2895 2466 2952 δὲ
2545 2896 2722 2972 ταφὴν
2779 2893 3032 2966 σώματος
3113 2889 3454 2967 ἀνθρωπίνου
3531 2885 3833 2965 ἐσχηκέναι.

2206 2987 2402 3044 Τοίνυν
2431 2983 2604 3063 ἐχρῆν
2636 2984 2726 3038 mi
2755 2980 2816 3038 ἐκ
2843 2989 2943 3052 τῆς
3003 2981 3283 3056 Παρθένου
3337 2977 3544 3054 Μαρίας
3587 2975 3675 3028 τὸν
3725 2972 3838 3026 νὲον

2211 3073 2388 3149 Ἀδὰμ
2414 3059 2760 3150 γεννηθῆναι,
2791 3071 2848 3134 ὅς
2899 3068 3104 3148 ὣφειλε
3159 3069 3250 3124 τὸν
3307 3066 3532 3139 νικητήν
3561 3065 3656 3118 τοῖ’)
3685 3059 3836 3135 πρώ-

439 3189 706 3246 restituit
761 3185 1013 3255 vitaaque
1060 3147 1308 3235 fraternas
1381 3147 1582 3247 portas
1647 3169 1901 3242 aperuit.
1959 3169 2093 3222 Tum

2209 3187 2306 3222 του
2359 3165 2668 3238 ἀνθρώπου,
2721 3164 2813 3218 τὸν
2869 3161 3190 3237 πειράζοντα
3250 3153 3396 3236 ὅφιν,
3451 3161 3688 3224 νικῆσαι.
3740 3147 3848 3206 Καὶ

2217 3254 2222 3255 ,
2335 3253 2348 3255 _
2468 3253 2476 3255 _
2557 3254 2561 3255 ν
2625 3251 2673 3255 _-
2765 3249 2784 3255 Α
2827 3251 2838 3255 -
2890 3252 2906 3255 Α
2977 3251 2986 3255 -
3172 3247 3187 3255 ι
3229 3247 3238 3255 ι
3461 3242 3484 3255 In
3521 3243 3534 3255 ι
3766 3236 3779 3255 Ι

441 3277 682 3334 Iudaeus
708 3292 721 3329 :
756 3275 885 3330 Non
916 3269 1094 3326 modo
1127 3283 1234 3322 cur
1264 3269 1438 3320 natus
1469 3265 1627 3317 esset
1659 3257 1948 3322 Christus,
1995 3253 2093 3311 sed

2209 3253 2397 3324 ἐπειδὴ
2427 3253 2519 3310 τὸν
2552 3251 2734 3326 Ἀδὰμ
2763 3249 2852 3306 διὰ
2883 3236 3137 3325 βρώσεως
3169 3247 3400 3320 ἐνίκησε,
3457 3242 3548 3300 διὰ
3597 3236 3842 3313 νηστείας

442 3325 1096 3424 εῇἷιτῐίι--οατἽ-ᾗιάνὶὒιείο
1152 3354 1412 3420 habitus,
1465 3350 1758 3424 proditus,
1808 3345 2093 3420 supplicio

2205 3345 2440 3415 ἡττήθη.
2465 3344 2527 3400 Ὀ
2558 3325 2948 3418 γοῦνννικήσας
2978 3339 3072 3394 τὸν
3128 3333 3390 3392 διάϐολον
3442 3333 3535 3390 τὸν
3589 3325 3852 3406 παράδει-

443 3457 692 3513 aﬂ‘ectus
750 3456 809 3508 et
864 3454 1156 3514 mortuus,
1210 3457 1452 3499 causam
1498 3438 1855 3510 postulatus,
1880 3416 2093 3508 pauca

2207 3452 2300 3487 σον
2327 3434 2463 3505 ἡμῖν
2496 3416 2745 3487 ἀπέδωκε
2773 3428 2992 3497 καὶτῆς
3052 3425 3277 3482 αἰωνίου
3332 3428 3480 3493 ζωῆς
3529 3419 3626 3482 τὰς
3685 3416 3859 3478 πύλας

748 3539 820 3596 de
850 3508 1156 3594 nativitate
1186 3533 1316 3602 ejus
1346 3508 1622 3584 docuisti.

2206 3519 2570 3617 νίψει-Καὶ
2600 3520 2628 3574 ὁ
2671 3515 2932 3580 Ἰουδαῖος
2992 3516 3162 3571 εἶπεψ
3219 3513 3296 3570 Οὐ
3357 3512 3521 3585 μόνον
3581 3508 3709 3582 περί
3760 3511 3860 3574 τῆς

448 3595 711 3617 -ι-πηηκ
806 3595 809 3596 ν
1214 3595 1236 3602 -

436 3635 734 3708 γεννήσεως
767 3631 864 3684 τοῦ
898 3621 1165 3698 ὑμετέρου
1195 3620 1469 3693 Χριστοῦ,
1502 3612 1650 3669 ἀλλά
1673 3613 1762 3667 καὶ
1793 3611 1919 3686 περί
1947 3617 2048 3680 τῆς
2075 3609 2382 3683 ἐμπαίξεως
2409 3608 2574 3664 αὐτοῦ
2601 3608 2692 3664 καὶ
2724 3604 3020 3684 προδοσίας
3067 3605 3156 3660 καὶ
3212 3603 3420 3664 πάθους
3473 3598 3566 3654 καὶ
3623 3595 3854 3652 θανάτου

439 3697 762 3798 ἐρωτηθεὶς,
793 3714 918 3791 περὶ
938 3697 1124 3788 μόνης
1155 3715 1256 3779 τῆς
1297 3706 1603 3782 γεννήσεως
1627 3698 1870 3772 ἐδίδαξας
1903 3697 2066 3774 ὀλίγα
2097 3699 2238 3755 τινά.

511 3789 754 3887 Oportet
782 3789 982 3864 autem
1012 3803 1085 3858 de
1107 3797 1360 3873 singulis
1389 3801 1447 3852 te
1499 3793 1794 3850 rationem
1824 3789 2100 3847 reddere.

445 3879 726 3959 Silvester
749 3915 762 3954 :
783 3899 865 3952 De
896 3907 1155 3966 quonam
1186 3887 1336 3944 dixit
1365 3881 1730 3958 magnusille
1759 3880 1942 3936 Isaias
1963 3879 2100 3944 ista,

445 3994 594 4048 Ecce
651 3989 824 4060 Virgo
884 3981 1202 4052 concipiet,
1287 3983 1347 4032 et
1399 3973 1594 4048 pariet
1649 3970 1867 4027 Filium
1925 3985 2103 4040 quem

447 4076 900 4136 Emmanuelem
930 4068 1329 4128 nominabunt
1351 4065 1379 4122 ‘I
1411 4064 1467 4120 Is
1521 4066 1844 4132 antequam
1875 4064 2105 4131 patrem

448 4179 552 4230 aut
611 4174 858 4227 matrem
907 4179 1116 4220 vocare
1174 4160 1383 4226 discat,
1417 4158 1774 4212 Damascum
1823 4151 1886 4206 in
1934 4165 2104 4206 suam

447 4264 678 4336 rediget
699 4261 1054 4332 potestatem
1087 4257 1146 4308 et
1183 4248 1510 4306 Samariam
1541 4244 1784 4316 diripiet
1807 4257 1876 4297 ac
1905 4256 2105 4312 regem

445 4329 925 4426 Assyriae—vincet
948 4347 1018 4401 ⁸².
1047 4340 1307 4400 Balaami
1351 4341 1642 4410 prmterea
1669 4335 1782 4388 hoc
1843 4337 1931 4386 est
1959 4329 2108 4385 vati-

448 4445 694 4500 cinium.
748 4438 922 4494 Sidus
970 4451 1040 4489 ex
1099 4429 1314 4486 Jacobo
1381 4427 1626 4492 orietur,
1679 4423 1976 4491 homoque
2034 4417 2107 4472 de

448 4532 666 4589 Israele
699 4530 1035 4589 enascetur,
1055 4520 1158 4592 qui
1190 4517 1496 4590 principes
1525 4512 1822 4568 Moabicos
1842 4511 2108 4565 conterat

449 4639 508 4687 et
537 4627 697 4686 Sethi
749 4626 904 4682 ﬁlios
957 4615 1398 4677 incursionibus
1446 4612 1622 4669 laedat
1669 4608 2106 4681 imperiumque

447 4719 513 4774 in
543 4716 762 4772 multas
791 4717 998 4786 gentes
1029 4702 1472 4777 occupet”.His
1502 4697 1797 4755 vaticiniis
1827 4695 1977 4752 485
2005 4695 2108 4749 de-

453 4783 902 4865 nuntiatum‘est
927 4815 1061 4856 eum
1083 4795 1387 4852 hominem
1408 4791 1696 4846 futurum.
1721 4783 1888 4850 Quod
1909 4789 2108 4839 autem

455 4895 724 4955 omnium
745 4907 945 4948 rerum
967 4885 1254 4944 Dominus
1281 4883 1517 4938 futurus
1546 4881 1722 4943 esset,
1746 4889 1984 4929 rursum
2016 4872 2109 4927 his

449 4986 650 5044 verbis
669 4988 830 5039 vates
885 4976 1332 5052 praedixerunt:
1367 4971 1516 5024 Ecce
1571 4964 1858 5021 Dominus
1888 4960 2108 5018 insidet

452 5075 688 5134 nebulae
732 5071 866 5140 levi,
927 5078 1153 5138 suoque
1196 5062 1260 5117 in
1297 5061 1607 5131 Egyptum
1636 5053 1892 5110 adventu
1925 5066 2107 5106 manu

447 5167 638 5222 factos
669 5139 878 5218 eorum
905 5157 1049 5214 deos
1079 5147 1448 5209 concutiet".
1469 5145 1792 5212 Item,Ecce
1816 5139 2107 5197 Dominus

451 5256 608 5311 Deus
631 5257 837 5307 noster
864 5246 1083 5312 veniet,
1115 5255 1345 5312 nosque
1377 5235 1609 5308 eripiet.
1641 5235 1804 5288 Tunc
1827 5229 2106 5302 aperien-

453 5348 550 5398 tur
578 5341 734 5398 oculi
767 5351 1061 5395 cascorum
1090 5344 1386 5400 auresque
1419 5324 1833 5386 surdorum,et
1854 5317 2104 5374 claudus

451 5431 606 5488 cervi
638 5431 828 5485 instar
857 5424 1115 5491 saltabit,
1132 5419 1415 5490 balbique
1435 5415 1657 5470 diserte
1685 5411 2014 5482 loquentur
2031 5407 2100 5462 ⁸⁵.

453 5524 573 5580 Hoc
604 5536 748 5578 sane
777 5517 1082 5574 oraculum
1129 5513 1313 5567 Deum
1354 5507 1418 5562 in
1447 5504 1622 5561 terris
1657 5500 2098 5558 ambulaturum

2283 3789 2520 3863 Ἀνάγκη
2557 3785 2647 3842 οὖν
2695 3784 2810 3842 ἐστι
2857 3785 2982 3862 περί
3037 3783 3250 3839 πάντων
3290 3775 3770 3853 ἀπολογήσασθαι.
3804 3773 3863 3829 Ὀ

2213 3877 2373 3957 ἅγιος
2415 3861 2747 3954 Σίλϐεστρος
2795 3873 2924 3950 ἔφη·
2979 3875 3112 3950 Περὶ
3149 3873 3298 3936 τίνος
3439 3869 3610 3942 μέγας
3639 3861 3864 3922 Ἠσαίας

2213 3953 2514 4050 ἔφη,³Ιδοὺ
2569 3969 2604 4036 ἡ
2664 3962 2933 4040 Παρθένος
2991 3963 3043 4018 ἐν
3102 3961 3297 4038 γαστρὶ
3347 3954 3452 4032 ἕξει
3509 3953 3597 4010 καὶ
3649 3953 3852 4026 τέξεται

2213 4059 2357 4127 Υἰὸν,
2389 4057 2479 4114 καὶ
2509 4055 2801 4112 καλέσουσι
2830 4055 2893 4110 τὸ
2925 4053 3102 4126 ὄνομα
3165 4050 3332 4106 αὐτοῦ
3387 4040 3776 4120 Ἐμμαιουήλ,
3833 4039 3862 4094 ὅ

2216 4148 2350 4215 ἐστι,
2382 4148 2516 4211 Μεθ’
2543 4145 2752 4219 ἡμῶνὸ
2781 4145 2912 4206 θεός
2947 4161 2961 4213 ;
2995 4141 3120 4210 Καὶ,
3152 4141 3288 4214 ΙΙρὶν
3400 4139 3601 4212 γνῶναι
3639 4131 3709 4188 τὸ
3738 4150 3858 4184 παι-

2215 4239 2335 4297 δίον
2371 4237 2557 4296 καλεῖν
2588 4237 2794 4313 πατὲρα
2821 4236 2858 4305 ἤ
2912 4232 3144 4308 μητὲρα,
3194 4231 3428 4313 λήψεται
3469 4223 3698 4296 δύναμιν
3758 4229 3858 4276 Δα-

2218 4333 2428 4404 μασκοῦ
2465 4327 2556 4384 καὶ
2610 4327 2677 4380 τὰ
2730 4309 2906 4379 σκῦλα
2964 4318 3300 4396 Σαμαρείας,
3357 4311 3530 4370 ἔναντι
3591 4309 3857 4389 βασιλέως

2217 4399 2535 4494 ίΑσσυρίων.
2568 4415 2670 4473 Καὶ
2704 4415 2732 4468 ὁ
2764 4411 3012 4484 Βαλαάμ·
3075 4405 3366 4468 Ἀνατελεῖ
3419 4401 3618 4476 ἄστρον
3651 4399 3700 4470 ἒξ
3757 4399 3856 4494 '11:

2215 4503 2355 4579 κὼϐ,
2411 4507 2503 4564 καὶ
2565 4505 2920 4574 ἀναστήσεται
2969 4499 3254 4573 ἄνθρωπος
3330 4493 3380 4565 ἐξ
3463 4487 3707 4566 Ἰσραὴλ,
3771 4481 3856 4539 καὶ

2217 4600 2432 4673 θραύσει
2463 4593 2592 4659 τοὺς
2618 4591 2903 4668 ἀρχηγοὺς
2931 4582 3129 4656 Μωὰϐ,
3169 4583 3260 4641 καὶ
3315 4577 3679 4658 προνομεύσει
3730 4570 3848 4632 τοὺς

2217 4687 2366 4750 υἱοὺς
2415 4687 2552 4755 Σήθ,
2603 4683 2694 4740 καὶ
2747 4676 3158 4754 κατακυριεῦσει
3214 4673 3377 4728 ἐθνῶν
3435 4667 3678 4726 πολλῶν.
3731 4663 3847 4716 Ὅτι

2222 4777 2314 4851 μὲν
2339 4777 2430 4831 οὗν
2461 4773 2744 4849 ἂνθρωπος
2785 4770 3100 4844 φανήσεται,
3161 4761 3253 4818 διὰ
3297 4760 3509 4816 τούτων
3564 4767 3854 4831 προκαταγ-

2215 4841 2490 4944 γέλλεται·
2561 4841 2646 4918 δτι
2707 4859 2765 4916 δὲ
2798 4841 3021 4933 -Κύριος
3101 4853 3340 4920 πάντων,
3425 4841 3854 4925 προσημαίνουσι

2215 4933 2384 5012 πάλιν
2417 4955 2468 5010 οἱ
2496 4959 2776 5032 προφῆται
2833 4948 3146 5028 φάσκοντες·
3191 4939 3330 5001 Ἰδοὺ
3363 4939 3568 5014 Κύριας
3625 4933 3850 5000 κάθηται

2216 5045 2304 5104 ἐπὶ
2361 5044 2595 5124 νεφέλης
2649 5041 2882 5114 κούφης,
2940 5037 3030 5093 καὶ
3103 5033 3221 5107 ἥξει
3274 5031 3353 5093 εἷς
3411 5025 3710 5104 Αἴγυπτον,
3764 5017 3854 5074 καὶ

3226 5121 3236 5124 -
3299 5119 3310 5124 -
3537 5118 3579 5124 --
3624 5113 3638 5124 .
3719 5105 3790 5124 ..κ
3829 5104 3841 5123 η

2433 5104 2444 5124 ι
2550 5104 2589 5114 .-
2767 5104 2776 5114 .
2813 5104 2826 5111 -
2869 5104 2876 5108 .
3157 5104 3166 5107 Ἴ

2217 5137 2592 5207 σεισθήσονται
2640 5131 2709 5186 τὰ
2757 5124 3123 5203 χειροποίητα
3180 5119 3478 5197 Αἰγύπτου.
3537 5113 3664 5180 Καὶ,
3717 5104 3857 5165 Ἰδοὺ

2215 5228 2410 5302 Κύριος
2443 5225 2471 5280 ὁ
2510 5223 2640 5283 Θεὸς
2671 5222 2829 5292 ἡμῶν
2861 5217 2973 5287 ἣξει
3001 5214 3093 5269 καὶ
3151 5212 3313 5266 σώσει
3361 5209 3532 5280 ἡμᾶς,
3591 5202 3679 5256 καὶ
3739 5197 3863 5253 τότε

2214 5317 2616 5392 ἀνοιγήσονται,
2692 5306 2968 5388 ὀφθαλμοὶ
3021 5301 3264 5380 τυφλῶν,
3341 5295 3434 5352 καὶ
3490 5292 3605 5348 ὦτα
3658 5288 3860 5361 κωφῶν

3431 5384 3444 5392 ,
3603 5377 3662 5392 η
3848 5370 3860 5389 ,

2212 5370 2616 5480 ἀνοιγήσονται,
2644 5370 2980 5455 καὶθάλείται
3029 5370 3114 5454 ὡς·
3160 5384 3362 5466 ἔλαφος
3425 5384 3453 5439 ὁ
3509 5377 3726 5457 χωλὸς,
3775 5370 3867 5429 καὶ

2212 5465 2564 5566 τρανῖἧέσται
2598 5465 2836 5564 ⁷γλῶσσα
2904 5477 3246 5556 μογιλάλων.
3279 5465 3366 5531 ⁷Ἡ
3426 5471 3520 5546 μὲν
3581 5465 3674 5522 οὗν
3727 5480 3871 5538 προ-

508 5720 558 5757 ⁸²
591 5721 702 5776 Isa.
733 5733 832 5786 vu,
867 5714 1047 5770 14-16.
1078 5711 1124 5746 ⁸³
1155 5710 1325 5765 Num.
1348 5721 1505 5771 xxxv,
1533 5705 1622 5768 17,
1657 5702 1742 5755 18.
1777 5700 1824 5735 ⁸⁸
1847 5701 1962 5756 Isa.
1983 5715 2093 5764 xix,

2213 5695 2258 5731 ³⁸
2290 5696 2400 5751 Isa.
2431 5709 2604 5761 xxxv,
2655 5692 2710 5746 4.
