4118 6288
314 428 436 490 529

1421 426 1978 489 HISTORIARUM
2022 426 2565 491 COMPENDIUM.

3612 423 3730 485 530

322 561 523 641 (ρητεία
551 560 680 615 Θεὸν
737 555 1025 632 ἐπιδημεῖν
1082 559 1247 634 λέγει,
1280 561 1347 615 τὰ
1398 558 1454 615 δὲ
1510 565 1712 633 σημεῖα
1756 559 1846 614 καὶ
1874 560 1967 613 τὸν

2084 563 2362 631 ostendit,
2397 563 2692 634 simulque
2723 569 2884 618 certa
2911 562 3078 635 signa
3110 560 3395 633 temporis
3424 575 3541 631 quo
3564 559 3732 614 Chri-

325 650 529 726 χρόνον
585 655 687 718 τῆς
770 646 1070 723 παρουσίας
1123 648 1401 723 γνωρίζει*
1480 648 1606 704 τότε
1657 649 1759 724 γὰρ
1805 653 1975 704 ταῦτα

325 738 720 813 πεπλήρωνται
749 736 883 812 ’ἅπερ
916 735 1041 793 οὐδέ
1069 758 1201 794 ποτε
1247 736 1528 812 γενόνασιν
1560 736 1612 791 ἐν
1641 742 1721 809 τῷ
1754 734 1973 811 Ἰσραὴλ

321 829 610 904 πρότερον.
763 829 889 900 277]
934 826 1064 901 Περὶ
1114 823 1172 881 δὲ
1227 830 1325 883 τοῦ
1380 825 1585 891 πάθους
1614 825 1778 881 αὐτοῦ
1808 824 1972 880 πάλιν

321 916 507 995 φησίν·
566 916 893 991 ’Ἄνθρωπος
950 913 1003 969 ἐν
1061 914 1255 989 πληγῇ
1314 913 1388 969 ὢν
1448 915 1539 969 καὶ
1591 912 1750 975 εἰδὼς
1799 910 1977 991 φέρειν

327 1004 602 1077 μαλακίαν
659 1002 934 1077 ήτιμάσθη
994 1004 1084 1058 καὶ
1143 1000 1242 1058 οὒκ
1308 1001 1589 1079 ἐλογίσθη.
1652 1003 1822 1063 Οὗτος
1878 1002 1975 1063 τὰς

325 1094 601 1169 ἁμαρτίας
633 1094 793 1167 ἡμῶν
833 1094 982 1168 φέρει
1039 1092 1128 1146 καὶ
1186 1093 1312 1165 περὶ
1373 1095 1536 1165 ἡμῶν
1567 1088 1838 1147 ὀδυνᾶται.
1872 1091 1975 1147 Καὶ

320 1189 488 1260 ἡμεῖς
556 1184 922 1261 ἐλογισάμεθα
985 1183 1148 1238 αὐτὸν
1217 1182 1349 1237 εἶναι
1426 1181 1477 1237 ἐν
1546 1182 1692 1255 πόνῳ
1766 1185 1855 1237 καὶ
1922 1180 1975 1235 ἐν

316 1274 517 1349 πληγῇ
575 1274 666 1329 καὶ
723 1273 773 1328 ἐν
810 1273 1041 1327 κακώσε·
1099 1272 1262 1334 αὐτὸς
1320 1270 1378 1327 δὲ
1436 1271 1838 1348 έτραυματίσθη
1890 1269 1979 1325 διὰ

318 1364 416 1425 τὰς
448 1362 721 1437 ἁμαρτίας
777 1363 942 1436 ἡμῶν
1001 1359 1091 1415 καί
1152 1358 1540 1434 μεμαλάκηται
1598 1358 1688 1415 διὰ
1724 1361 1819 1422 τάς
1850 1361 1978 1415 ἀνο-

324 1452 452 1526 μίας
515 1455 698 1525 ἡμῶν.
756 1448 976 1505 Παιδεία
1032 1449 1252 1525 εἰρήνης
1309 1452 1469 1524 ἡμῶν
1531 1449 1613 1504 ἐπ’
1663 1450 1833 1521 αὐτῷ.
1891 1453 1977 1520 Τῷ

327 1539 572 1614 μώλωπι
602 1539 769 1594 αὐτοῦ
824 1540 989 1611 ἡμεῖς
1053 1538 1306 1612 ἱάθημεν.
1353 1540 1460 1595 Καὶ
1518 1536 1602 1592 ὅτι
1631 1535 1842 1607 αἶ’ρεται
1871 1536 1977 1592 ἀπὸ

321 1635 422 1699 τῆς
452 1635 557 1704 γῆς
588 1630 623 1697 ἡ
658 1629 771 1697 ζωὴ
823 1627 1014 1682 αὐτοῦ.
1074 1629 1192 1697 Τὴν
1231 1624 1287 1681 δὲ
1342 1627 1525 1701 γενεὰν
1579 1626 1744 1681 αὐτοῦ
1770 1625 1854 1686 τίς
1886 1624 1977 1681 δι-

322 1719 632 1792 ηγήσεται;
667 1715 764 1771 Καὶ
792 1716 820 1771 6
855 1718 1114 1785 Μωϋσῆςο
1177 1717 1407 1788 Ὀψεσθε
1464 1717 1566 1785 τήν
1626 1716 1771 1785 ζωήν
1825 1715 1978 1788 ὑμῶν

318 1807 674 1882 κρεμαμένην
739 1804 994 1861 ἀπέναντι
1050 1810 1159 1859 τῶν
1220 1802 1521 1883 ὀφθαλμῶν
1574 1805 1748 1877 ὑμῶν,
1779 1804 1869 1858 καὶ
1914 1803 1975 1859 οὗ

2082 658 2175 708 tus
2229 654 2590 709 adventurus
2646 657 2801 707 esset
2852 652 3095 707 indicat.
3128 653 3275 706 Tum
3324 651 3486 704 enim
3522 664 3590 704 ea
3617 648 3730 702 im-

2080 742 2239 814 pleta
2268 749 2429 811 sunt,
2462 732 2594 815 qum
2651 747 2786 797 ante
2844 742 2904 796 in
2973 741 3193 797 lsraelo
3226 755 3543 811 nunquam
3571 738 3728 793 facta

2081 832 2334 888 fuerant.
2363 833 2445 888 De
2477 832 2759 887 aerumnis
2781 848 2957 902 porro
2989 830 3116 901 ejus
3146 829 3228 883 ita
3259 828 3508 883 dicitur:
3543 827 3728 881 Homo

2081 921 2271 993 plagis
2298 921 2601 993 subjectus
2645 925 2705 976 et
2748 919 3020 973 miserias
3051 917 3279 972 ferendi
3310 917 3534 988 peritus
3565 916 3729 988 igno-

2081 1010 2269 1065 minia
2298 1011 2542 1065 affectus
2574 1014 2664 1065 est
2687 1026 2754 1064 ac
2785 1024 2889 1080 pro
2922 1006 3110 1061 nihilo
3134 1006 3390 1060 habitus.
3417 1006 3469 1061 ls
3491 1009 3741 1075 peccata

2088 1105 2292 1154 nostra
2322 1100 2596 1170 portavit,
2629 1097 2936 1168 nostrique
2969 1112 3147 1151 causa
3176 1095 3236 1148 in
3262 1093 3567 1148 doloribus
3597 1094 3727 1148 fuit.

2083 1190 2164 1243 Ac
2220 1204 2330 1242 nos
2388 1188 2629 1258 quidem
2688 1185 3153 1241 existimavimus
3208 1199 3343 1237 eum
3402 1182 3728 1249 laboribus,

2080 1276 2425 1331 verberibus
2489 1292 2557 1331 ac
2616 1275 2874 1330 miseriis
2933 1274 3316 1344 subjectum:
3391 1270 3517 1342 ipse
3594 1287 3731 1325 vero

2083 1366 2379 1421 sauciatus
2435 1364 2548 1419 fuit
2603 1368 2980 1435 peccatorum
3036 1367 3377 1417 nostrorum
3435 1375 3634 1423 causa,
3674 1364 3735 1414 et

2079 1460 2320 1526 propter
2371 1454 2589 1509 delicta
2642 1458 2849 1508 nostra
2904 1452 3224 1523 aegrotavit.
3258 1449 3589 1521 Castigatus
3620 1453 3729 1531 est,

2080 1550 2147 1598 ut
2200 1542 2372 1597 nobis
2428 1557 2636 1613 pacem
2693 1547 2950 1613 pareret,
3011 1541 3255 1612 ejusque
3288 1537 3575 1592 vibicibus
3618 1552 3732 1591 nos

2082 1649 2287 1689 sumus
2318 1632 2531 1687 sanati.
2564 1630 2845 1686 Aufertur
2874 1646 2910 1685 a
2940 1636 3098 1684 terra
3128 1629 3257 1699 ejus
3287 1628 3440 1681 vita:
3470 1624 3575 1681 sed
3597 1626 3731 1696 quis
3772 1624 3783 1634 ’

2079 1738 2266 1794 genus
2299 1720 2427 1792 ejus
2485 1718 2892 1775 enarrabits‘?
2942 1720 3128 1773 Moses
3185 1730 3422 1787 quoque
3453 1716 3572 1769 ait:
3632 1714 3731 1767 Vi-

2080 1810 2296 1865 debitis
2326 1810 2505 1865 vitam
2537 1814 2789 1864 vestram
2821 1822 3172 1879 suspensam
3220 1810 3356 1860 ante
3395 1803 3601 1859 oculos
3630 1819 3730 1857 ve—

322 1897 399 1968 μὴ
432 1896 780 1965 πιστεύσητε.
816 1894 920 1951 Καὶ
950 1889 1117 1948 Δαὸἰδ
1168 1893 1228 1949 ἐκ
1283 1892 1584 1970 προσώπου
1612 1897 1709 1949 τοῦ
1739 1895 1974 1967 Χριστοῦ

2084 1903 2256 1966 stros,
2307 1904 2367 1952 et
2421 1897 2601 1953 ﬁdem
2657 1914 2777 1952 non
2824 1895 3119 1951 habebitis
3140 1892 3207 1948 ⁸⁷.
3268 1893 3521 1948 Davidus
3551 1907 3728 1962 porro

321 1983 494 2061 λέγει’
528 1983 759 2058 Ὥρυξαν
788 1983 978 2058 χεῖράς
1015 2003 1119 2055 μου
1161 1983 1250 2037 καὶ
1307 1979 1477 2044 πόδας
1508 2001 1635 2055 μου,
1663 1980 1752 2036 καὶ
1786 1978 1971 2054 διεμε-

320 2073 545 2149 ρίσαντο
576 2074 642 2128 τά
670 2072 866 2146 ἱμάτιά
897 2093 1001 2145 μου
1055 2073 1288 2139 ἑαυτοῖς,
1321 2072 1412 2127 καὶ
1469 2073 1534 2127 τὰ
1586 2072 1728 2143 ἑξῆς.
1760 2075 1882 2129 "Ott
1916 2069 1974 2125 δὲ

318 2162 549 2217 καὶτῶν
584 2160 750 2225 ἐθνῶν
803 2159 965 2225 ἒλπὶς
1019 2162 1108 2231 ἦν,
1169 2162 1196 2216 6
1258 2161 1352 2235 μὲν
1411 2156 1609 2216 Ἰακὼϐ
1662 2161 1828 2216 εἶπεν·
1860 2160 1975 2217 Οὐκ

319 2249 563 2325 ἐκλείψει
618 2247 810 2329 ἄρχων
842 2250 895 2320 ἐξ
927 2248 1104 2307 Ἰούδα
1159 2250 1250 2305 καὶ
1310 2250 1627 2325 ἡγούμενος
1683 2250 1743 2305 ἐκ
1778 2255 1971 2324 μηρῶν

316 2339 511 2409 αὐτοῦ,
541 2336 646 2403 ’έως
675 2340 735 2393 ἅν
766 2335 899 2412 ἔλθῃ
932 2339 979 2410 ᾧ
1010 2338 1314 2409 ἀπόκειται,
1345 2340 1435 2393 καὶ
1466 2337 1627 2404 αὐτὸς
1672 2335 1973 2414 προσδοκία

317 2424 509 2484 ἐθνῶν.
568 2428 631 2484 Ὀ
689 2423 747 2481 δὲ
804 2427 1022 2488 Ἡσαῖας
1076 2422 1202 2503 ἔφη’
1261 2425 1363 2483 Καὶ
1421 2422 1567 2482 ἔσται
1624 2430 1659 2497 ἡ
1719 2426 1843 2502 ῥίζα
1878 2430 1973 2482 τοῦ

316 2514 516 2570 Ἰεσσαὶ
572 2515 662 2569 καὶ
717 2515 745 2569 6
801 2513 1150 2588 ἀνιστάμενος
1202 2514 1394 2591 ἄρχειν
1450 2515 1640 2580 έθνῶψ
1698 2515 1782 2572 ἐπ’
1820 2516 1971 2588 αῦτῷ

317 2600 446 2675 ἔθνη
481 2601 756 2663 ἐλπιοῦσι,
817 2603 915 2658 Καὶ
955 2608 1125 2659 ταῦτα
1179 2607 1272 2677 μὲν
1323 2603 1490 2681 ὀλίγα
1531 2605 1668 2680 πρὸς
1700 2602 1971 2675 ἀπόδειξιν

314 2695 426 2750 τῶν
460 2693 803 2771 γενομένων,
835 2699 979 2748 πᾶσα
1009 2691 1067 2748 δὲ
1104 2695 1139 2763 ἡ
1190 2696 1373 2772 Γρααή
1407 2693 1721 2765 πέπλησται
1752 2692 1969 2770 διελέγ-

316 2802 497 2858 χουσα
552 2784 651 2851 τὴν
710 2779 969 2855 ὑμετέραν
1025 2782 1300 2839 ἀπιστίαν.
1329 2782 1425 2846 Τίς
1472 2785 1574 2859 γάρ
1614 2804 1755 2840 ποτε
1779 2789 1887 2839 τῶν
1916 2784 1970 2839 ἐν

308 2877 431 2933 ταῖς
495 2870 663 2936 θείαις
723 2876 959 2949 Γραφαῖς
994 2871 1403 2946 ἱστορουμένων
1454 2869 1678 2927 δικαίων
1710 2873 1801 2928 καὶ
1833 2893 1972 2948 προ-

316 2966 510 3041 ιρητῶν
558 2961 729 3036 ἁγίων
779 2959 839 3015 ἐκ
886 2956 1158 3036 Παρθένου
1190 2962 1362 3035 μόνης
1393 2956 1522 3037 ἔσχε
1551 2964 1654 3032 τήν
1681 2962 1928 3037 γέννησιν
1957 2982 1970 3033 ;

313 3052 471 3112 Τίνος
523 3047 581 3103 δὲ
627 3056 729 3118 τῆς
775 3051 1077 3126 γεννήσεως
1108 3048 1448 3125 προέδραμεν
1489 3051 1654 3122 ἀστήν
1707 3052 1760 3107 ἐν
1808 3054 1971 3128 οὐρα-

319 3145 460 3209 νοῖς,
519 3139 613 3194 καὶ
671 3139 763 3193 τὸν
818 3140 1143 3215 γεννηθέντα
1199 3138 1495 3215 διεσήμανε
1531 3146 1601 3216 τῇ
1633 3143 1971 3217 οἰκουμένῃ;

322 3228 421 3290 Τίς
454 3226 508 3283 δὲ
540 3228 818 3304 βασιλεὺς,
874 3229 1000 3301 πρὶν
1057 3230 1276 3304 ἰσχῦσαι
1335 3228 1520 3285 καλεῖν
1566 3232 1770 3306 πατέρα
1794 3232 1830 3301 ἢ
1864 3254 1975 3306 μη-

326 3315 479 3389 τέρα,
507 3313 813 3373 ἐϐασίλευσε
869 3318 961 3373 καὶ
1014 3320 1250 3395 τρόπαια
1300 3319 1436 3375 κατὰ
1490 3324 1596 3375 τῶν
1652 3319 1864 3397 ἐχθρῶν
1894 3321 1971 3377 εἷ’-

330 3402 517 3479 ληφε;
549 3408 640 3469 Τίς
693 3405 784 3463 οῦν
845 3408 947 3481 ἄρα
1000 3407 1193 3484 γέγονε
1226 3406 1480 3481 βασιλεὺς
1512 3408 1564 3463 ἐν
1616 3409 1839 3485 Ἰσραήλ
1891 3409 1972 3488 ἐφ’

332 3494 393 3549 δν
451 3495 516 3550 τὰ
552 3489 678 3575 ἕφνη
733 3497 908 3553 πάντα
960 3498 1061 3567 τὴν
1117 3495 1315 3552 ἐλπίδα
1365 3496 1647 3567 τέθεινται,
1696 3500 1785 3554 καὶ
1836 3498 1970 3575 οὐχὶ

326 3582 546 3657 μᾶλλον
605 3585 752 3658 αὐτῷ
808 3586 1153 3657 ἠναντιοῦντο
1219 3588 1598 3665 πανταχόθενς
1666 3590 1810 3651 Ἕως
1867 3590 1969 3666 γὰρ

315 3674 603 3730 συνίστατο
643 3674 1034 3749 Ἰερουσαλὴμ,
1081 3674 1329 3750 πόλεμος
1375 3674 1641 3738 ἄσπονδος
1668 3678 1735 3747 ἦν
1766 3677 1972 3750 αὐτοῖς,

313 3763 403 3818 καὶ
437 3760 768 3839 διεμάχοντο
800 3765 934 3839 πρὸς
991 3764 1081 3819 τὸν
1137 3763 1356 3840 Ἰσραὴλ
1401 3765 1691 3841 Ἀσσύριον
1728 3768 1820 3840 μὲν
1851 3765 1973 3831 θλί-

314 3849 531 3921 ϐοντες,
573 3852 864 3928 Αἰγύπτιοι
891 3851 948 3908 δὲ
978 3850 1296 3922 διώκοντες,
1318 3853 1704 3928 πολεμοῦντες.
1736 3858 1807 3913 ἽΙ
1840 3856 1972 3933 οὐχὶ

320 3944 350 3997 ὁ
377 3943 474 4014 μὶν
509 3937 677 3998 Δαὸἱδ
707 3948 821 4005 τοῖς
853 3939 1167 4005 Μωαϐίταις
1197 3943 1455 4017 ἐπολέμει
1498 3946 1587 4001 καὶ
1619 3923 1973 4020 ἐπολεμεῖτο,

319 4034 349 4086 ὁ
382 4029 441 4087 δὲ
472 4032 687 4095 Ἰωσίας
718 4033 845 4095 τοὺς
876 4031 1110 4102 πλησίον
1143 4033 1584 4109 παρεφυλάττετο
1611 4054 1624 4104 ;
1660 4036 1757 4089 Καὶ
1792 4036 1974 4109 μέντοι

314 4121 409 4176 καὶ
443 4122 687 4190 Ἐζεκίας
721 4119 925 4176 ἐδειλία
972 4124 1070 4191 τήν
1121 4122 1438 4191 ἀλαζονείαν
1468 4128 1565 4178 τοῦ
1596 4125 1973 4199 Σεναχηρεὶμ,

315 4211 524 4283 καὶτῷ
566 4211 660 4284 μὶν
706 4212 885 4280 Ἰησοῦ
938 4212 990 4265 οἱ
1037 4210 1360 4288 Ἀμοῤῥαῖοι
1406 4214 1777 4281 ἠναντιοῦντο,
1811 4219 1890 4285 τῷ
1921 4211 1978 4269 δὲ

319 4306 532 4375 Μωϋσῇ
564 4303 592 4356 ὁ
634 4303 894 4374 Ἀμαλὴκ
952 4302 1418 4377 ἀντεστρατεύετο,
1450 4304 1541 4358 καὶ
1571 4299 1741 4366 ὅντως
1772 4302 1978 4359 ἄσπον-

321 4389 416 4446 δον
446 4392 511 4460 ἧν
540 4390 619 4463 τῷ
650 4391 870 4466 Ἰσραὴλ
900 4392 1037 4466 πρὸς
1092 4393 1160 4447 τὰ
1215 4387 1341 4463 ἔθνη
1399 4393 1463 4447 τὸ
1517 4400 1618 4462 τῆς
1659 4392 1869 4471 φιλίας,
1895 4395 1977 4463 ᾡς

327 4482 493 4557 μέχρι
554 4484 643 4534 νῦν
704 4485 1036 4555 μαρτυροῦσι
1093 4481 1162 4535 τά
1216 4481 1535 4555 γράμματα.
1569 4481 1671 4538 Καὶ
1720 4482 1770 4537 οἱ
1799 4503 1975 4557 γραμ-

330 4574 521 4643 ματεῖς
569 4568 946 4644 ἀποκριθέντες
1004 4571 1178 4625 εἶπον·
1214 4570 1328 4627 Οὐκ
1369 4571 1679 4645 ἀρνούμεθα
1710 4571 1786 4635 ὡς
1812 4576 1979 4626 ταῦτα

2003 3276 2054 3342 G

2082 1987 2143 2041 in
2173 1986 2387 2042 Christi
2420 2002 2672 2057 persona
2702 1986 2787 2040 sie
2833 1983 3133 2054 loquitur:
3183 1980 3577 2036 Perfoderunt
3605 1994 3730 2033 ma-

2083 2092 2196 2130 nus
2226 2090 2388 2130 meas
2419 2079 2477 2129 et
2501 2074 2683 2146 pedes
2726 2090 2912 2141 meos,
2940 2076 3254 2141 vestesque
3284 2085 3448 2125 meas
3476 2069 3636 2122 inter
3666 2083 3728 2121 se

2081 2164 2427 2230 diviserunt,
2444 2165 2857 2219 etc.Przeterea
2882 2162 2944 2216 in
2969 2177 3038 2216 eo
3059 2160 3246 2215 fuisse
3267 2157 3541 2230 gentibus
3563 2174 3731 2229 spem

2079 2252 2679 2325 repositam,.lacobus
2700 2252 2794 2306 his
2813 2250 3008 2307 verbis
3038 2254 3289 2305 testatur
3302 2246 3383 2302 “8:
3414 2248 3731 2318 Nunquam

2080 2343 2273 2398 deerit
2300 2343 2579 2414 princeps
2606 2340 2755 2396 Juda
2801 2345 2989 2410 ortus,
3044 2345 3103 2395 et
3159 2339 3370 2393 ductor
3400 2353 3472 2391 ex
3502 2336 3728 2391 femore

2082 2434 2211 2505 ejus
2268 2449 2561 2506 egressus,
2619 2432 2775 2487 486
2831 2435 3147 2501 antequam
3200 2428 3252 2483 is
3292 2427 3489 2483 veniat
3517 2426 3612 2481 cui
3647 2441 3734 2480 rc-

2080 2522 2273 2595 posita
2302 2522 2504 2577 omnia
2532 2526 2673 2577 sunt
2698 2538 2711 2574 :
2743 2522 2810 2575 In
2840 2537 2910 2575 eo
2942 2535 3109 2591 spem
3140 2522 3368 2589 ponent
3396 2519 3603 2587 gentes
3630 2514 3723 2569 εν.

2080 2612 2260 2667 Isaias
2307 2628 2585 2683 quoque:
2645 2609 2903 2664 Exsistet
2959 2607 3127 2665 radix
3181 2608 3384 2674 Jessaa,
3419 2610 3478 2660 et
3526 2607 3725 2676 surget

2080 2704 2181 2775 qui
2214 2702 2557 2758 nationibus
2585 2699 2907 2773 imperabit
2932 2716 2945 2753 :
2979 2700 3041 2753 in
3065 2715 3132 2753 eo
3165 2714 3329 2769 spem
3352 2701 3577 2767 ponent
3596 2709 3736 2767 gen-

2080 2797 2170 2847 tes
2200 2789 2265 2846 3°.
2301 2792 2435 2845 Haec
2468 2806 2658 2862 pauca
2712 2788 2787 2844 ad
2843 2804 3049 2843 eorum
3100 2803 3232 2857 quae
3274 2785 3428 2840 facta
3458 2790 3597 2839 sunt
3629 2783 3734 2837 de-

2082 2879 2574 2936 monstrationem
2607 2877 2927 2949 protulisse
2992 2874 3266 2930 sufficiat.
3316 2875 3499 2927 Porro
3534 2877 3733 2926 autem

2084 2975 2205 3025 tota
2236 2969 2538 3039 Scriptura
2566 2967 2745 3039 plena
2783 2970 2875 3020 est
2921 2962 3497 3019 demonstrationum
3526 2964 3735 3014 vestrm

2082 3057 2475 3114 inﬁdelitatis.
2510 3057 2649 3122 Quis
2680 3054 2837 3110 enim
2858 3068 3122 3122 unquam
3156 3065 3361 3106 eorum
3393 3054 3734 3105 sanctorum

2084 3151 2187 3202 aut
2216 3151 2436 3212 vatum,
2468 3145 2570 3215 qui
2598 3144 2781 3200 sacris
2810 3142 3045 3197 Litteris
3076 3139 3473 3205 celebrantur,
3507 3154 3579 3193 ex
3608 3135 3738 3191 sola

2087 3235 2322 3307 Virgine
2354 3239 2527 3288 natus
2558 3231 2945 3305 perhibetur?
2973 3230 3144 3301 cujus
3175 3228 3406 3284 natales
3434 3226 3739 3298 praecessit

2083 3324 2145 3379 in
2178 3324 2324 3379 caalo
2348 3322 2540 3390 stella,
2565 3339 2692 3393 quae
2715 3320 2937 3376 mundo
2958 3320 3227 3393 genitum
3248 3315 3582 3373 indicaret?
3603 3314 3736 3385 quis

2079 3420 2407 3469 vestrorum
2437 3428 2665 3482 regum,
2700 3414 3019 3480 antequam
3076 3412 3355 3480 parentes
3380 3404 3736 3461 nominatim

2082 3502 2379 3575 appellem
2410 3506 2631 3572 posset,
2664 3499 2932 3572 regnavit
2976 3503 3035 3553 et
3085 3497 3157 3551 de
3204 3494 3478 3551 hostibus
3508 3499 3729 3564 tropaea

2081 3591 2333 3649 statuit?
2363 3590 2505 3655 Quis
2533 3589 2792 3659 denique
2842 3604 2948 3647 rex
2993 3585 3106 3641 fuit
3151 3583 3485 3650 lsraelicus,
3517 3583 3579 3637 in
3610 3598 3728 3652 quo

2082 3698 2247 3754 spem
2280 3696 2448 3735 suam
2475 3684 2679 3751 gentes
2709 3674 3117 3733 collocarent?
3143 3676 3266 3728 lmo
3288 3678 3487 3727 autem
3518 3687 3728 3725 omnes

2081 3772 2354 3827 nationes
2383 3768 2768 3838 undiquaque
2818 3771 3069 3821 vestram
3100 3768 3336 3836 gentem
3366 3761 3539 3816 bellis
3572 3760 3725 3814 infe-

2084 3866 2335 3928 starunt,
2368 3873 2677 3928 nunquam
2709 3852 3120 3911 desinentibus
3151 3849 3437 3922 quamdiu
3464 3850 3735 3904 Hieroso-

2083 3950 2313 4021 solyma
2343 3948 2527 4002 stetit.
2561 3946 2847 4000 Israelum
2896 3943 3056 3997 enim
3103 3940 3342 3997 assiduo
3371 3939 3595 4009 Assyrii
3626 3955 3735 4010 op-

2084 4039 2450 4108 presserunt,
2476 4032 2720 4103 rligyptii
2744 4031 2963 4099 aliique
2986 4028 3191 4101 populi
3224 4027 3400 4083 bellis
3422 4031 3729 4083 vexarunt.

2083 4129 2290 4181 Nonne
2325 4130 2383 4179 et
2411 4123 2666 4178 Davidus
2710 4120 2994 4175 Moabitas
3033 4118 3191 4173 bello
3223 4118 3415 4188 petiit,
3446 4115 3738 4170 vicissim-

2087 4233 2200 4287 que
2231 4214 2303 4269 ab
2336 4213 2420 4268 eis
2451 4218 2541 4267 est
2568 4212 2726 4266 bello
2776 4209 3082 4280 impetitus
3105 4208 3132 4261 ‘l
3176 4223 3374 4262 nonne
3427 4206 3616 4260 Josias
3648 4205 3734 4257 vi-

2087 4305 2253 4360 cinos
2275 4302 2527 4357 metuit?
2550 4314 2751 4355 nonne
2775 4295 3199 4353 Sennacheribi
3224 4294 3573 4367 jactantiam
3605 4295 3736 4347 Eze-

2087 4395 2251 4451 chias
2285 4390 2599 4447 extimuit?
2622 4392 2825 4445 Nonne
2851 4393 2908 4443 et
2929 4386 3241 4443 adversum
3262 4386 3498 4440 Josuam
3525 4386 3738 4438 Amor-

2088 4484 2213 4551 raai,
2248 4488 2307 4537 et
2360 4480 2673 4536 Amalecus
2730 4482 2939 4533 contra
2994 4478 3211 4531 Mosem
3267 4474 3513 4530 adversa
3569 4473 3738 4544 signa

2090 4573 2358 4628 tulerunt
2382 4571 2393 4625 ί
2428 4571 2576 4626 adeo
2603 4568 2771 4625 nulla
2800 4583 3064 4639 unquam
3086 4566 3147 4620 in
3180 4565 3338 4620 hunc
3367 4580 3555 4634 usque
3579 4562 3738 4617 diem

331 4660 428 4732 μὲν
489 4660 667 4714 πάντα
714 4657 1034 4735 γέγραπται,
1088 4657 1481 4734 προσδοκῶμεν
1516 4659 1575 4715 δὲ
1604 4661 1694 4715 τὸν
1750 4657 1975 4733 μηδέπω

2093 4679 2206 4733 pax
2231 4662 2388 4716 inter
2406 4658 2695 4715 Israelum
2725 4662 2784 4712 et
2811 4636 3016 4729 gentes
3039 4655 3233 4727 potuit
3252 4654 3527 4724 componi
3547 4668 3561 4719 ;
3581 4650 3741 4722 quod

329 4749 773 4827 παραγενόμενον
825 4751 953 4805 Θεὸν
1015 4747 1214 4825 Λόγον.
1268 4752 1325 4805 Ὀ
1382 4748 1438 4806 δέ
1495 4747 1828 4827 Σίλϐεστρος
1855 4747 1978 4828 ἔφη·

334 4839 438 4895 Καὶ
470 4843 591 4900 πῶς
622 4838 723 4892 οὐκ
771 4838 1044 4909 ἠκούσατε
1094 4840 1191 4894 τοῦ
1252 4839 1455 4908 Δανιήλ
1486 4840 1855 4917 προλέγοντος
1882 4861 1986 4919 φα-

332 4932 503 5002 νερῶς
563 4930 646 5001 [Ρ.
677 4930 804 5001 278]
862 4928 952 4983 καὶ
1005 4929 1096 4984 τὸν
1152 4929 1341 5003 καιρὸν
1398 4930 1485 4984 καὶ
1545 4932 1645 5000 τὴν
1702 4931 1843 4985 Θείαν
1887 4934 1984 4984 τοῦ

336 5022 601 5086 Σωτῆρος
634 5013 974 5088 έπιδημίανς
1025 5018 1169 5087 Φησὶ
1218 5019 1322 5092 γαρ
1372 5020 1400 5072 ὁ
1453 5016 1984 5093 προσδιαλεγόμενος

329 5104 481 5179 αότῴ
511 5104 769 5181 ἅγγελος
805 5101 1223 5180 Ἑϐδομήκοντα
1251 5103 1550 5181 έϐδομαδες
1574 5111 1983 5182 συνετμήθησαν

331 5194 422 5249 ἐπὶ
448 5196 540 5249 τὸν
574 5194 708 5251 λαόν
767 5216 864 5250 σου
920 5196 1011 5250 καὶ
1064 5195 1152 5251 ἐπὶ
1208 5198 1306 5265 τήν
1367 5196 1531 5253 πόλιν
1570 5200 1671 5268 τήν
1700 5198 1853 5271 ἁγίαν
1886 5203 1986 5253 τοῦ

330 5282 753 5354 συντελεσθῆναι
809 5283 1076 5358 ἁμαρτίαν
1158 5288 1249 5340 καὶ
1315 5291 1411 5342 τοῦ
1471 5286 1811 5358 ἐξιλάσασθαι
1870 5285 1987 5343 ἀδι-

326 5372 476 5441 κίαν,
536 5374 626 5427 καὶ
681 5377 781 5428 τοῦ
840 5376 1132 5451 σφραγίσαι
1188 5375 1453 5452 ἁμαρτίαν
1502 5377 1595 5431 καὶ
1633 5382 1730 5432 τοῦ
1761 5375 1990 5431 ἀπαλεῖ-

332 5469 431 5540 ψαι
490 5460 730 5532 ἀδικίαν,
786 5463 876 5519 καὶ
936 5468 1033 5519 τοῦ
1090 5464 1313 5540 ἀγαγεῖν
1367 5464 1712 5537 δικαιοσύνην
1768 5466 1988 5521 αἰώνιον

2094 4751 2294 4806 doceri
2324 4755 2522 4821 potest
2549 4765 2618 4803 ex
2649 4744 3113 4803 commentariis.
3137 4745 3282 4798 Tum
3312 4741 3742 4813 respondentes

2094 4841 2302 4898 scriba:
2350 4839 2662 4894 dixerunt:
2711 4838 2838 4891 Non
2867 4834 3211 4890 inﬂciamur
3238 4833 3353 4888 ista
3380 4831 3583 4887 omnia
3613 4845 3741 4884 esse

2094 4932 2335 5002 scripta,
2361 4934 2773 4998 exspectamus
2797 4929 2993 4979 autem
3017 4921 3268 4979 Verbum
3292 4918 3579 4990 Dei,quod
3603 4933 3747 4972 non-

2095 5021 2236 5076 dum
2261 5020 2323 5074 in
2350 5032 2591 5072 carnem
2622 5014 2800 5069 venit.
2832 5013 3109 5067 Silvester
3138 5010 3316 5065 dixit:
3348 5012 3418 5063 Et
3446 5006 3743 5079 quomodo

2095 5127 2216 5165 non
2238 5106 2545 5164 audivistis
2567 5104 2712 5159 487
2751 5101 3062 5156 Danielum
3085 5100 3302 5154 diserte
3333 5103 3566 5167 tempus
3595 5094 3746 5149 desi-

2096 5202 2398 5271 gnantem,
2424 5211 2539 5265 quo
2562 5194 2624 5247 in
2655 5197 2843 5245 terras
2874 5191 3144 5244 Servator
3168 5186 3524 5242 adventurus
3552 5189 3708 5239 esset
3731 5182 3744 5238 ί

2100 5287 2183 5341 sic
2214 5284 2376 5340 enim
2408 5283 2460 5336 ei
2483 5280 2627 5335 dicit
2646 5277 2913 5350 angelus,
2937 5276 3038 5347 qui
3061 5291 3200 5330 eum
3221 5274 3349 5344 ipso
3374 5272 3750 5343 colloqueba—

2099 5380 2231 5428 tur:
2264 5370 2487 5427 Decisae
2520 5372 2659 5424 sunt
2712 5365 2931 5437 populo
2988 5371 3088 5419 tuo
3146 5362 3401 5433 urbique
3432 5367 3650 5417 sanctas
3680 5365 3742 5416 71

2100 5462 2445 5533 septimanae
2479 5456 2695 5528 quibus
2723 5461 3032 5527 peccatum
3063 5452 3403 5524 perﬁciatur
3432 5458 3494 5506 et
3534 5451 3752 5507 delicta

328 5553 422 5609 καὶ
476 5556 575 5609 τοῦ
633 5553 925 5630 σφραγίσαι
982 5553 1166 5629 ὂρασιν
1219 5554 1311 5610 καὶ
1377 5559 1476 5610 τοῦ
1545 5560 1736 5630 χρῖσαι
1802 5556 1975 5630 Ἀγιοπ

2102 5551 2434 5622 expientur,
2468 5545 2933 5617 obsigneturque
2976 5546 3309 5614 peccatum,
3359 5547 3418 5596 et
3464 5541 3749 5613 iniquitas

406 5707 455 5743 ⁸⁸
484 5709 597 5764 Isa.
632 5726 749 5776 Lm,
784 5713 813 5764 3
845 5727 1012 5782 seqq.

1116 5709 1159 5745 ⁸⁷
1192 5710 1359 5764 Deut.
1391 5727 1587 5779 xxvm,
1621 5712 1709 5779 66,
1787 5710 1837 5745 ⁸³
1867 5710 2019 5767 Psal.
2052 5725 2166 5775 xxx,
2204 5708 2290 5763 19.

2366 5702 2438 5738 ’θ’
2468 5703 2608 5759 Gen.
2644 5718 2793 5771 χιιι,
2825 5699 2912 5755 10·
2989 5696 3037 5733 ⁸³
3064 5697 3176 5753 Isa.
3208 5713 3288 5763 xi,
3323 5699 3373 5765 1,
3404 5699 3457 5748 2.
