4118 6288
415 394 530 456 531

1753 389 2068 453 GEORGII
2110 388 2456 452 CEDRENI

3713 395 3832 455 532

421 529 711 596 deleatur,
742 541 810 584 ac
859 531 1084 583 aeterna
1137 527 1372 599 justitia
1425 528 1874 586 introducatur:
1908 525 2066 583 obsi-

2182 522 2375 598 ἁγίων.
2436 523 2536 578 Καὶ
2585 525 2768 600 γνώσῃ
2827 524 2919 581 καὶ
2979 528 3248 600 συνήσεις,
3306 529 3414 584 ἀπὸ
3443 525 3630 599 ἐξόδου
3657 526 3829 607 λόγου

417 624 631 692 gnetur
659 617 826 687 visio,
869 621 928 672 et
973 618 1224 674 Sanctus
1273 623 1614 675 sanctorum
1652 623 1926 692 ungatur.
1957 617 2065 672 Co-

417 725 786 781 gnoscesque
818 712 878 764 et
905 707 1202 780 intelliges
1258 709 1332 764 ab
1391 725 1460 765 eo
1519 713 1787 782 tempore
1818 725 1936 779 quo
1963 707 2065 762 de-

415 804 637 854 cretum
665 797 874 853 edetur
903 797 974 852 de
997 796 1424 869 Hierosolymis
1443 797 2068 866 instaurandis,usque

415 887 489 943 ad
527 887 736 943 ducem
768 891 1040 951 unctum,
1073 886 1318 942 efﬂuere
1349 886 1712 958 septimanas
1742 890 1773 940 7
1805 890 1863 941 et
1891 883 2068 956 septi-

416 990 624 1035 manas
654 979 724 1030 62
745 976 810 1030 9°.
865 975 1091 1030 Caetera
1147 974 1389 1046 quidem
1444 990 1576 1046 quas
1625 975 1811 1030 sacris
1867 971 2064 1029 consi-

415 1070 594 1138 gnata
651 1069 792 1121 sunt
848 1064 1104 1132 Litteris,
1161 1064 1433 1120 fortassis
1503 1062 1896 1121 causahimini
1945 1062 2064 1117 alio

417 1172 544 1212 esse
575 1152 882 1226 implenda
927 1159 1214 1225 tempore.
1273 1153 1373 1209 His
1429 1157 1638 1208 autem
1659 1153 1802 1224 quid
1833 1151 2066 1207 habetis

413 1243 573 1316 quod
630 1242 976 1315 opponatisl
1033 1259 1170 1298 cum
1227 1247 1286 1298 et
1341 1259 1568 1314 ungens
1613 1241 1978 1308 nominatur,
2008 1244 2066 1295 et

410 1336 463 1391 is
495 1334 594 1405 qui
626 1333 868 1406 ungitur
896 1348 1018 1388 non
1071 1332 1250 1388 homo
1305 1332 1410 1388 sed
1442 1333 1691 1388 Sanctus
1723 1337 2064 1388 sanctorum

409 1423 762 1496 appelletur.
793 1423 883 1478 Ad
913 1421 1182 1494 ejusdem
1209 1438 1401 1492 usque
1439 1421 1760 1478 adventum
1792 1421 2064 1477 Hieroso-

412 1513 574 1582 lyma
601 1511 784 1568 stetit.
817 1514 1138 1583 Postquam
1168 1511 1426 1580 advenit,
1454 1527 1648 1582 neque
1669 1515 1864 1566 vatem
1895 1527 1965 1566 ex
1995 1526 2064 1565 eo

413 1601 602 1658 ullum
629 1599 817 1658 Judaei
848 1599 1186 1656 habuerunt
1233 1617 1430 1672 neque
1475 1600 1734 1656 visiones
1765 1599 1850 1655 eis
1879 1615 2064 1671 appa-

2175 616 2273 668 τοῦ
2322 611 2686 688 ἀποκριθῆναι
2741 614 2830 668 καὶ
2886 617 2984 671 τοῦ
3032 613 3404 690 οἰκοδομῆσαι
3461 618 3831 695 Ἰερουσαλὴμ

2173 695 2278 762 ἓως
2343 703 2582 777 Χριστοῦ
2635 703 2941 776 ἡγουμένου
2999 699 3297 777 ἐϐδομάδες
3349 707 3391 776 ζ’
3438 707 3528 762 καὶ
3584 702 3828 781 ἑϐδομά-

2177 787 2262 851 δες
2425 791 2528 847 Καὶ
2559 791 2696 866 πρὸς
2729 792 2825 864 μὲν
2864 797 2980 856 τοῖς
3030 791 3228 856 ἄλλοις
3258 793 3392 858 ἴσως
3423 797 3832 876 προφασιζόμε-

2175 899 2258 934 νοι
2289 879 2364 941 εἰς
2400 877 2680 952 μέλλοντα
2711 881 2911 957 χρόνον
2945 877 3313 939 ἀναϐάλλεσθε
3352 885 3426 940 τὰ
3450 887 3828 962 γεγραμμέναο

2172 967 2226 1024 τί
2257 964 2316 1022 δὲ
2342 969 2479 1043 πρὸς
2509 974 2679 1026 ταῦτα
2729 968 2907 1046 λέγειν
2939 971 2976 1042 ἢ
3009 969 3156 1034 ὅλως
3221 973 3543 1043 ἀντωπῆσαι
3575 973 3828 1045 δύνασθε,

2173 1055 2310 1111 ὅπου
2357 1078 2422 1132 γε
2477 1059 2568 1114 καὶ
2598 1059 2626 1114 6
2659 1059 2833 1134 χρίων
2889 1057 3153 1130 δηλοῦται
3209 1061 3300 1117 καὶ
3332 1063 3360 1116 ὁ
3385 1064 3687 1138 χριόμενος
3727 1065 3831 1122 οὐκ

2172 1144 2454 1220 ἄνθρωπος
2483 1145 2612 1202 ἀλλ’
2651 1148 2844 1225 Ἀγίος
2901 1149 3068 1223 ἁγίων
3115 1149 3567 1227 καταγγέλλεται,
3597 1154 3690 1210 καὶ
3718 1153 3828 1218 ἓως

2169 1240 2272 1303 τῆς
2326 1234 2626 1311 παρουσίας
2701 1234 2869 1294 αῦτοῦ
2950 1237 3319 1314 Ἰερουσαλὴμ
3374 1242 3675 1316 συνίστατο,
3734 1245 3830 1299 καὶ

2173 1322 2370 1380 λοιπὸν
2427 1326 2566 1390 ἅπας
2615 1328 2904 1406 προφήτης
2956 1327 3226 1385 πέπαυται
3279 1331 3368 1386 καὶ
3427 1330 3616 1407 ὅρασις
3664 1333 3716 1388 ἐν
3747 1339 3828 1407 τῷ

2173 1412 2433 1488 Ἰσραήλ;
2468 1415 2730 1493 Ἐχρίσθη
2768 1416 2950 1490 μέντοι
2996 1416 3169 1473 πάλαι
3224 1413 3392 1475 Δαϐὶδ
3421 1420 3513 1476 καὶ
3546 1421 3824 1495 Σολομῶν

2171 1500 2264 1556 καὶ
2311 1500 2578 1573 Ἐζεκίας,
2630 1501 2758 1558 ἀλλ’
2817 1503 3184 1578 Ἰερουσαλὴμ
3237 1506 3332 1561 καὶ
3366 1507 3593 1570 ὁτόπος
3650 1529 3828 1563 συνει-

2176 1591 2360 1661 στήκει
2416 1589 2506 1646 καὶ
2563 1597 2840 1668 προφῆται
2896 1595 3292 1670 προεφήτευον.
3352 1593 3576 1658 ’Ἄλλως
3629 1595 3688 1652 δὲ
3735 1599 3824 1653 καὶ

414 1693 684 1745 ruerunt.
718 1690 867 1745 Sane
926 1689 1158 1760 pridem
1217 1694 1275 1744 et
1330 1688 1586 1744 Davidus
1625 1689 1738 1743 fuit
1764 1693 1978 1744 unctus
2009 1692 2067 1743 et

2177 1679 2330 1735 αὐτοὶ
2365 1681 2417 1734 οἱ
2473 1681 2782 1758 χρισθέντες
2838 1679 2981 1757 ἅγιοι
3041 1681 3321 1758 ἅνθρωποι
3377 1683 3469 1739 καὶ
3528 1685 3636 1764 οὐχ
3674 1683 3828 1762 ἅγιοι

416 1779 694 1834 Solomon
726 1783 784 1832 et
812 1779 1108 1848 Ezechias,
1169 1777 1274 1834 sed
1331 1778 1404 1833 iis
1456 1778 1600 1832 vivis
1631 1782 1690 1833 et
1715 1777 1858 1832 urbs
1901 1777 2067 1832 stetit

2177 1769 2346 1843 ἁγίων
2377 1767 2704 1840 ἐκλήθησαν.
2766 1771 2904 1826 Πότε
2956 1770 3014 1826 δὲ
3061 1771 3154 1827 καὶ
3209 1775 3502 1853 προφήτης
3552 1773 3828 1832 ἐπαύσατο

413 1873 590 1940 atque
648 1884 816 1924 sacer
867 1867 1052 1937 locus,
1111 1871 1170 1923 et
1223 1872 1386 1923 vates
1442 1867 1682 1923 oracula
1727 1866 2060 1922 ediderunt.

2177 1858 2262 1913 καὶ
2293 1859 2478 1957 ὅρασις
2535 1859 2640 1914 ἀπὸ
2693 1864 2792 1916 τοῦ
2843 1859 3086 1937 Ἰσραὴλ,
3146 1862 3192 1917 εἰ
3254 1863 3332 1936 μή
3361 1866 3477 1933 νῦν,
3509 1863 3598 1920 ὅτε
3628 1867 3657 1920 6
3686 1886 3832 1941 προ-

409 1958 554 2012 Tum
579 1956 743 2012 uncti
769 1955 860 2010 illi
891 1955 1080 2012 sancti
1110 1955 1354 2027 quidem
1385 1955 1679 2024 homines,
1710 1971 1832 2011 non
1863 1959 2064 2010 tamen

2177 1941 2547 2021 φητευὸμενος
2585 1949 2676 2004 καὶ
2723 1950 2753 2004 6
2801 1949 3007 2025 ’Ἁγίων
3069 1949 3231 2024 ἁγίων
3267 1951 3295 2006 6
3326 1952 3558 2027 Χριστὸς
3588 1955 3829 2031 παρεγέ-

411 2045 601 2100 sancti
649 2049 994 2100 sanctorum
1037 2050 1176 2100 sunt
1223 2045 1526 2117 appellati.
1574 2046 1746 2100 Vates
1776 2049 1974 2100 autem
2007 2048 2064 2099 et

2177 2057 2290 2093 νετο
2317 2056 2330 2107 ;
2367 2042 2608 2112 Σημεῖον
2637 2037 2730 2093 οὖν
2762 2034 2932 2104 ὅντως
2959 2038 3094 2115 μέγα
3114 2038 3396 2116 πρόδηλον
3417 2042 3506 2098 καὶ
3536 2045 3832 2120 γνώρισμα

409 2133 668 2188 visiones
689 2133 929 2204 quando
951 2133 1126 2189 desiit
1145 2133 1366 2190 habere
1395 2133 1651 2189 lsraelus
1679 2149 1858 2204 quam
1881 2148 2062 2202 nunc,

414 2222 668 2278 adventu
689 2222 838 2276 vatis
869 2227 928 2276 et
956 2222 1152 2278 Sancti
1185 2227 1526 2278 sanctorum
1547 2222 1809 2277 Christi?
1837 2221 1902 2276 Id
1929 2236 2066 2275 vero

415 2311 682 2381 apprime
705 2310 946 2366 evidens
967 2311 1200 2383 signum
1221 2315 1398 2381 atque
1421 2310 1708 2366 indicium
1741 2315 1831 2365 est
1856 2309 2068 2364 adven-

412 2405 510 2454 tus
535 2398 704 2455 Verbi
725 2399 846 2468 Dei,
869 2399 1028 2468 quod
1051 2415 1244 2471 neque
1263 2397 1670 2469 Hierosolyma
1689 2396 1866 2453 hodie
1886 2401 2064 2466 stant,

415 2503 610 2558 neque
640 2492 804 2543 vates
833 2487 992 2542 inter
1017 2487 1250 2542 Judmos
1271 2486 1431 2542 ullus
1456 2486 1649 2544 ullave
1681 2487 1825 2542 visio
1855 2491 2064 2542 exstat.

423 2579 577 2634 488
644 2579 810 2644 Quod
878 2578 1119 2650 quidem
1183 2583 1314 2634 erat
1370 2584 1858 2634 consentaneum.
1921 2576 2068 2633 Cum

417 2667 576 2722 enim
599 2667 726 2738 jam
760 2666 1094 2722 exhibitum
1123 2670 1282 2723 esset
1319 2666 1381 2722 id
1411 2666 1571 2737 quod
1601 2665 1974 2722 indicabatur
2001 2681 2070 2720 ac

415 2755 711 2811 vaticiniis
740 2755 1196 2828 prmdicebatur,
1229 2756 1412 2828 signis
1443 2761 1501 2810 et
1524 2754 1753 2811 vatibus
1783 2770 2070 2826 quorsum

2171 2131 2268 2182 τοῦ
2294 2131 2428 2182 Θεοῦ
2461 2126 2636 2202 Λόγου
2691 2128 2781 2182 καὶ
2843 2135 2944 2198 τῆς
3001 2129 3172 2184 αὐτοῦ
3203 2130 3502 2205 παρουσίας
3534 2133 3597 2186 τὸ
3629 2134 3830 2206 μηκέτι

2171 2217 2272 2285 τήν
2331 2214 2702 2291 Ἰερουσαλὴμ
2748 2215 2958 2273 ἱστάναι
3037 2219 3178 2292 μήτε
3253 2222 3547 2300 προφήτην
3607 2222 3834 2300 ἐνεργη-

2175 2308 2334 2374 θῆναι
2410 2307 2552 2379 μήτε
2627 2307 2811 2382 ὅρασιν
2875 2305 3350 2364 ἀποκαλύπτεσθαι
3424 2311 3665 2374 τούτοις.
3731 2316 3833 2370 Καὶ

2177 2393 2422 2456 εἷ’κότωςο
2456 2393 2710 2459 ἐλθόντες
2747 2395 2850 2472 γὰρ
2905 2394 3002 2450 τοῦ
3055 2397 3460 2470 σημαινομένου
3489 2402 3582 2455 καὶ
3611 2422 3837 2480 προφη-

2173 2483 2454 2556 τευμένους
2483 2482 2566 2547 τίς
2594 2485 2628 2554 ἡ
2662 2484 2822 2560 χρεία
2875 2489 2984 2540 τῶν
3044 2487 3426 2560 σημαινόντων
3481 2491 3576 2544 καὶ
3611 2511 3831 2568 προφηι

2173 2571 2441 2628 τευόντων
2470 2592 2484 2642 ;
2518 2575 2616 2628 Διά
2645 2574 2750 2648 γὰρ
2800 2579 2963 2629 τοῦτο
3020 2578 3412 2650 προεφήτευον,
3441 2573 3546 2642 ἓως
3597 2579 3661 2634 οὗ
3692 2574 3826 2656 ἔλθῃ

2179 2661 2208 2714 6
2262 2660 2742 2738 προφητευόμενος
2817 2664 2910 2718 καὶ
2990 2663 3360 2740 λυτρούμενος
3403 2667 3502 2730 τὰς
3559 2668 3831 2744 ἁμαρτίας

2177 2750 2413 2806 πάντων.

417 2861 594 2916 porro
623 2861 769 2901 usus
800 2845 974 2901 erat?
1002 2845 1139 2902 Ideo
1168 2845 1468 2902 vaticinati
1500 2849 1643 2900 sunt
1670 2843 1760 2900 illi
1791 2843 2105 2916 tantisper,
2139 2841 2280 2898 dum
2324 2841 2486 2898 venit
2529 2842 2580 2896 is
2627 2859 2806 2914 quem
2837 2843 3041 2900 adfore
3073 2843 3496 2916 praedicebant,
3529 2849 3821 2904 omnium-

417 2951 532 3004 que
562 2934 816 2990 abolevit
840 2939 1102 3008 peccata.

485 3025 608 3080 Jam
629 3023 764 3096 quis
785 3024 898 3080 fuit
911 3023 1011 3082 ille
1029 3025 1306 3096 princeps
1325 3023 1426 3096 qui
1449 3039 1481 3079 e
1504 3023 1888 3079 Bethlehema
1905 3021 2068 3090 exiit,

414 3114 515 3184 qui
574 3113 854 3170 lsraelem
907 3112 1274 3183 gubernavit,
1333 3109 1508 3182 cujus
1566 3111 1756 3167 exitus
1795 3109 1868 3166 ab
1899 3108 2068 3164 initio

410 3203 542 3270 fuit,
577 3202 650 3256 ab
679 3202 809 3274 ipsa
839 3201 1189 3266 aeternitate,
1249 3201 1424 3273 cujus
1480 3216 1704 3256 nomen
1737 3199 1863 3255 sole
1911 3197 2069 3254 anti—

415 3291 590 3362 quius
643 3294 732 3345 est
788 3295 848 3346 et
893 3289 1168 3346 nativitas
1222 3287 1693 3345 inenarrabiliS‘l
1731 3289 1859 3344 haec
1905 3287 2068 3343 enim

419 3379 720 3449 Scriptura
745 3378 798 3433 ei
827 3377 1114 3433 attribuit.
1147 3379 1496 3434 Sanctorum
1526 3378 1770 3449 quidem
1799 3377 2068 3434 omnium

419 3472 616 3522 ortum
661 3467 882 3522 scimus
912 3466 1218 3521 memoria:
1248 3467 1572 3538 proditum,
1605 3466 2066 3538 principumque

2253 3021 2416 3080 Ποῖος
2448 3019 2630 3074 τοίνυν
2683 3018 2996 3096 ἡγούμενος
3047 3019 3270 3095 ἐξῆλθεν
3326 3021 3386 3079 ἔκ
3445 3021 3691 3098 Βηθλεὲμ
3727 3023 3818 3079 καὶ

2177 3109 2268 3166 τὸν
2297 3107 2520 3183 Ἰσραήλ
2577 3108 2891 3184 ἐποίμανεν,
2949 3111 3012 3165 οὗ
3067 3114 3104 3182 ἡ
3165 3107 3348 3184 ἔξοδος
3403 3113 3494 3168 ἀπ’
3525 3114 3704 3190 ἀρχῆς
3735 3114 3822 3192 ἀφ’

2177 3203 2400 3275 ἡμερῶν
2454 3199 2671 3269 αἰῶνος,
2727 3201 2833 3275 πρὸ
2889 3204 2986 3256 τοῦ
3039 3200 3206 3273 ἡλίου
3265 3200 3510 3278 διαμένει
3559 3205 3622 3260 τὸ
3655 3199 3828 3278 ὄνομα

2176 3285 2364 3358 αὐτοῦ,
2410 3283 2502 3340 καὶ
2555 3281 2948 3361 ἀνεκδιήγητος
3001 3289 3036 3356 ἡ
3092 3288 3248 3362 γενεὰ
3302 3289 3490 3360 αὐτοῦ,
3531 3288 3711 3354 καθὼς
3741 3289 3830 3366 γέ-

2175 3394 2452 3451 γραπται;
2483 3376 2605 3430 Τῶν
2663 3377 2768 3450 γὰρ
2807 3374 2975 3450 ἁγίων
3023 3376 3242 3432 πάντων
3294 3376 3451 3452 ἴσμεν
3509 3379 3610 3449 τήν
3643 3381 3826 3456 γενεὰν

2175 3465 2596 3542 ἱστορουμένην,
2657 3469 2749 3523 καὶ
2812 3473 2918 3524 τῶν
2977 3467 3245 3544 ἀρξάντων
3284 3475 3382 3526 τοῦ
3431 3469 3654 3548 Ἰσραὴλ
3688 3493 3828 3547 παρ·

411 3555 827 3612 Israelicorum
857 3553 1126 3610 omnium
1157 3559 1390 3612 exstant
1415 3560 1472 3610 et
1495 3555 1725 3611 natales
1755 3560 1814 3610 et
1841 3554 2058 3624 obitus,

2178 3561 2404 3612 ιστῶσαν
2461 3556 2560 3626 τήν
2619 3557 2824 3632 γένεσιν
2882 3559 2969 3612 καὶ
3029 3559 3122 3614 τὸν
3192 3557 3441 3617 θάνατον.
3501 3561 3828 3634 Μεμνῆσθαι

420 3644 810 3700 monimentis
858 3643 1190 3700 litterarum
1233 3643 1581 3716 consignati.
1633 3645 1813 3699 Porro
1858 3643 2067 3699 memi-

2185 3645 2278 3702 οὖν
2303 3645 2564 3720 ὀφείλεις,
2599 3643 2644 3700 ὦ
2674 3643 2926 3716 Ἰουὸαἲε,
2986 3646 3258 3722 εἶρηκὲναι
3319 3669 3387 3722 με
3434 3650 3528 3704 τὸν
3559 3649 3686 3705 Υἳὸν
3737 3655 3832 3706 τοῦ

425 3735 587 3790 nisse
613 3733 816 3800 debes,
853 3733 1077 3801 Judme,
1133 3749 1229 3788 me
1283 3733 1394 3788 hoc
1453 3732 1691 3798 dixisse,
1723 3733 1938 3789 Filium
1969 3733 2074 3796 Dei

418 3829 608 3879 totum
638 3839 759 3878 non
789 3822 975 3879 fuisse
1031 3822 1519 3894 perpessionibus
1575 3821 1936 3894 subjectum,
1971 3824 2075 3880 sed

416 3913 724 3968 hominem
780 3912 952 3984 cujus
1009 3913 1063 3968 ei
1121 3911 1456 3968 substantia
1513 3914 1662 3969 citra
1716 3916 2070 3970 naturarum

417 4003 830 4058 confusionem
860 4003 924 4058 in
953 4007 1122 4058 utero
1161 4003 1348 4058 beatae
1385 4003 1644 4077 Virginis
1675 4005 1872 4060 Maria;
1903 4006 2074 4062 unita

415 4090 548 4148 fuit.
579 4091 761 4156 Quem
793 4092 945 4147 Deus
993 4091 1330 4148 Abrahamo
1376 4093 1730 4164 promittens
1770 4093 1854 4149 ita
1879 4093 2074 4150 fuerat

417 4181 612 4236 fatus:
644 4183 710 4237 In
741 4181 966 4236 semine
999 4187 1098 4236 tuo
1155 4197 1364 4238 omnes
1393 4181 1598 4254 populi
1629 4182 1968 4239 beabuntur
2000 4184 2067 4240 οι.

416 4270 751 4342 Davidoque
807 4269 1088 4326 similiter
1151 4271 1473 4342 promisit:
1551 4273 1796 4327 Fructus
1847 4272 2070 4328 ventris

417 4361 502 4413 tui
528 4359 827 4415 collocabo
857 4359 919 4414 in
967 4359 1117 4414 solio
1175 4365 1277 4414 tuo
1298 4359 1365 4414 9'.
1436 4361 1602 4415 Hunc
1633 4376 1742 4416 nos
1775 4365 2067 4416 tentatum

419 4448 692 4515 dicimus,
737 4453 804 4503 ut
840 4447 1166 4518 diabolum,
1207 4465 1242 4504 a
1291 4465 1407 4519 quo
1448 4448 1808 4519 tentabatur,
1849 4449 2068 4506 victum

419 4539 833 4610 captivumque
862 4538 1172 4609 redigeret.
1205 4539 1451 4593 Passum
1483 4539 1758 4609 dicimus,
1781 4544 1848 4594 ut
1867 4539 2069 4596 omnia

416 4626 727 4682 adversum
759 4625 1116 4698 subjiceret;
1151 4631 1476 4693 mortuum,
1507 4632 1573 4682 ut
1601 4644 1737 4683 eum
1783 4628 2068 4700 dejiceret

418 4715 520 4786 qui
541 4716 750 4770 mortis
770 4715 1096 4786 potentiam
1124 4715 1398 4771 habebat.
1421 4715 1658 4771 Iudaeus
1675 4721 1872 4772 autem
1896 4717 2062 4774 dixit:

417 4807 561 4877 Ergo
592 4806 695 4860 Dei
728 4805 844 4860 duo
875 4810 1016 4860 sunt
1047 4806 1174 4876 filii,
1226 4822 1381 4862 unus
1439 4821 1619 4877 quem
1667 4807 1842 4862 beata
1895 4809 2064 4881 Virgo

2183 3739 2316 3790 Θεοῦ
2356 3737 2510 3790 πάθει
2565 3735 2628 3791 τὸ
2686 3733 2912 3791 σύνολον
2974 3737 3050 3811 μὴ
3113 3737 3511 3794 ὑποπίπτοντα·
3561 3738 3714 3795 ἀλλᾶ
3742 3741 3828 3795 τὸν

2183 3826 2444 3881 ὲνιυθὲντα
2499 3825 2648 3898 αὐτῷ
2704 3823 2988 3900 ἄνθρωπον
3047 3829 3165 3892 καθ’
3233 3827 3524 3884 ὑπόστασιν
3579 3829 3834 3906 ἀσυγχύ-

2178 3936 2288 3980 τως
2340 3913 2401 3970 ἐκ
2453 3922 2552 3986 τῆς
2609 3915 2762 3990 ἁγίας
2794 3917 3070 3989 Παρθένου
3105 3917 3332 3993 Μαρίας,
3367 3917 3424 3973 ὅν
3458 3918 3829 3995 ἐπηγγείλατο

2181 4005 2209 4060 6
2263 4006 2392 4069 Θεὸς
2443 4009 2523 4078 τῷ
2574 4001 2827 4079 Ἀϐραὰμ
2886 4003 3089 4082 λέγων,
3150 4008 3234 4062 Ἐν
3287 4011 3368 4080 τῷ
3427 4009 3697 4084 σπέρματί
3735 4030 3829 4065 σου

2180 4091 2644 4170 εὐλογηθήσονται
2674 4093 2849 4150 πάντα
2894 4093 2960 4150 τὰ
3007 4089 3155 4166 ἔθνη,
3188 4095 3276 4150 καὶ
3307 4100 3389 4169 τῷ
3415 4093 3582 4153 Δαϐὶδ
3615 4099 3828 4173 ὁμοίως

2181 4182 2380 4260 λέγων’
2441 4185 2535 4240 Ἐκ
2592 4188 2806 4258 καρποῦ
2864 4190 2965 4254 τῆς
3021 4182 3237 4246 κοιλίας
3295 4206 3392 4240 σου
3450 4187 3693 4261 θήσομαι
3745 4189 3827 4244 ἐπὶ

2177 4277 2272 4327 τοῦ
2328 4271 2518 4348 θρόνου
2597 4293 2713 4329 σου.
2793 4275 3000 4330 Τοῦτον
3073 4274 3430 4350 πειρασθῆναί
3487 4298 3689 4353 φαμεν,
3744 4279 3827 4333 ἳνα

2175 4363 2266 4418 τὸν
2333 4361 2657 4436 πειράζοντα
2707 4360 2866 4417 αύτὸν
2919 4364 3148 4432 νικήσας
3197 4358 3460 4419 διάϐολον
3529 4365 3824 4441 αἰχμαλω-

2174 4451 2316 4526 τίσῃ,
2371 4453 2690 4515 πεπονθέναι
2745 4454 2832 4524 [Ρ.
2864 4453 2990 4524 279]
3051 4449 3128 4523 δὲ,
3182 4449 3274 4507 ἵνα
3330 4453 3502 4509 πάντα
3557 4455 3625 4510 τὰ
3681 4457 3818 4524 πάθη

2177 4539 2443 4614 ὁποσάξῃ,
2509 4540 2751 4594 τεθνάναι
2821 4538 2898 4610 δὲ,
2962 4540 3052 4596 ἳνα
3114 4541 3177 4596 τὸ
3241 4543 3442 4617 κράτος
3506 4549 3602 4599 τοῦ
3669 4545 3818 4608 θανά-

2173 4649 2270 4684 του
2301 4627 2602 4702 καταλύσῃ.
2635 4629 2697 4686 Ὀ
2750 4627 3018 4692 Ἰουδαῖος
3080 4629 3246 4685 εἶπεν·
3308 4632 3532 4688 Οὐκοῦν
3563 4634 3656 4688 δύο
3685 4632 3807 4687 εῗσῗν

2173 4719 2285 4772 υἱοὶ
2337 4721 2434 4773 τοῦ
2482 4721 2638 4786 Θεοῦ,
2689 4719 2764 4780 εἴς
2818 4718 2910 4792 μὲν
2959 4719 2988 4774 6
3039 4717 3100 4774 ἐκ
3131 4727 3232 4790 τῆς
3284 4723 3558 4795 Παρθένου
3583 4720 3810 4800 τεχθεὶς,

2171 4805 2354 4884 ἕτερος
2387 4805 2446 4862 δὲ
2475 4806 2532 4862 ὅν
2566 4805 2953 4884 παντοκράτωρ
3009 4809 3142 4872 Θεὸς
3197 4810 3490 4886 ἐγέννησε;
3549 4815 3611 4871 Ὁ
3667 4811 3814 4887 ἅγιος

415 4895 666 4968 peperit,
720 4895 872 4950 alter
920 4911 1096 4965 quem
1155 4895 1528 4966 omnipotens
1586 4896 1741 4950 Deus
1811 4896 2066 4968 genuit?

2178 4893 2505 4971 Σίλϐεστρος
2559 4901 2725 4952 εἶπεν·
2785 4897 2910 4958 Υἱὸς
2952 4899 3032 4960 εἷς
3092 4897 3232 4954 ἐστιν
3265 4901 3293 4955 6
3325 4899 3584 4976 Χριστός.
3625 4904 3818 4972 Ὥσπερ

416 4987 731 5041 Silvester:
793 4986 953 5040 Unus
1011 4991 1101 5040 est
1157 4985 1360 5049 Filius,
1392 4985 1680 5042 Christus.
1713 4985 1875 5041 Sicut
1905 4987 2064 5043 enim

2177 4987 2274 5061 γὰρ
2309 4983 2530 5056 ἀληθῶς
2587 4983 2698 5040 ἐστι
2758 4989 2892 5041 Θεοῦ
2948 4987 3072 5050 Υἱὸς
3129 4988 3382 5064 ἀόρατος,
3427 4988 3602 5052 οὕτως
3632 4989 3707 5046 ἐτὶ
3735 4987 3822 5043 καὶ

414 5093 548 5132 vere
577 5075 762 5131 Filius
817 5075 919 5130 Dei
977 5074 1314 5143 invisibilis,
1371 5075 1456 5130 ita
1513 5080 1602 5131 est
1660 5075 1837 5130 etiam
1886 5076 2066 5132 Filius

414 5164 678 5220 hominis
720 5164 994 5220 visibilis.
1040 5165 1147 5230 Qui
1207 5164 1366 5219 enim
1407 5164 1704 5236 perfectus
1733 5173 1861 5221 erat
1889 5167 2066 5234 Deus,

417 5255 568 5310 489
618 5255 914 5326 perfectus
969 5255 1146 5310 homo
1204 5253 1658 5310 immutabiliter
1713 5253 1904 5310 factus
1958 5259 2067 5341 est,

415 5348 484 5400 ut
511 5349 787 5414 pertectae
836 5344 1044 5400 salutis
1093 5348 1299 5398 auctor
1345 5343 1688 5398 hominibus
1736 5343 1922 5399 fieret.
1969 5345 2070 5398 Ju-

419 5433 614 5488 daaus:
652 5431 716 5485 Et
743 5431 1038 5502 quomodo
1063 5432 1193 5487 ﬂeri
1223 5435 1418 5502 potest
1435 5433 1521 5486 uti
1545 5432 1804 5502 patiatur
1835 5449 2068 5488 assum-

419 5527 556 5592 ptus
586 5519 762 5574 homo
793 5520 922 5575 sine
953 5536 1022 5575 eo
1063 5521 1164 5590 qui
1211 5521 1406 5591 ipsum
1463 5521 1829 5592 assumpsit?
1885 5521 2070 5576 Silve-

2175 5075 2300 5138 Υἱὸς
2330 5074 2618 5148 ἀνθρώπου
2649 5074 2862 5150 ὁρατός·
2922 5075 3134 5140 τέλειος
3193 5077 3299 5153 γὰρ
3331 5075 3404 5133 ὢν
3435 5079 3588 5147 Θεὸς,
3619 5079 3823 5140 τέλειος

2177 5163 2461 5237 ἅνθρωπος
2519 5165 2798 5240 ἀτρέπτως
2857 5163 3090 5242 ἐγένετο,
3138 5163 3230 5222 ’ίνα
3284 5165 3496 5223 τελείαν
3555 5167 3823 5243 σωτηρίαν

2177 5259 2292 5316 τοῖς
2324 5253 2632 5328 ἀνθρώποις
2663 5255 2946 5329 παράσχῃ.
2997 5256 3057 5312 '0
3115 5253 3376 5318 Ἰουδαῖος
3409 5258 3548 5314 εἶπε·
3583 5256 3682 5314 Καί
3707 5262 3824 5318 πῶς

2177 5343 2414 5420 ἐγχωρεῖ
2459 5344 2521 5399 τὸ
2564 5341 2840 5422 ληφθὲντα
2889 5344 3168 5420 ἄνθρωπον
3217 5350 3449 5423 πάσχειν
3505 5351 3682 5425 χωρὶς
3729 5351 3826 5403 τοῦ

2177 5427 2544 5492 ἀναλαϐόντος
2576 5433 2778 5502 αὐτὸν;
2821 5434 2882 5491 Ὀ
2938 5435 3090 5508 ἆγιος
3131 5431 3466 5510 Σίλϐεστρος
3499 5437 3664 5492 εἶπεν
3698 5436 3828 5490 Οὐκ-

2179 5524 2269 5576 οῦν
2321 5518 2684 5597 ὑποὸείγματί
2732 5541 2837 5576 τινι
2889 5521 3130 5601 ὀφείλεις
3179 5521 3529 5600 διδαχθῆναι,
3561 5525 3649 5580 ἳνα
3675 5528 3824 5600 γνῷς

493 5696 540 5732 ⁸ο
569 5697 712 5751 Dan.
755 5713 832 5761 ιχ,
862 5696 932 5750 24
960 5710 1126 5764 seqq.
1201 5695 1245 5731 9'
1281 5696 1422 5752 Gen.
1456 5713 1585 5764 xvn,
1622 5699 1705 5752 16.
1781 5696 1830 5732 ⁹²
1861 5698 2010 5754 Psal.
2047 5715 2067 5755 ι

2177 5703 2356 5771 [1,11.
