  <div class='ocr_page' id='page_1' title='image "/cluster/home/n/w/nwhite01/storage/ocr_20150623/121/mdp.39015078384289/274.png"; bbox 0 0 4118 6288; ppageno 0'>
   <div class='ocr_carea' id='block_1_1' title="bbox 312 426 437 490">
    <p class='ocr_par' dir='ltr' id='par_1_1' title="bbox 312 426 437 490">
     <span class='ocr_line' id='line_1_1' title="bbox 312 426 437 490; baseline -0.008 0"><span class='ocrx_word' id='word_1_1' title='bbox 312 426 437 490; x_wconf 79' lang='lat'><strong>533</strong></span> 
     </span>
    </p>
   </div>
   <div class='ocr_carea' id='block_1_2' title="bbox 1452 426 2598 491">
    <p class='ocr_par' dir='ltr' id='par_1_2' title="bbox 1452 426 2598 491">
     <span class='ocr_line' id='line_1_2' title="bbox 1452 426 2598 491; baseline -0.001 -3"><span class='ocrx_word' id='word_1_2' title='bbox 1452 426 1997 491; x_wconf 77' lang='lat' dir='ltr'><strong>HISTORIABUM</strong></span> <span class='ocrx_word' id='word_1_3' title='bbox 2040 426 2598 491; x_wconf 80' lang='lat' dir='ltr'><strong>GOMPENDIUM.</strong></span> 
     </span>
    </p>
   </div>
   <div class='ocr_carea' id='block_1_3' title="bbox 3622 427 3742 488">
    <p class='ocr_par' dir='ltr' id='par_1_3' title="bbox 3622 427 3742 488">
     <span class='ocr_line' id='line_1_3' title="bbox 3622 427 3742 488; baseline 0.008 -1"><span class='ocrx_word' id='word_1_4' title='bbox 3622 427 3742 488; x_wconf 71' lang='grc'><strong>534</strong></span> 
     </span>
    </p>
   </div>
   <div class='ocr_carea' id='block_1_4' title="bbox 320 560 1952 641">
    <p class='ocr_par' dir='ltr' id='par_1_4' title="bbox 320 560 1952 641">
     <span class='ocr_line' id='line_1_4' title="bbox 320 560 1952 641; baseline -0.002 -20"><span class='ocrx_word' id='word_1_5' title='bbox 320 565 409 621; x_wconf 81' lang='grc' dir='ltr'><strong>δτι</strong></span> <span class='ocrx_word' id='word_1_6' title='bbox 441 562 539 620; x_wconf 71' lang='grc' dir='ltr'><strong>δύο</strong></span> <span class='ocrx_word' id='word_1_7' title='bbox 568 564 704 620; x_wconf 80' lang='grc' dir='ltr'>κατὰ</span> <span class='ocrx_word' id='word_1_8' title='bbox 760 564 954 620; x_wconf 88' lang='grc' dir='ltr'>ταυτὸν</span> <span class='ocrx_word' id='word_1_9' title='bbox 1009 560 1308 638; x_wconf 68' lang='grc' dir='ltr'>ἡνωμένων</span> <span class='ocrx_word' id='word_1_10' title='bbox 1366 564 1573 641; x_wconf 68' lang='grc' dir='ltr'>φύσεωι</span> <span class='ocrx_word' id='word_1_11' title='bbox 1633 564 1668 633; x_wconf 81' lang='grc' dir='ltr'>ἠ</span> <span class='ocrx_word' id='word_1_12' title='bbox 1733 564 1827 637; x_wconf 72' lang='grc' dir='ltr'>μὲν</span> <span class='ocrx_word' id='word_1_13' title='bbox 1874 564 1952 636; x_wconf 81' lang='grc' dir='ltr'><strong>μίι</strong></span> 
     </span>
    </p>
   </div>
   <div class='ocr_carea' id='block_1_5' title="bbox 2060 560 3736 641">
    <p class='ocr_par' dir='ltr' id='par_1_5' title="bbox 2086 564 3736 636">
     <span class='ocr_line' id='line_1_5' title="bbox 2086 564 3736 636; baseline 0.001 -17"><span class='ocrx_word' id='word_1_14' title='bbox 2086 568 2245 619; x_wconf 89' lang='lat' dir='ltr'><strong>ster:</strong></span> <span class='ocrx_word' id='word_1_15' title='bbox 2278 564 2560 636; x_wconf 88' lang='lat' dir='ltr'><strong>Exemplo</strong></span> <span class='ocrx_word' id='word_1_16' title='bbox 2592 564 2773 635; x_wconf 80' lang='lat' dir='ltr'><strong>igitur</strong></span> <span class='ocrx_word' id='word_1_17' title='bbox 2802 564 2999 620; x_wconf 78' lang='lat' dir='ltr'><strong>doceri</strong></span> <span class='ocrx_word' id='word_1_18' title='bbox 3036 564 3218 621; x_wconf 91' lang='lat' dir='ltr'><strong>debes</strong></span> <span class='ocrx_word' id='word_1_19' title='bbox 3246 564 3474 620; x_wconf 85' lang='lat' dir='ltr'><strong>duabus</strong></span> <span class='ocrx_word' id='word_1_20' title='bbox 3502 566 3736 621; x_wconf 88' lang='lat' dir='ltr'><strong>naturis</strong></span> 
     </span>
    </p>
   </div>
   <div class='ocr_carea' id='block_1_6' title="bbox 322 649 1970 731">
    <p class='ocr_par' dir='ltr' id='par_1_6' title="bbox 322 649 1970 731">
     <span class='ocr_line' id='line_1_6' title="bbox 322 649 1970 731; baseline 0 -21"><span class='ocrx_word' id='word_1_21' title='bbox 322 655 638 731; x_wconf 85' lang='grc' dir='ltr'>περιπίπτει</span> <span class='ocrx_word' id='word_1_22' title='bbox 662 657 730 729; x_wconf 77' lang='grc' dir='ltr'><strong>τῇ</strong></span> <span class='ocrx_word' id='word_1_23' title='bbox 791 650 967 729; x_wconf 73' lang='grc' dir='ltr'>ὕϐρει,</span> <span class='ocrx_word' id='word_1_24' title='bbox 1025 656 1062 723; x_wconf 85' lang='grc' dir='ltr'><strong>ἡ</strong></span> <span class='ocrx_word' id='word_1_25' title='bbox 1118 649 1175 709; x_wconf 70' lang='grc' dir='ltr'><strong>δὲ.</strong></span> <span class='ocrx_word' id='word_1_26' title='bbox 1232 652 1386 730; x_wconf 73' lang='grc' dir='ltr'>ἑτέρα</span> <span class='ocrx_word' id='word_1_27' title='bbox 1434 653 1638 723; x_wconf 82' lang='grc' dir='ltr'>ταύτην</span> <span class='ocrx_word' id='word_1_28' title='bbox 1672 650 1970 731; x_wconf 75' lang='grc' dir='ltr'><strong>διαφεύγει.</strong></span> 
     </span>
    </p>
   </div>
   <div class='ocr_carea' id='block_1_7' title="bbox 326 737 1971 819">
    <p class='ocr_par' dir='ltr' id='par_1_7' title="bbox 326 737 1971 819">
     <span class='ocr_line' id='line_1_7' title="bbox 326 737 1971 819; baseline -0.004 -17"><span class='ocrx_word' id='word_1_29' title='bbox 326 744 427 802; x_wconf 82' lang='grc' dir='ltr'>Καὶ</span> <span class='ocrx_word' id='word_1_30' title='bbox 460 746 488 798; x_wconf 99' lang='lat'><strong>6</strong></span> <span class='ocrx_word' id='word_1_31' title='bbox 517 738 769 819; x_wconf 85' lang='grc' dir='ltr'>Ἑϐραῖος</span> <span class='ocrx_word' id='word_1_32' title='bbox 794 737 920 815; x_wconf 76' lang='grc' dir='ltr'><strong>ἔφη·</strong></span> <span class='ocrx_word' id='word_1_33' title='bbox 973 740 1270 802; x_wconf 77' lang='grc' dir='ltr'>’Δδύνατόν</span> <span class='ocrx_word' id='word_1_34' title='bbox 1323 741 1435 797; x_wconf 75' lang='grc' dir='ltr'>ἐστι</span> <span class='ocrx_word' id='word_1_35' title='bbox 1492 740 1678 797; x_wconf 87' lang='grc' dir='ltr'>πεῖσαί</span> <span class='ocrx_word' id='word_1_36' title='bbox 1712 762 1779 815; x_wconf 84' lang='grc' dir='ltr'><strong>με</strong></span> <span class='ocrx_word' id='word_1_37' title='bbox 1808 740 1859 797; x_wconf 77' lang='grc' dir='ltr'><strong>ἐν</strong></span> <span class='ocrx_word' id='word_1_38' title='bbox 1893 742 1971 797; x_wconf 74' lang='grc' dir='ltr'><strong>ἐνὶ</strong></span> 
     </span>
    </p>
   </div>
   <div class='ocr_carea' id='block_1_8' title="bbox 324 827 1971 907">
    <p class='ocr_par' dir='ltr' id='par_1_8' title="bbox 324 827 1971 907">
     <span class='ocr_line' id='line_1_8' title="bbox 324 827 1971 907; baseline -0.001 -20"><span class='ocrx_word' id='word_1_39' title='bbox 324 830 422 887; x_wconf 72' lang='grc' dir='ltr'>δύο</span> <span class='ocrx_word' id='word_1_40' title='bbox 490 832 627 887; x_wconf 80' lang='grc' dir='ltr'>εἶναί</span> <span class='ocrx_word' id='word_1_41' title='bbox 683 853 824 901; x_wconf 85' lang='grc' dir='ltr'>τινα,</span> <span class='ocrx_word' id='word_1_42' title='bbox 878 832 967 887; x_wconf 78' lang='grc' dir='ltr'><strong>καὶ</strong></span> <span class='ocrx_word' id='word_1_43' title='bbox 1027 831 1141 906; x_wconf 78' lang='grc' dir='ltr'><strong>ἅμα</strong></span> <span class='ocrx_word' id='word_1_44' title='bbox 1219 833 1313 904; x_wconf 73' lang='grc' dir='ltr'>μὲν</span> <span class='ocrx_word' id='word_1_45' title='bbox 1368 830 1686 907; x_wconf 75' lang='grc' dir='ltr'>κατέχεσθαι</span> <span class='ocrx_word' id='word_1_46' title='bbox 1744 827 1858 904; x_wconf 77' lang='grc' dir='ltr'><strong>ἅμα</strong></span> <span class='ocrx_word' id='word_1_47' title='bbox 1914 829 1971 886; x_wconf 74' lang='grc' dir='ltr'>δὲ</span> 
     </span>
    </p>
   </div>
   <div class='ocr_carea' id='block_1_9' title="bbox 319 916 1968 996">
    <p class='ocr_par' dir='ltr' id='par_1_9' title="bbox 319 916 1968 996">
     <span class='ocr_line' id='line_1_9' title="bbox 319 916 1968 996; baseline 0.002 -20"><span class='ocrx_word' id='word_1_48' title='bbox 319 924 580 996; x_wconf 72' lang='grc' dir='ltr'>πάσχειν,</span> <span class='ocrx_word' id='word_1_49' title='bbox 634 922 722 976; x_wconf 84' lang='grc' dir='ltr'><strong>καὶ</strong></span> <span class='ocrx_word' id='word_1_50' title='bbox 779 918 834 976; x_wconf 72' lang='grc' dir='ltr'>’ἐν</span> <span class='ocrx_word' id='word_1_51' title='bbox 909 920 1118 976; x_wconf 76' lang='grc' dir='ltr'>τούτων</span> <span class='ocrx_word' id='word_1_52' title='bbox 1170 923 1272 992; x_wconf 80' lang='grc' dir='ltr'>τὴν</span> <span class='ocrx_word' id='word_1_53' title='bbox 1337 916 1493 996; x_wconf 76' lang='grc' dir='ltr'>ὕϐριν</span> <span class='ocrx_word' id='word_1_54' title='bbox 1553 920 1857 993; x_wconf 77' lang='grc' dir='ltr'>ὑπομίνειν.</span> <span class='ocrx_word' id='word_1_55' title='bbox 1907 921 1968 979; x_wconf 85' lang='grc'><strong>’0</strong></span> 
     </span>
    </p>
   </div>
   <div class='ocr_carea' id='block_1_10' title="bbox 320 1004 1967 1085">
    <p class='ocr_par' dir='ltr' id='par_1_10' title="bbox 320 1004 1967 1085">
     <span class='ocr_line' id='line_1_10' title="bbox 320 1004 1967 1085; baseline -0.001 -21"><span class='ocrx_word' id='word_1_56' title='bbox 320 1008 475 1084; x_wconf 75' lang='grc' dir='ltr'>ἅγιος</span> <span class='ocrx_word' id='word_1_57' title='bbox 530 1006 861 1085; x_wconf 83' lang='grc' dir='ltr'>Σίλϐεοτρος</span> <span class='ocrx_word' id='word_1_58' title='bbox 900 1010 1068 1065; x_wconf 61' lang='grc' dir='ltr'>εἶπεν</span> <span class='ocrx_word' id='word_1_59' title='bbox 1098 1012 1318 1081; x_wconf 74' lang='grc' dir='ltr'>Ἄκουε,</span> <span class='ocrx_word' id='word_1_60' title='bbox 1369 1011 1414 1064; x_wconf 81' lang='grc' dir='ltr'>ὦ</span> <span class='ocrx_word' id='word_1_61' title='bbox 1466 1004 1701 1085; x_wconf 78' lang='grc' dir='ltr'>Ἐϐραῖε·</span> <span class='ocrx_word' id='word_1_62' title='bbox 1735 1007 1967 1064; x_wconf 78' lang='grc' dir='ltr'>Δυνατόν</span> 
     </span>
    </p>
   </div>
   <div class='ocr_carea' id='block_1_11' title="bbox 319 1093 1966 1174">
    <p class='ocr_par' dir='ltr' id='par_1_11' title="bbox 319 1093 1966 1174">
     <span class='ocr_line' id='line_1_11' title="bbox 319 1093 1966 1174; baseline -0.002 -20"><span class='ocrx_word' id='word_1_63' title='bbox 319 1098 437 1154; x_wconf 89' lang='grc' dir='ltr'>ἐστι</span> <span class='ocrx_word' id='word_1_64' title='bbox 465 1099 526 1153; x_wconf 86' lang='grc' dir='ltr'><strong>τὸ</strong></span> <span class='ocrx_word' id='word_1_65' title='bbox 560 1094 773 1174; x_wconf 88' lang='grc' dir='ltr'>δένδρον</span> <span class='ocrx_word' id='word_1_66' title='bbox 807 1093 935 1174; x_wconf 81' lang='grc' dir='ltr'>ἔχον</span> <span class='ocrx_word' id='word_1_67' title='bbox 995 1095 1048 1154; x_wconf 80' lang='grc' dir='ltr'><strong>ἐν</strong></span> <span class='ocrx_word' id='word_1_68' title='bbox 1103 1100 1278 1171; x_wconf 70' lang='grc' dir='ltr'>ἑαυτῷ</span> <span class='ocrx_word' id='word_1_69' title='bbox 1328 1100 1429 1167; x_wconf 78' lang='grc' dir='ltr'>τήν</span> <span class='ocrx_word' id='word_1_70' title='bbox 1458 1099 1644 1153; x_wconf 79' lang='grc' dir='ltr'>ἀκτῖνα</span> <span class='ocrx_word' id='word_1_71' title='bbox 1671 1102 1770 1152; x_wconf 79' lang='grc' dir='ltr'><strong>τοῦ</strong></span> <span class='ocrx_word' id='word_1_72' title='bbox 1797 1097 1966 1167; x_wconf 82' lang='grc' dir='ltr'>ἡλίου</span> 
     </span>
    </p>
   </div>
   <div class='ocr_carea' id='block_1_12' title="bbox 315 1184 1967 1264">
    <p class='ocr_par' dir='ltr' id='par_1_12' title="bbox 315 1184 1967 1264">
     <span class='ocr_line' id='line_1_12' title="bbox 315 1184 1967 1264; baseline 0 -23"><span class='ocrx_word' id='word_1_73' title='bbox 315 1190 639 1259; x_wconf 84' lang='grc' dir='ltr'>τμηθῆναι;</span> <span class='ocrx_word' id='word_1_74' title='bbox 698 1186 881 1264; x_wconf 70' lang='grc' dir='ltr'>Θάρρει</span> <span class='ocrx_word' id='word_1_75' title='bbox 938 1186 1105 1263; x_wconf 84' lang='grc' dir='ltr'>λέγει.</span> <span class='ocrx_word' id='word_1_76' title='bbox 1183 1186 1413 1242; x_wconf 87' lang='grc' dir='ltr'>Δυνατόν</span> <span class='ocrx_word' id='word_1_77' title='bbox 1471 1184 1635 1242; x_wconf 81' lang='grc' dir='ltr'>ἐστιν.</span> <span class='ocrx_word' id='word_1_78' title='bbox 1693 1187 1755 1243; x_wconf 74' lang='grc' dir='ltr'>Ὀ</span> <span class='ocrx_word' id='word_1_79' title='bbox 1809 1185 1967 1261; x_wconf 70' lang='grc' dir='ltr'>ἅγιος</span> 
     </span>
    </p>
   </div>
   <div class='ocr_carea' id='block_1_13' title="bbox 316 1270 1965 1352">
    <p class='ocr_par' dir='ltr' id='par_1_13' title="bbox 316 1270 1965 1352">
     <span class='ocr_line' id='line_1_13' title="bbox 316 1270 1965 1352; baseline -0.002 -22"><span class='ocrx_word' id='word_1_80' title='bbox 316 1270 652 1347; x_wconf 82' lang='grc' dir='ltr'>Σίλϐεστρος</span> <span class='ocrx_word' id='word_1_81' title='bbox 710 1271 834 1352; x_wconf 70' lang='grc' dir='ltr'>ἔφη’</span> <span class='ocrx_word' id='word_1_82' title='bbox 897 1278 1081 1348; x_wconf 80' lang='grc' dir='ltr'><strong>Δεῖξον</strong></span> <span class='ocrx_word' id='word_1_83' title='bbox 1134 1277 1271 1348; x_wconf 85' lang='grc' dir='ltr'>ἡμῖν</span> <span class='ocrx_word' id='word_1_84' title='bbox 1325 1276 1424 1344; x_wconf 72' lang='grc' dir='ltr'><strong>τὴν</strong></span> <span class='ocrx_word' id='word_1_85' title='bbox 1472 1276 1834 1329; x_wconf 81' lang='grc' dir='ltr'><strong>ἀποκοπεῖσαν</strong></span> <span class='ocrx_word' id='word_1_86' title='bbox 1866 1277 1965 1329; x_wconf 77' lang='grc' dir='ltr'>τοῦ</span> 
     </span>
    </p>
   </div>
   <div class='ocr_carea' id='block_1_14' title="bbox 312 1360 1967 1438">
    <p class='ocr_par' dir='ltr' id='par_1_14' title="bbox 312 1360 1967 1438">
     <span class='ocr_line' id='line_1_14' title="bbox 312 1360 1967 1438; baseline 0.001 -21"><span class='ocrx_word' id='word_1_87' title='bbox 312 1363 485 1434; x_wconf 74' lang='grc' dir='ltr'>ἡλίου</span> <span class='ocrx_word' id='word_1_88' title='bbox 544 1366 734 1420; x_wconf 80' lang='grc' dir='ltr'>ἀκτῖνα</span> <span class='ocrx_word' id='word_1_89' title='bbox 788 1363 839 1419; x_wconf 88' lang='grc' dir='ltr'><strong>ἐν</strong></span> <span class='ocrx_word' id='word_1_90' title='bbox 874 1368 955 1437; x_wconf 75' lang='grc' dir='ltr'><strong>τῷ</strong></span> <span class='ocrx_word' id='word_1_91' title='bbox 1008 1365 1289 1436; x_wconf 72' lang='grc' dir='ltr'><strong>τέμνεσθαι</strong></span> <span class='ocrx_word' id='word_1_92' title='bbox 1347 1364 1501 1420; x_wconf 81' lang='grc' dir='ltr'>αὐτό.</span> <span class='ocrx_word' id='word_1_93' title='bbox 1551 1367 1660 1419; x_wconf 79' lang='grc' dir='ltr'>Τοῦ</span> <span class='ocrx_word' id='word_1_94' title='bbox 1699 1360 1756 1418; x_wconf 76' lang='grc' dir='ltr'>δὲ</span> <span class='ocrx_word' id='word_1_95' title='bbox 1787 1363 1967 1438; x_wconf 77' lang='grc' dir='ltr'>Θάῤῥα</span> 
     </span>
    </p>
   </div>
   <div class='ocr_carea' id='block_1_15' title="bbox 313 1448 1962 1530">
    <p class='ocr_par' dir='ltr' id='par_1_15' title="bbox 313 1448 1962 1530">
     <span class='ocr_line' id='line_1_15' title="bbox 313 1448 1962 1530; baseline -0.001 -22"><span class='ocrx_word' id='word_1_96' title='bbox 313 1459 612 1523; x_wconf 80' lang='grc' dir='ltr'>σιωῶντος,</span> <span class='ocrx_word' id='word_1_97' title='bbox 645 1453 672 1508; x_wconf 97' lang='lat'><strong>6</strong></span> <span class='ocrx_word' id='word_1_98' title='bbox 704 1454 852 1530; x_wconf 78' lang='grc' dir='ltr'>ἅγιος</span> <span class='ocrx_word' id='word_1_99' title='bbox 903 1449 1234 1527; x_wconf 86' lang='grc' dir='ltr'>Σίλϐεστρος</span> <span class='ocrx_word' id='word_1_100' title='bbox 1267 1448 1391 1530; x_wconf 67' lang='grc' dir='ltr'>ἔφη’</span> <span class='ocrx_word' id='word_1_101' title='bbox 1425 1452 1550 1527; x_wconf 78' lang='grc' dir='ltr'><strong>Οὐχ</strong></span> <span class='ocrx_word' id='word_1_102' title='bbox 1576 1453 1704 1527; x_wconf 78' lang='grc' dir='ltr'>ὁρᾷς</span> <span class='ocrx_word' id='word_1_103' title='bbox 1750 1452 1832 1507; x_wconf 83' lang='grc' dir='ltr'>ὃτι</span> <span class='ocrx_word' id='word_1_104' title='bbox 1862 1454 1962 1522; x_wconf 76' lang='grc' dir='ltr'>τὴν</span> 
     </span>
    </p>
   </div>
   <div class='ocr_carea' id='block_1_16' title="bbox 312 1540 1963 1620">
    <p class='ocr_par' dir='ltr' id='par_1_16' title="bbox 312 1540 1963 1620">
     <span class='ocr_line' id='line_1_16' title="bbox 312 1540 1963 1620; baseline -0.002 -22"><span class='ocrx_word' id='word_1_105' title='bbox 312 1543 543 1620; x_wconf 68' lang='grc' dir='ltr'>πληγὴν</span> <span class='ocrx_word' id='word_1_106' title='bbox 569 1548 666 1598; x_wconf 79' lang='grc' dir='ltr'>τοῦ</span> <span class='ocrx_word' id='word_1_107' title='bbox 694 1542 982 1617; x_wconf 86' lang='grc' dir='ltr'>τέμνοντος</span> <span class='ocrx_word' id='word_1_108' title='bbox 1026 1540 1253 1617; x_wconf 83' lang='grc' dir='ltr'>σιδήρου</span> <span class='ocrx_word' id='word_1_109' title='bbox 1307 1544 1342 1612; x_wconf 85' lang='grc' dir='ltr'><strong>ἡ</strong></span> <span class='ocrx_word' id='word_1_110' title='bbox 1394 1542 1546 1605; x_wconf 77' lang='grc' dir='ltr'>ἀκτὶς</span> <span class='ocrx_word' id='word_1_111' title='bbox 1596 1542 1790 1614; x_wconf 84' lang='grc' dir='ltr'>πρώτη</span> <span class='ocrx_word' id='word_1_112' title='bbox 1826 1542 1963 1596; x_wconf 85' lang='grc' dir='ltr'>ὑπο-</span> 
     </span>
    </p>
   </div>
   <div class='ocr_carea' id='block_1_17' title="bbox 315 1627 1963 1707">
    <p class='ocr_par' dir='ltr' id='par_1_17' title="bbox 315 1627 1963 1707">
     <span class='ocr_line' id='line_1_17' title="bbox 315 1627 1963 1707; baseline -0.002 -20"><span class='ocrx_word' id='word_1_113' title='bbox 315 1630 559 1707; x_wconf 75' lang='grc' dir='ltr'>δέχεται,</span> <span class='ocrx_word' id='word_1_114' title='bbox 589 1631 715 1707; x_wconf 83' lang='grc' dir='ltr'>πρὶν</span> <span class='ocrx_word' id='word_1_115' title='bbox 746 1632 782 1702; x_wconf 68' lang='grc' dir='ltr'>ἢ</span> <span class='ocrx_word' id='word_1_116' title='bbox 811 1632 874 1686; x_wconf 85' lang='grc' dir='ltr'><strong>τὸ</strong></span> <span class='ocrx_word' id='word_1_117' title='bbox 931 1631 1093 1702; x_wconf 78' lang='grc' dir='ltr'>ξύλον</span> <span class='ocrx_word' id='word_1_118' title='bbox 1155 1628 1548 1701; x_wconf 84' lang='grc' dir='ltr'>ὑποδέξασθαι;</span> <span class='ocrx_word' id='word_1_119' title='bbox 1580 1632 1644 1687; x_wconf 86' lang='grc' dir='ltr'><strong><em>Ἡ</em></strong></span> <span class='ocrx_word' id='word_1_120' title='bbox 1703 1627 1760 1684; x_wconf 73' lang='grc' dir='ltr'>δὲ</span> <span class='ocrx_word' id='word_1_121' title='bbox 1814 1627 1963 1702; x_wconf 88' lang='grc' dir='ltr'>λαμ-</span> 
     </span>
    </p>
   </div>
   <div class='ocr_carea' id='block_1_18' title="bbox 312 1714 1960 1793">
    <p class='ocr_par' dir='ltr' id='par_1_18' title="bbox 312 1714 1960 1793">
     <span class='ocr_line' id='line_1_18' title="bbox 312 1714 1960 1793; baseline -0.002 -19"><span class='ocrx_word' id='word_1_122' title='bbox 312 1718 507 1791; x_wconf 84' lang='grc' dir='ltr'>πηδὼν</span> <span class='ocrx_word' id='word_1_123' title='bbox 553 1720 730 1775; x_wconf 83' lang='grc' dir='ltr'>καίτοι</span> <span class='ocrx_word' id='word_1_124' title='bbox 780 1719 892 1775; x_wconf 78' lang='grc' dir='ltr'>ἐκεῖ</span> <span class='ocrx_word' id='word_1_125' title='bbox 937 1718 1070 1774; x_wconf 69' lang='grc' dir='ltr'>οὖσα</span> <span class='ocrx_word' id='word_1_126' title='bbox 1118 1720 1243 1774; x_wconf 78' lang='grc' dir='ltr'>οὗτε</span> <span class='ocrx_word' id='word_1_127' title='bbox 1286 1725 1568 1793; x_wconf 82' lang='grc' dir='ltr'><strong>τμηθῆναι</strong></span> <span class='ocrx_word' id='word_1_128' title='bbox 1618 1715 1741 1773; x_wconf 72' lang='grc' dir='ltr'>οὔτε</span> <span class='ocrx_word' id='word_1_129' title='bbox 1771 1714 1960 1772; x_wconf 76' lang='grc' dir='ltr'>διακο-</span> 
     </span>
    </p>
   </div>
   <div class='ocr_carea' id='block_1_19' title="bbox 310 1807 1961 1883">
    <p class='ocr_par' dir='ltr' id='par_1_19' title="bbox 310 1807 1961 1883">
     <span class='ocr_line' id='line_1_19' title="bbox 310 1807 1961 1883; baseline -0.002 -18"><span class='ocrx_word' id='word_1_130' title='bbox 310 1818 485 1881; x_wconf 87' lang='grc' dir='ltr'>πῆναι</span> <span class='ocrx_word' id='word_1_131' title='bbox 517 1809 758 1867; x_wconf 78' lang='grc' dir='ltr'>δύναται.</span> <span class='ocrx_word' id='word_1_132' title='bbox 792 1811 980 1873; x_wconf 73' lang='grc' dir='ltr'>Οὖτως</span> <span class='ocrx_word' id='word_1_133' title='bbox 1033 1809 1213 1865; x_wconf 77' lang='grc' dir='ltr'>τοίνυν</span> <span class='ocrx_word' id='word_1_134' title='bbox 1266 1810 1358 1864; x_wconf 87' lang='grc' dir='ltr'><strong>καὶ</strong></span> <span class='ocrx_word' id='word_1_135' title='bbox 1417 1812 1451 1878; x_wconf 92' lang='grc' dir='ltr'><strong>ἡ</strong></span> <span class='ocrx_word' id='word_1_136' title='bbox 1507 1807 1695 1879; x_wconf 80' lang='grc' dir='ltr'>θεότης</span> <span class='ocrx_word' id='word_1_137' title='bbox 1752 1807 1961 1883; x_wconf 78' lang='grc' dir='ltr'>ἀχώρι-</span> 
     </span>
    </p>
   </div>
   <div class='ocr_carea' id='block_1_20' title="bbox 312 1895 1958 1973">
    <p class='ocr_par' dir='ltr' id='par_1_20' title="bbox 312 1895 1958 1973">
     <span class='ocr_line' id='line_1_20' title="bbox 312 1895 1958 1973; baseline -0.002 -18"><span class='ocrx_word' id='word_1_138' title='bbox 312 1921 440 1962; x_wconf 91' lang='grc' dir='ltr'>στος</span> <span class='ocrx_word' id='word_1_139' title='bbox 469 1903 566 1955; x_wconf 81' lang='grc' dir='ltr'>τοῦ</span> <span class='ocrx_word' id='word_1_140' title='bbox 616 1898 977 1973; x_wconf 69' lang='grc' dir='ltr'>Ἐμμανουήλ</span> <span class='ocrx_word' id='word_1_141' title='bbox 1036 1899 1169 1953; x_wconf 78' lang='grc' dir='ltr'>οὖσα</span> <span class='ocrx_word' id='word_1_142' title='bbox 1220 1900 1406 1952; x_wconf 84' lang='grc' dir='ltr'>παθεῖν</span> <span class='ocrx_word' id='word_1_143' title='bbox 1459 1895 1496 1967; x_wconf 82' lang='grc' dir='ltr'>ἤ</span> <span class='ocrx_word' id='word_1_144' title='bbox 1553 1903 1829 1971; x_wconf 81' lang='grc' dir='ltr'><strong>τμηθῆναι</strong></span> <span class='ocrx_word' id='word_1_145' title='bbox 1860 1896 1958 1951; x_wconf 82' lang='grc' dir='ltr'><strong>οὐκ</strong></span> 
     </span>
    </p>
   </div>
   <div class='ocr_carea' id='block_1_21' title="bbox 309 1984 1955 2059">
    <p class='ocr_par' dir='ltr' id='par_1_21' title="bbox 309 1984 1955 2059">
     <span class='ocr_line' id='line_1_21' title="bbox 309 1984 1955 2059; baseline -0.002 -16"><span class='ocrx_word' id='word_1_146' title='bbox 309 1986 571 2059; x_wconf 65' lang='grc' dir='ltr'>ἠδύνατο.</span> <span class='ocrx_word' id='word_1_147' title='bbox 636 1991 806 2042; x_wconf 80' lang='grc' dir='ltr'>Τοῦτο</span> <span class='ocrx_word' id='word_1_148' title='bbox 882 1985 939 2041; x_wconf 75' lang='grc' dir='ltr'>δὶ</span> <span class='ocrx_word' id='word_1_149' title='bbox 1006 1986 1234 2041; x_wconf 84' lang='grc' dir='ltr'>ὑπέπεσε</span> <span class='ocrx_word' id='word_1_150' title='bbox 1304 1991 1383 2058; x_wconf 82' lang='grc' dir='ltr'><strong>τῷ</strong></span> <span class='ocrx_word' id='word_1_151' title='bbox 1455 1986 1612 2051; x_wconf 81' lang='grc' dir='ltr'>πάθει</span> <span class='ocrx_word' id='word_1_152' title='bbox 1690 1984 1720 2040; x_wconf 83' lang='lat'>6&#39;</span> <span class='ocrx_word' id='word_1_153' title='bbox 1792 1986 1955 2040; x_wconf 73' lang='grc' dir='ltr'>καθά-</span> 
     </span>
    </p>
   </div>
   <div class='ocr_carea' id='block_1_22' title="bbox 308 2072 1956 2151">
    <p class='ocr_par' dir='ltr' id='par_1_22' title="bbox 308 2072 1956 2151">
     <span class='ocr_line' id='line_1_22' title="bbox 308 2072 1956 2151; baseline -0.001 -18"><span class='ocrx_word' id='word_1_154' title='bbox 308 2099 411 2151; x_wconf 78' lang='grc' dir='ltr'><strong>περ</strong></span> <span class='ocrx_word' id='word_1_155' title='bbox 445 2078 508 2133; x_wconf 87' lang='grc' dir='ltr'><strong>τὸ</strong></span> <span class='ocrx_word' id='word_1_156' title='bbox 553 2078 713 2148; x_wconf 67' lang='grc' dir='ltr'>ξύλον</span> <span class='ocrx_word' id='word_1_157' title='bbox 771 2075 861 2131; x_wconf 81' lang='grc' dir='ltr'><strong>καὶ</strong></span> <span class='ocrx_word' id='word_1_158' title='bbox 919 2074 1137 2146; x_wconf 80' lang='grc' dir='ltr'>δεθῆναι</span> <span class='ocrx_word' id='word_1_159' title='bbox 1191 2074 1281 2131; x_wconf 79' lang='grc' dir='ltr'><strong>καὶ</strong></span> <span class='ocrx_word' id='word_1_160' title='bbox 1337 2081 1674 2150; x_wconf 87' lang='grc' dir='ltr'>κρατηθῆναι</span> <span class='ocrx_word' id='word_1_161' title='bbox 1700 2072 1956 2145; x_wconf 81' lang='grc' dir='ltr'>ἡδύνατο.</span> 
     </span>
    </p>
   </div>
   <div class='ocr_carea' id='block_1_23' title="bbox 311 2160 1957 2243">
    <p class='ocr_par' dir='ltr' id='par_1_23' title="bbox 311 2160 1957 2243">
     <span class='ocr_line' id='line_1_23' title="bbox 311 2160 1957 2243; baseline -0.002 -20"><span class='ocrx_word' id='word_1_162' title='bbox 311 2169 411 2224; x_wconf 71' lang='grc' dir='ltr'><strong>Διὰ</strong></span> <span class='ocrx_word' id='word_1_163' title='bbox 466 2169 569 2243; x_wconf 83' lang='grc' dir='ltr'><strong>γὰρ</strong></span> <span class='ocrx_word' id='word_1_164' title='bbox 629 2171 788 2223; x_wconf 78' lang='grc' dir='ltr'>τοῦτο</span> <span class='ocrx_word' id='word_1_165' title='bbox 845 2166 1173 2238; x_wconf 78' lang='grc' dir='ltr'><strong>κατηξίωσεν</strong></span> <span class='ocrx_word' id='word_1_166' title='bbox 1236 2166 1265 2220; x_wconf 91' lang='lat'><strong>6</strong></span> <span class='ocrx_word' id='word_1_167' title='bbox 1320 2165 1525 2240; x_wconf 80' lang='grc' dir='ltr'>Κύριος</span> <span class='ocrx_word' id='word_1_168' title='bbox 1584 2160 1957 2229; x_wconf 79' lang='grc' dir='ltr'>ἀπολαϐἐσθαι</span> 
     </span>
    </p>
   </div>
   <div class='ocr_carea' id='block_1_24' title="bbox 307 2250 1956 2336">
    <p class='ocr_par' dir='ltr' id='par_1_24' title="bbox 307 2250 1956 2336">
     <span class='ocr_line' id='line_1_24' title="bbox 307 2250 1956 2336; baseline -0.002 -24"><span class='ocrx_word' id='word_1_169' title='bbox 307 2257 482 2333; x_wconf 75' lang='grc' dir='ltr'>σάρκα</span> <span class='ocrx_word' id='word_1_170' title='bbox 511 2250 694 2312; x_wconf 83' lang='grc' dir='ltr'>ἔννουν</span> <span class='ocrx_word' id='word_1_171' title='bbox 722 2256 812 2311; x_wconf 82' lang='grc' dir='ltr'><strong>καὶ</strong></span> <span class='ocrx_word' id='word_1_172' title='bbox 844 2253 1095 2336; x_wconf 79' lang='grc' dir='ltr'>ἔμψυχον</span> <span class='ocrx_word' id='word_1_173' title='bbox 1133 2255 1192 2311; x_wconf 88' lang='grc' dir='ltr'><strong>ἐκ</strong></span> <span class='ocrx_word' id='word_1_174' title='bbox 1237 2259 1334 2310; x_wconf 78' lang='grc' dir='ltr'><strong>τοῦ</strong></span> <span class='ocrx_word' id='word_1_175' title='bbox 1382 2255 1656 2329; x_wconf 76' lang='grc' dir='ltr'>ἡμετέρου</span> <span class='ocrx_word' id='word_1_176' title='bbox 1705 2255 1956 2333; x_wconf 77' lang='grc' dir='ltr'>φυράμα-</span> 
     </span>
    </p>
   </div>
   <div class='ocr_carea' id='block_1_25' title="bbox 305 2343 1957 2420">
    <p class='ocr_par' dir='ltr' id='par_1_25' title="bbox 305 2343 1957 2420">
     <span class='ocr_line' id='line_1_25' title="bbox 305 2343 1957 2420; baseline -0.002 -20"><span class='ocrx_word' id='word_1_177' title='bbox 305 2367 424 2415; x_wconf 85' lang='grc' dir='ltr'>τος,</span> <span class='ocrx_word' id='word_1_178' title='bbox 452 2343 545 2399; x_wconf 81' lang='grc' dir='ltr'>’ίνα</span> <span class='ocrx_word' id='word_1_179' title='bbox 591 2344 884 2407; x_wconf 78' lang='grc' dir='ltr'>κοινωνοὺς</span> <span class='ocrx_word' id='word_1_180' title='bbox 942 2346 1090 2418; x_wconf 84' lang='grc' dir='ltr'>ἡμᾶς</span> <span class='ocrx_word' id='word_1_181' title='bbox 1149 2343 1290 2408; x_wconf 87' lang='grc' dir='ltr'>θείας</span> <span class='ocrx_word' id='word_1_182' title='bbox 1346 2343 1717 2420; x_wconf 83' lang='grc' dir='ltr'><strong>ἀπεργάσηται</strong></span> <span class='ocrx_word' id='word_1_183' title='bbox 1749 2343 1957 2420; x_wconf 77' lang='grc' dir='ltr'>φύσεως</span> 
     </span>
    </p>
   </div>
   <div class='ocr_carea' id='block_1_26' title="bbox 305 2430 1960 2512">
    <p class='ocr_par' dir='ltr' id='par_1_26' title="bbox 305 2430 1960 2512">
     <span class='ocr_line' id='line_1_26' title="bbox 305 2430 1960 2512; baseline -0.001 -23"><span class='ocrx_word' id='word_1_184' title='bbox 305 2436 401 2490; x_wconf 80' lang='grc' dir='ltr'><strong>καὶ</strong></span> <span class='ocrx_word' id='word_1_185' title='bbox 462 2434 636 2509; x_wconf 72' lang='grc' dir='ltr'>ἐνώσῃ</span> <span class='ocrx_word' id='word_1_186' title='bbox 693 2435 869 2506; x_wconf 74' lang='grc' dir='ltr'>ἐαυτῷ</span> <span class='ocrx_word' id='word_1_187' title='bbox 920 2435 1019 2501; x_wconf 84' lang='grc' dir='ltr'><strong>τήν</strong></span> <span class='ocrx_word' id='word_1_188' title='bbox 1073 2431 1342 2508; x_wconf 79' lang='grc' dir='ltr'><strong>ἡμετέραν</strong></span> <span class='ocrx_word' id='word_1_189' title='bbox 1403 2432 1582 2512; x_wconf 70' lang='grc' dir='ltr'>φύσιν.</span> <span class='ocrx_word' id='word_1_190' title='bbox 1636 2434 1871 2489; x_wconf 73' lang='grc' dir='ltr'>’Ἑνωσιν</span> <span class='ocrx_word' id='word_1_191' title='bbox 1903 2430 1960 2488; x_wconf 77' lang='grc' dir='ltr'>δὲ</span> 
     </span>
    </p>
   </div>
   <div class='ocr_carea' id='block_1_27' title="bbox 306 2519 1956 2600">
    <p class='ocr_par' dir='ltr' id='par_1_27' title="bbox 306 2519 1956 2600">
     <span class='ocr_line' id='line_1_27' title="bbox 306 2519 1956 2600; baseline -0.003 -21"><span class='ocrx_word' id='word_1_192' title='bbox 306 2524 460 2599; x_wconf 84' lang='grc' dir='ltr'>λέγω</span> <span class='ocrx_word' id='word_1_193' title='bbox 492 2523 804 2600; x_wconf 69' lang='grc' dir='ltr'>ἆσῦγχυτον</span> <span class='ocrx_word' id='word_1_194' title='bbox 843 2522 934 2577; x_wconf 78' lang='grc' dir='ltr'><strong>καὶ</strong></span> <span class='ocrx_word' id='word_1_195' title='bbox 994 2523 1254 2597; x_wconf 85' lang='grc' dir='ltr'>ἄτρεπτον</span> <span class='ocrx_word' id='word_1_196' title='bbox 1292 2522 1379 2576; x_wconf 81' lang='grc' dir='ltr'><strong>καὶ</strong></span> <span class='ocrx_word' id='word_1_197' title='bbox 1441 2519 1839 2591; x_wconf 83' lang='grc' dir='ltr'>ἀναλλοίωτον,</span> <span class='ocrx_word' id='word_1_198' title='bbox 1865 2522 1956 2576; x_wconf 83' lang='grc' dir='ltr'>καί</span> 
     </span>
    </p>
   </div>
   <div class='ocr_carea' id='block_1_28' title="bbox 304 2608 1959 2686">
    <p class='ocr_par' dir='ltr' id='par_1_28' title="bbox 304 2608 1959 2686">
     <span class='ocr_line' id='line_1_28' title="bbox 304 2608 1959 2686; baseline -0.001 -21"><span class='ocrx_word' id='word_1_199' title='bbox 304 2612 376 2682; x_wconf 77' lang='grc' dir='ltr'>ἥν</span> <span class='ocrx_word' id='word_1_200' title='bbox 434 2615 599 2686; x_wconf 74' lang='grc' dir='ltr'>μόνος</span> <span class='ocrx_word' id='word_1_201' title='bbox 655 2612 814 2673; x_wconf 83' lang='grc' dir='ltr'>αὐτὸς</span> <span class='ocrx_word' id='word_1_202' title='bbox 873 2610 1174 2666; x_wconf 90' lang='grc' dir='ltr'>ἐπίσταται.</span> <span class='ocrx_word' id='word_1_203' title='bbox 1222 2611 1568 2686; x_wconf 75' lang='grc' dir='ltr'>Ἀποκριθεὶς</span> <span class='ocrx_word' id='word_1_204' title='bbox 1624 2608 1683 2666; x_wconf 68' lang='grc' dir='ltr'>δὲ</span> <span class='ocrx_word' id='word_1_205' title='bbox 1741 2610 1959 2683; x_wconf 83' lang='grc' dir='ltr'>Σιμεὼν</span> 
     </span>
    </p>
   </div>
   <div class='ocr_carea' id='block_1_29' title="bbox 302 2699 1956 2777">
    <p class='ocr_par' dir='ltr' id='par_1_29' title="bbox 302 2699 1956 2777">
     <span class='ocr_line' id='line_1_29' title="bbox 302 2699 1956 2777; baseline -0.003 -18"><span class='ocrx_word' id='word_1_206' title='bbox 302 2704 476 2759; x_wconf 60' lang='grc' dir='ltr'>εἶπεν.</span> <span class='ocrx_word' id='word_1_207' title='bbox 535 2701 599 2759; x_wconf 76' lang='lat' dir='ltr'><strong>El</strong></span> <span class='ocrx_word' id='word_1_208' title='bbox 659 2703 781 2775; x_wconf 80' lang='grc' dir='ltr'>περί</span> <span class='ocrx_word' id='word_1_209' title='bbox 837 2705 933 2756; x_wconf 81' lang='grc' dir='ltr'>τοῦ</span> <span class='ocrx_word' id='word_1_210' title='bbox 992 2699 1254 2777; x_wconf 80' lang='grc' dir='ltr'>ὑμετέρου</span> <span class='ocrx_word' id='word_1_211' title='bbox 1309 2704 1545 2777; x_wconf 77' lang='grc' dir='ltr'>Χριστοῦ</span> <span class='ocrx_word' id='word_1_212' title='bbox 1595 2702 1647 2755; x_wconf 73' lang='grc' dir='ltr'>οἱ</span> <span class='ocrx_word' id='word_1_213' title='bbox 1694 2702 1956 2777; x_wconf 81' lang='grc' dir='ltr'>ἡμέτεροι</span> 
     </span>
    </p>
   </div>
   <div class='ocr_carea' id='block_1_30' title="bbox 300 2790 1955 2870">
    <p class='ocr_par' dir='ltr' id='par_1_30' title="bbox 300 2790 1955 2870">
     <span class='ocr_line' id='line_1_30' title="bbox 300 2790 1955 2870; baseline -0.002 -22"><span class='ocrx_word' id='word_1_214' title='bbox 300 2799 585 2870; x_wconf 72' lang='grc' dir='ltr'>προφῆται</span> <span class='ocrx_word' id='word_1_215' title='bbox 644 2792 1072 2869; x_wconf 73' lang='grc' dir='ltr'>προεφήτευσαν,</span> <span class='ocrx_word' id='word_1_216' title='bbox 1130 2791 1225 2853; x_wconf 75' lang='grc' dir='ltr'><strong>τὰς</strong></span> <span class='ocrx_word' id='word_1_217' title='bbox 1300 2790 1470 2852; x_wconf 80' lang='grc' dir='ltr'>αἰτίας</span> <span class='ocrx_word' id='word_1_218' title='bbox 1536 2796 1636 2860; x_wconf 87' lang='grc' dir='ltr'><strong>τῆς</strong></span> <span class='ocrx_word' id='word_1_219' title='bbox 1687 2791 1955 2860; x_wconf 82' lang='grc' dir='ltr'>τοσαύτης</span> 
     </span>
    </p>
   </div>
   <div class='ocr_carea' id='block_1_31' title="bbox 296 2878 1957 2958">
    <p class='ocr_par' dir='ltr' id='par_1_31' title="bbox 296 2878 1957 2958">
     <span class='ocr_line' id='line_1_31' title="bbox 296 2878 1957 2958; baseline -0.002 -21"><span class='ocrx_word' id='word_1_220' title='bbox 296 2878 534 2958; x_wconf 72' lang='grc' dir='ltr'>ὕϐρεως,</span> <span class='ocrx_word' id='word_1_221' title='bbox 594 2884 692 2937; x_wconf 78' lang='grc' dir='ltr'>τοῦ</span> <span class='ocrx_word' id='word_1_222' title='bbox 748 2879 1087 2955; x_wconf 81' lang='grc' dir='ltr'>ἐμπαιγμοῦ,</span> <span class='ocrx_word' id='word_1_223' title='bbox 1146 2885 1242 2936; x_wconf 76' lang='grc' dir='ltr'>τοῦ</span> <span class='ocrx_word' id='word_1_224' title='bbox 1300 2879 1503 2943; x_wconf 79' lang='grc' dir='ltr'>πάθους</span> <span class='ocrx_word' id='word_1_225' title='bbox 1569 2879 1802 2935; x_wconf 78' lang='grc' dir='ltr'>καὶτοῦ</span> <span class='ocrx_word' id='word_1_226' title='bbox 1861 2890 1957 2943; x_wconf 88' lang='grc' dir='ltr'>θα-</span> 
     </span>
    </p>
   </div>
   <div class='ocr_carea' id='block_1_32' title="bbox 291 2967 1955 3047">
    <p class='ocr_par' dir='ltr' id='par_1_32' title="bbox 291 2967 1955 3047">
     <span class='ocr_line' id='line_1_32' title="bbox 291 2967 1955 3047; baseline -0.002 -19"><span class='ocrx_word' id='word_1_227' title='bbox 291 2972 456 3028; x_wconf 68' lang='grc' dir='ltr'>νάτου</span> <span class='ocrx_word' id='word_1_228' title='bbox 518 2967 875 3044; x_wconf 75' lang='grc' dir='ltr'>διασάφησον,</span> <span class='ocrx_word' id='word_1_229' title='bbox 933 2971 1023 3025; x_wconf 84' lang='grc' dir='ltr'>ἳνα</span> <span class='ocrx_word' id='word_1_230' title='bbox 1085 2974 1275 3025; x_wconf 76' lang='grc' dir='ltr'>τοῦτον</span> <span class='ocrx_word' id='word_1_231' title='bbox 1340 2971 1474 3025; x_wconf 81' lang='grc' dir='ltr'>εἶναι</span> <span class='ocrx_word' id='word_1_232' title='bbox 1531 2969 1623 3025; x_wconf 79' lang='grc' dir='ltr'><strong>τὸν</strong></span> <span class='ocrx_word' id='word_1_233' title='bbox 1685 2969 1955 3047; x_wconf 80' lang='grc' dir='ltr'>ἐπηγγελ-</span> 
     </span>
    </p>
   </div>
   <div class='ocr_carea' id='block_1_33' title="bbox 300 3054 1950 3135">
    <p class='ocr_par' dir='ltr' id='par_1_33' title="bbox 300 3054 1950 3135">
     <span class='ocr_line' id='line_1_33' title="bbox 300 3054 1950 3135; baseline -0.001 -20"><span class='ocrx_word' id='word_1_234' title='bbox 300 3060 455 3133; x_wconf 87' lang='grc' dir='ltr'>μένον</span> <span class='ocrx_word' id='word_1_235' title='bbox 489 3058 730 3135; x_wconf 87' lang='grc' dir='ltr'>Χριστὸν</span> <span class='ocrx_word' id='word_1_236' title='bbox 786 3058 877 3113; x_wconf 80' lang='grc' dir='ltr'><strong>καὶ</strong></span> <span class='ocrx_word' id='word_1_237' title='bbox 929 3059 1094 3132; x_wconf 89' lang='grc' dir='ltr'>ἡμεῖς</span> <span class='ocrx_word' id='word_1_238' title='bbox 1135 3054 1250 3131; x_wconf 76' lang='grc' dir='ltr'><strong>ἅμα</strong></span> <span class='ocrx_word' id='word_1_239' title='bbox 1307 3058 1437 3132; x_wconf 81' lang='grc' dir='ltr'>ὑμῖν</span> <span class='ocrx_word' id='word_1_240' title='bbox 1485 3058 1950 3132; x_wconf 81' lang='grc' dir='ltr'>ὁμολογήσωμεν.</span> 
     </span>
    </p>
   </div>
   <div class='ocr_carea' id='block_1_34' title="bbox 295 3142 1954 3227">
    <p class='ocr_par' dir='ltr' id='par_1_34' title="bbox 295 3142 1954 3227">
     <span class='ocr_line' id='line_1_34' title="bbox 295 3142 1954 3227; baseline -0.001 -25"><span class='ocrx_word' id='word_1_241' title='bbox 295 3151 354 3202; x_wconf 83' lang='lat'><strong>&#39;0</strong></span> <span class='ocrx_word' id='word_1_242' title='bbox 411 3149 572 3227; x_wconf 78' lang='grc' dir='ltr'>’ἅγιος</span> <span class='ocrx_word' id='word_1_243' title='bbox 630 3142 969 3222; x_wconf 85' lang='grc' dir='ltr'>Σίλϐεστρος</span> <span class='ocrx_word' id='word_1_244' title='bbox 1028 3145 1151 3227; x_wconf 72' lang='grc' dir='ltr'>ἔφη’</span> <span class='ocrx_word' id='word_1_245' title='bbox 1209 3149 1296 3219; x_wconf 81' lang='grc' dir='ltr'>Ἐξ</span> <span class='ocrx_word' id='word_1_246' title='bbox 1354 3147 1533 3222; x_wconf 86' lang='grc' dir='ltr'>ἀρχῆς</span> <span class='ocrx_word' id='word_1_247' title='bbox 1588 3152 1686 3202; x_wconf 78' lang='grc' dir='ltr'>τοῦ</span> <span class='ocrx_word' id='word_1_248' title='bbox 1735 3147 1954 3217; x_wconf 81' lang='grc' dir='ltr'>αἰῶνος,</span> 
     </span>
    </p>
   </div>
   <div class='ocr_carea' id='block_1_35' title="bbox 304 3230 1951 3315">
    <p class='ocr_par' dir='ltr' id='par_1_35' title="bbox 304 3230 1951 3315">
     <span class='ocr_line' id='line_1_35' title="bbox 304 3230 1951 3315; baseline -0.001 -24"><span class='ocrx_word' id='word_1_249' title='bbox 304 3237 393 3314; x_wconf 46' lang='grc' dir='ltr'><strong>ἄρ’</strong></span> <span class='ocrx_word' id='word_1_250' title='bbox 428 3237 487 3291; x_wconf 77' lang='grc' dir='ltr'>οὗ</span> <span class='ocrx_word' id='word_1_251' title='bbox 516 3236 793 3313; x_wconf 71' lang='grc' dir='ltr'>ἅνθρωπος</span> <span class='ocrx_word' id='word_1_252' title='bbox 850 3236 911 3291; x_wconf 85' lang='grc' dir='ltr'><strong>ἐκ</strong></span> <span class='ocrx_word' id='word_1_253' title='bbox 953 3239 1050 3291; x_wconf 77' lang='grc' dir='ltr'>τοῦ</span> <span class='ocrx_word' id='word_1_254' title='bbox 1106 3233 1435 3311; x_wconf 84' lang='grc' dir='ltr'>παραδείσου</span> <span class='ocrx_word' id='word_1_255' title='bbox 1470 3234 1655 3315; x_wconf 75' lang='grc' dir='ltr'>φθόνῳ</span> <span class='ocrx_word' id='word_1_256' title='bbox 1687 3230 1951 3290; x_wconf 84' lang='grc' dir='ltr'>διαϐόλου</span> 
     </span>
    </p>
   </div>
   <div class='ocr_carea' id='block_1_36' title="bbox 2082 653 3737 728">
    <p class='ocr_par' dir='ltr' id='par_1_36' title="bbox 2082 653 3737 728">
     <span class='ocr_line' id='line_1_36' title="bbox 2082 653 3737 728; baseline 0 -17"><span class='ocrx_word' id='word_1_257' title='bbox 2082 656 2303 711; x_wconf 90' lang='lat' dir='ltr'><strong>unione</strong></span> <span class='ocrx_word' id='word_1_258' title='bbox 2335 653 2676 711; x_wconf 82' lang='lat' dir='ltr'><strong>constrictis</strong></span> <span class='ocrx_word' id='word_1_259' title='bbox 2702 655 2951 711; x_wconf 89' lang='lat' dir='ltr'><strong>alteram</strong></span> <span class='ocrx_word' id='word_1_260' title='bbox 2983 655 3276 727; x_wconf 90' lang='lat' dir='ltr'><strong>supplicio</strong></span> <span class='ocrx_word' id='word_1_261' title='bbox 3306 655 3737 728; x_wconf 86' lang='lat' dir='ltr'><strong>subjici,altera</strong></span> 
     </span>
    </p>
   </div>
   <div class='ocr_carea' id='block_1_37' title="bbox 2079 743 3733 815">
    <p class='ocr_par' dir='ltr' id='par_1_37' title="bbox 2079 743 3733 815">
     <span class='ocr_line' id='line_1_37' title="bbox 2079 743 3733 815; baseline 0.001 -17"><span class='ocrx_word' id='word_1_262' title='bbox 2079 744 2139 799; x_wconf 91' lang='lat' dir='ltr'>id</span> <span class='ocrx_word' id='word_1_263' title='bbox 2196 744 2532 815; x_wconf 74' lang='lat' dir='ltr'><strong>etfugiente.</strong></span> <span class='ocrx_word' id='word_1_264' title='bbox 2594 743 2874 799; x_wconf 72' lang='lat' dir='ltr'><strong>Hebraeus</strong></span> <span class='ocrx_word' id='word_1_265' title='bbox 2930 744 3116 799; x_wconf 90' lang='lat' dir='ltr'><strong>dixit:</strong></span> <span class='ocrx_word' id='word_1_266' title='bbox 3179 744 3529 800; x_wconf 77' lang='lat' dir='ltr'><strong>Persuaderi</strong></span> <span class='ocrx_word' id='word_1_267' title='bbox 3583 746 3733 801; x_wconf 90' lang='lat' dir='ltr'><strong>mihi</strong></span> 
     </span>
    </p>
   </div>
   <div class='ocr_carea' id='block_1_38' title="bbox 2081 833 3731 905">
    <p class='ocr_par' dir='ltr' id='par_1_38' title="bbox 2081 833 3731 905">
     <span class='ocr_line' id='line_1_38' title="bbox 2081 833 3731 905; baseline 0.001 -17"><span class='ocrx_word' id='word_1_268' title='bbox 2081 834 2246 889; x_wconf 90' lang='lat' dir='ltr'><strong>nullo</strong></span> <span class='ocrx_word' id='word_1_269' title='bbox 2305 833 2482 889; x_wconf 90' lang='lat' dir='ltr'><strong>modo</strong></span> <span class='ocrx_word' id='word_1_270' title='bbox 2531 837 2746 905; x_wconf 83' lang='lat' dir='ltr'><strong>potest,</strong></span> <span class='ocrx_word' id='word_1_271' title='bbox 2808 835 2869 887; x_wconf 89' lang='lat' dir='ltr'><strong>in</strong></span> <span class='ocrx_word' id='word_1_272' title='bbox 2926 849 3048 888; x_wconf 90' lang='lat' dir='ltr'><strong>uno</strong></span> <span class='ocrx_word' id='word_1_273' title='bbox 3108 849 3238 888; x_wconf 91' lang='lat' dir='ltr'><strong>esse</strong></span> <span class='ocrx_word' id='word_1_274' title='bbox 3286 834 3401 889; x_wconf 92' lang='lat' dir='ltr'><strong>duo</strong></span> <span class='ocrx_word' id='word_1_275' title='bbox 3432 834 3731 905; x_wconf 69' lang='lat' dir='ltr'><strong>quaedam,</strong></span> 
     </span>
    </p>
   </div>
   <div class='ocr_carea' id='block_1_39' title="bbox 2078 922 3735 995">
    <p class='ocr_par' dir='ltr' id='par_1_39' title="bbox 2078 922 3735 995">
     <span class='ocr_line' id='line_1_39' title="bbox 2078 922 3735 995; baseline 0.001 -17"><span class='ocrx_word' id='word_1_276' title='bbox 2078 923 2295 994; x_wconf 88' lang='lat' dir='ltr'><strong>quibus</strong></span> <span class='ocrx_word' id='word_1_277' title='bbox 2334 922 2514 978; x_wconf 86' lang='lat' dir='ltr'>simul</span> <span class='ocrx_word' id='word_1_278' title='bbox 2560 922 2900 978; x_wconf 83' lang='lat' dir='ltr'><strong>constrictis</strong></span> <span class='ocrx_word' id='word_1_279' title='bbox 2952 929 3129 993; x_wconf 86' lang='lat' dir='ltr'><strong>atque</strong></span> <span class='ocrx_word' id='word_1_280' title='bbox 3176 922 3407 994; x_wconf 86' lang='lat' dir='ltr'><strong>aliquid</strong></span> <span class='ocrx_word' id='word_1_281' title='bbox 3452 926 3735 995; x_wconf 89' lang='lat' dir='ltr'><strong>patienti-</strong></span> 
     </span>
    </p>
   </div>
   <div class='ocr_carea' id='block_1_40' title="bbox 2076 1011 3733 1070">
    <p class='ocr_par' dir='ltr' id='par_1_40' title="bbox 2076 1011 3733 1070">
     <span class='ocr_line' id='line_1_40' title="bbox 2076 1011 3733 1070; baseline 0.002 -3"><span class='ocrx_word' id='word_1_282' title='bbox 2076 1011 2187 1067; x_wconf 87' lang='lat' dir='ltr'><strong>bus</strong></span> <span class='ocrx_word' id='word_1_283' title='bbox 2243 1012 2497 1067; x_wconf 88' lang='lat' dir='ltr'><strong>alterum</strong></span> <span class='ocrx_word' id='word_1_284' title='bbox 2544 1016 2959 1067; x_wconf 80' lang='lat' dir='ltr'><strong>tantummodo</strong></span> <span class='ocrx_word' id='word_1_285' title='bbox 3042 1012 3197 1068; x_wconf 88' lang='lat' dir='ltr'><strong>male</strong></span> <span class='ocrx_word' id='word_1_286' title='bbox 3262 1017 3565 1070; x_wconf 87' lang='lat' dir='ltr'><strong>tractetur.</strong></span> <span class='ocrx_word' id='word_1_287' title='bbox 3626 1015 3733 1070; x_wconf 87' lang='lat' dir='ltr'><strong>Sil-</strong></span> 
     </span>
    </p>
   </div>
   <div class='ocr_carea' id='block_1_41' title="bbox 2075 1100 3728 1171">
    <p class='ocr_par' dir='ltr' id='par_1_41' title="bbox 2075 1100 3728 1171">
     <span class='ocr_line' id='line_1_41' title="bbox 2075 1100 3728 1171; baseline 0.002 -15"><span class='ocrx_word' id='word_1_288' title='bbox 2075 1107 2306 1156; x_wconf 87' lang='lat' dir='ltr'><strong>vester:</strong></span> <span class='ocrx_word' id='word_1_289' title='bbox 2364 1100 2538 1166; x_wconf 82' lang='lat' dir='ltr'><strong>Audi,</strong></span> <span class='ocrx_word' id='word_1_290' title='bbox 2598 1101 2860 1156; x_wconf 75' lang='lat' dir='ltr'><strong>Hebrme.</strong></span> <span class='ocrx_word' id='word_1_291' title='bbox 2933 1103 3212 1157; x_wconf 79' lang='lat' dir='ltr'><strong>Potestne</strong></span> <span class='ocrx_word' id='word_1_292' title='bbox 3281 1101 3459 1157; x_wconf 88' lang='lat' dir='ltr'><strong>arbor</strong></span> <span class='ocrx_word' id='word_1_293' title='bbox 3513 1104 3728 1171; x_wconf 88' lang='lat' dir='ltr'><strong>scindi,</strong></span> 
     </span>
    </p>
   </div>
   <div class='ocr_carea' id='block_1_42' title="bbox 2076 1190 3727 1262">
    <p class='ocr_par' dir='ltr' id='par_1_42' title="bbox 2076 1190 3727 1262">
     <span class='ocr_line' id='line_1_42' title="bbox 2076 1190 3727 1262; baseline 0.002 -16"><span class='ocrx_word' id='word_1_294' title='bbox 2076 1192 2137 1247; x_wconf 91' lang='lat' dir='ltr'><strong>in</strong></span> <span class='ocrx_word' id='word_1_295' title='bbox 2169 1209 2346 1262; x_wconf 87' lang='lat' dir='ltr'><strong>quam</strong></span> <span class='ocrx_word' id='word_1_296' title='bbox 2378 1192 2521 1247; x_wconf 91' lang='lat' dir='ltr'><strong>solis</strong></span> <span class='ocrx_word' id='word_1_297' title='bbox 2550 1191 2701 1246; x_wconf 83' lang='lat' dir='ltr'>radii</span> <span class='ocrx_word' id='word_1_298' title='bbox 2732 1190 3044 1247; x_wconf 79' lang='lat' dir='ltr'><strong>incidunt?</strong></span> <span class='ocrx_word' id='word_1_299' title='bbox 3090 1192 3342 1246; x_wconf 89' lang='lat' dir='ltr'><strong>Tharras</strong></span> <span class='ocrx_word' id='word_1_300' title='bbox 3371 1192 3473 1258; x_wconf 90' lang='lat' dir='ltr'><strong>ait,</strong></span> <span class='ocrx_word' id='word_1_301' title='bbox 3506 1193 3727 1249; x_wconf 85' lang='lat' dir='ltr'><strong>Potest.</strong></span> 
     </span>
    </p>
   </div>
   <div class='ocr_carea' id='block_1_43' title="bbox 2075 1279 3726 1337">
    <p class='ocr_par' dir='ltr' id='par_1_43' title="bbox 2075 1279 3726 1337">
     <span class='ocr_line' id='line_1_43' title="bbox 2075 1279 3726 1337; baseline 0.001 -1"><span class='ocrx_word' id='word_1_302' title='bbox 2075 1281 2389 1337; x_wconf 88' lang='lat' dir='ltr'><strong>Silvester:</strong></span> <span class='ocrx_word' id='word_1_303' title='bbox 2422 1281 2678 1337; x_wconf 87' lang='lat' dir='ltr'><strong>Ostende</strong></span> <span class='ocrx_word' id='word_1_304' title='bbox 2710 1279 2856 1335; x_wconf 87' lang='lat' dir='ltr'><strong>mihi</strong></span> <span class='ocrx_word' id='word_1_305' title='bbox 2882 1280 2985 1335; x_wconf 90' lang='lat' dir='ltr'><strong>ubi</strong></span> <span class='ocrx_word' id='word_1_306' title='bbox 3016 1279 3218 1335; x_wconf 83' lang='lat' dir='ltr'><strong>radius</strong></span> <span class='ocrx_word' id='word_1_307' title='bbox 3250 1280 3394 1335; x_wconf 89' lang='lat' dir='ltr'><strong>solis</strong></span> <span class='ocrx_word' id='word_1_308' title='bbox 3429 1279 3726 1337; x_wconf 81' lang='lat' dir='ltr'>abscissus</span> 
     </span>
    </p>
   </div>
   <div class='ocr_carea' id='block_1_44' title="bbox 2076 1369 3728 1440">
    <p class='ocr_par' dir='ltr' id='par_1_44' title="bbox 2076 1369 3728 1440">
     <span class='ocr_line' id='line_1_44' title="bbox 2076 1369 3728 1440; baseline 0 -15"><span class='ocrx_word' id='word_1_309' title='bbox 2076 1371 2172 1440; x_wconf 90' lang='lat' dir='ltr'><strong>sit,</strong></span> <span class='ocrx_word' id='word_1_310' title='bbox 2221 1371 2362 1425; x_wconf 87' lang='lat' dir='ltr'><strong>dum</strong></span> <span class='ocrx_word' id='word_1_311' title='bbox 2420 1370 2598 1426; x_wconf 88' lang='lat' dir='ltr'><strong>arbor</strong></span> <span class='ocrx_word' id='word_1_312' title='bbox 2651 1370 3001 1425; x_wconf 82' lang='lat' dir='ltr'><strong>secaretur?</strong></span> <span class='ocrx_word' id='word_1_313' title='bbox 3055 1370 3270 1424; x_wconf 88' lang='lat' dir='ltr'><strong>silente</strong></span> <span class='ocrx_word' id='word_1_314' title='bbox 3326 1369 3546 1424; x_wconf 87' lang='lat' dir='ltr'><strong>Tharra</strong></span> <span class='ocrx_word' id='word_1_315' title='bbox 3599 1370 3728 1426; x_wconf 74' lang='lat' dir='ltr'><strong>llth</strong></span> 
     </span>
    </p>
   </div>
   <div class='ocr_carea' id='block_1_45' title="bbox 2074 1458 3728 1530">
    <p class='ocr_par' dir='ltr' id='par_1_45' title="bbox 2074 1458 3728 1530">
     <span class='ocr_line' id='line_1_45' title="bbox 2074 1458 3728 1530; baseline -0.002 -14"><span class='ocrx_word' id='word_1_316' title='bbox 2074 1460 2341 1516; x_wconf 84' lang='lat' dir='ltr'>addidit:</span> <span class='ocrx_word' id='word_1_317' title='bbox 2374 1461 2580 1515; x_wconf 87' lang='lat' dir='ltr'><strong>Nonne</strong></span> <span class='ocrx_word' id='word_1_318' title='bbox 2611 1459 2772 1514; x_wconf 85' lang='lat' dir='ltr'><strong>vides</strong></span> <span class='ocrx_word' id='word_1_319' title='bbox 2830 1460 3011 1513; x_wconf 86' lang='lat' dir='ltr'><strong>ictum</strong></span> <span class='ocrx_word' id='word_1_320' title='bbox 3072 1459 3401 1514; x_wconf 88' lang='lat' dir='ltr'><strong>scindentis</strong></span> <span class='ocrx_word' id='word_1_321' title='bbox 3430 1458 3571 1513; x_wconf 79' lang='lat' dir='ltr'><strong>ferri</strong></span> <span class='ocrx_word' id='word_1_322' title='bbox 3603 1459 3728 1530; x_wconf 88' lang='lat' dir='ltr'><strong>pri-</strong></span> 
     </span>
    </p>
   </div>
   <div class='ocr_carea' id='block_1_46' title="bbox 2072 1547 3725 1620">
    <p class='ocr_par' dir='ltr' id='par_1_46' title="bbox 2072 1547 3725 1620">
     <span class='ocr_line' id='line_1_46' title="bbox 2072 1547 3725 1620; baseline -0.001 -15"><span class='ocrx_word' id='word_1_323' title='bbox 2072 1565 2235 1605; x_wconf 92' lang='lat' dir='ltr'><strong>mum</strong></span> <span class='ocrx_word' id='word_1_324' title='bbox 2267 1564 2300 1604; x_wconf 78' lang='grc' dir='ltr'><strong>ο.</strong></span> <span class='ocrx_word' id='word_1_325' title='bbox 2328 1549 2492 1603; x_wconf 88' lang='lat' dir='ltr'><strong>radio</strong></span> <span class='ocrx_word' id='word_1_326' title='bbox 2523 1547 2736 1619; x_wconf 85' lang='lat' dir='ltr'><strong>excipi,</strong></span> <span class='ocrx_word' id='word_1_327' title='bbox 2768 1554 3090 1619; x_wconf 87' lang='lat' dir='ltr'><strong>antequam</strong></span> <span class='ocrx_word' id='word_1_328' title='bbox 3120 1548 3171 1603; x_wconf 91' lang='lat' dir='ltr'><strong>is</strong></span> <span class='ocrx_word' id='word_1_329' title='bbox 3210 1549 3361 1603; x_wconf 91' lang='lat' dir='ltr'><strong>ictus</strong></span> <span class='ocrx_word' id='word_1_330' title='bbox 3392 1547 3466 1603; x_wconf 91' lang='lat' dir='ltr'><strong>ad</strong></span> <span class='ocrx_word' id='word_1_331' title='bbox 3496 1548 3725 1620; x_wconf 82' lang='lat' dir='ltr'><strong>lignum</strong></span> 
     </span>
    </p>
   </div>
   <div class='ocr_carea' id='block_1_47' title="bbox 2070 1636 3724 1711">
    <p class='ocr_par' dir='ltr' id='par_1_47' title="bbox 2070 1636 3724 1711">
     <span class='ocr_line' id='line_1_47' title="bbox 2070 1636 3724 1711; baseline 0 -18"><span class='ocrx_word' id='word_1_332' title='bbox 2070 1639 2412 1711; x_wconf 79' lang='lat' dir='ltr'><strong>pertingat‘?</strong></span> <span class='ocrx_word' id='word_1_333' title='bbox 2468 1640 2533 1693; x_wconf 89' lang='lat' dir='ltr'><strong>Et</strong></span> <span class='ocrx_word' id='word_1_334' title='bbox 2590 1643 2789 1693; x_wconf 89' lang='lat' dir='ltr'><strong>tamen</strong></span> <span class='ocrx_word' id='word_1_335' title='bbox 2846 1637 3037 1710; x_wconf 79' lang='lat' dir='ltr'><strong>fulgor</strong></span> <span class='ocrx_word' id='word_1_336' title='bbox 3085 1638 3187 1709; x_wconf 88' lang='lat' dir='ltr'><strong>qui</strong></span> <span class='ocrx_word' id='word_1_337' title='bbox 3250 1636 3333 1691; x_wconf 87' lang='lat' dir='ltr'><strong>ibi</strong></span> <span class='ocrx_word' id='word_1_338' title='bbox 3366 1642 3475 1702; x_wconf 92' lang='lat' dir='ltr'><strong>est,</strong></span> <span class='ocrx_word' id='word_1_339' title='bbox 3528 1653 3724 1708; x_wconf 88' lang='lat' dir='ltr'><strong>neque</strong></span> 
     </span>
    </p>
   </div>
   <div class='ocr_carea' id='block_1_48' title="bbox 2070 1725 3719 1798">
    <p class='ocr_par' dir='ltr' id='par_1_48' title="bbox 2070 1725 3719 1798">
     <span class='ocr_line' id='line_1_48' title="bbox 2070 1725 3719 1798; baseline -0.001 -16"><span class='ocrx_word' id='word_1_340' title='bbox 2070 1727 2258 1783; x_wconf 86' lang='lat' dir='ltr'><strong>secari</strong></span> <span class='ocrx_word' id='word_1_341' title='bbox 2289 1742 2482 1798; x_wconf 90' lang='lat' dir='ltr'><strong>neque</strong></span> <span class='ocrx_word' id='word_1_342' title='bbox 2513 1726 2703 1781; x_wconf 85' lang='lat' dir='ltr'><strong>scindi</strong></span> <span class='ocrx_word' id='word_1_343' title='bbox 2730 1732 2945 1798; x_wconf 86' lang='lat' dir='ltr'><strong>potest.</strong></span> <span class='ocrx_word' id='word_1_344' title='bbox 2989 1725 3082 1781; x_wconf 87' lang='lat' dir='ltr'><strong>Sic</strong></span> <span class='ocrx_word' id='word_1_345' title='bbox 3131 1731 3189 1781; x_wconf 88' lang='lat' dir='ltr'><strong>et</strong></span> <span class='ocrx_word' id='word_1_346' title='bbox 3235 1725 3432 1782; x_wconf 84' lang='lat' dir='ltr'><strong>Deitas</strong></span> <span class='ocrx_word' id='word_1_347' title='bbox 3478 1742 3616 1781; x_wconf 90' lang='lat' dir='ltr'><strong>eum</strong></span> <span class='ocrx_word' id='word_1_348' title='bbox 3646 1725 3719 1781; x_wconf 90' lang='lat' dir='ltr'><strong>ab</strong></span> 
     </span>
    </p>
   </div>
   <div class='ocr_carea' id='block_1_49' title="bbox 2068 1815 3721 1887">
    <p class='ocr_par' dir='ltr' id='par_1_49' title="bbox 2068 1815 3721 1887">
     <span class='ocr_line' id='line_1_49' title="bbox 2068 1815 3721 1887; baseline 0.001 -18"><span class='ocrx_word' id='word_1_349' title='bbox 2068 1816 2453 1870; x_wconf 87' lang='lat' dir='ltr'><strong>Emmanuele</strong></span> <span class='ocrx_word' id='word_1_350' title='bbox 2511 1815 2713 1870; x_wconf 89' lang='lat' dir='ltr'><strong>divelli</strong></span> <span class='ocrx_word' id='word_1_351' title='bbox 2766 1831 2889 1870; x_wconf 91' lang='lat' dir='ltr'><strong>non</strong></span> <span class='ocrx_word' id='word_1_352' title='bbox 2945 1815 3153 1887; x_wconf 87' lang='lat' dir='ltr'><strong>possit,</strong></span> <span class='ocrx_word' id='word_1_353' title='bbox 3213 1816 3336 1886; x_wconf 89' lang='lat' dir='ltr'><strong>pati</strong></span> <span class='ocrx_word' id='word_1_354' title='bbox 3384 1820 3585 1870; x_wconf 86' lang='lat' dir='ltr'><strong>tamen</strong></span> <span class='ocrx_word' id='word_1_355' title='bbox 3617 1820 3721 1871; x_wconf 90' lang='lat' dir='ltr'><strong>aut</strong></span> 
     </span>
    </p>
   </div>
   <div class='ocr_carea' id='block_1_50' title="bbox 2068 1905 3716 1976">
    <p class='ocr_par' dir='ltr' id='par_1_50' title="bbox 2068 1905 3716 1976">
     <span class='ocr_line' id='line_1_50' title="bbox 2068 1905 3716 1976; baseline 0 -15"><span class='ocrx_word' id='word_1_356' title='bbox 2068 1905 2257 1961; x_wconf 90' lang='lat' dir='ltr'><strong>scindi</strong></span> <span class='ocrx_word' id='word_1_357' title='bbox 2302 1906 2528 1975; x_wconf 88' lang='lat' dir='ltr'><strong>nequit.</strong></span> <span class='ocrx_word' id='word_1_358' title='bbox 2582 1906 2645 1960; x_wconf 92' lang='lat' dir='ltr'>Id</span> <span class='ocrx_word' id='word_1_359' title='bbox 2692 1906 2866 1961; x_wconf 89' lang='lat' dir='ltr'><strong>modo</strong></span> <span class='ocrx_word' id='word_1_360' title='bbox 2915 1905 3401 1976; x_wconf 90' lang='lat' dir='ltr'><strong>perpessionibus</strong></span> <span class='ocrx_word' id='word_1_361' title='bbox 3432 1907 3500 1961; x_wconf 82' lang='lat' dir='ltr'><strong>ﬁt</strong></span> <span class='ocrx_word' id='word_1_362' title='bbox 3528 1906 3716 1961; x_wconf 86' lang='lat' dir='ltr'><strong>obno-</strong></span> 
     </span>
    </p>
   </div>
   <div class='ocr_carea' id='block_1_51' title="bbox 2065 1994 3716 2066">
    <p class='ocr_par' dir='ltr' id='par_1_51' title="bbox 2065 1994 3716 2066">
     <span class='ocr_line' id='line_1_51' title="bbox 2065 1994 3716 2066; baseline -0.001 -17"><span class='ocrx_word' id='word_1_363' title='bbox 2065 1996 2250 2063; x_wconf 90' lang='lat' dir='ltr'><strong>xium,</strong></span> <span class='ocrx_word' id='word_1_364' title='bbox 2308 1994 2467 2063; x_wconf 85' lang='lat' dir='ltr'><strong>quod</strong></span> <span class='ocrx_word' id='word_1_365' title='bbox 2519 1995 2707 2048; x_wconf 86' lang='lat' dir='ltr'><strong>instar</strong></span> <span class='ocrx_word' id='word_1_366' title='bbox 2757 1994 2902 2066; x_wconf 82' lang='lat' dir='ltr'><strong>ligni</strong></span> <span class='ocrx_word' id='word_1_367' title='bbox 2955 1994 3124 2049; x_wconf 89' lang='lat' dir='ltr'><strong>istius</strong></span> <span class='ocrx_word' id='word_1_368' title='bbox 3181 1994 3607 2064; x_wconf 87' lang='lat' dir='ltr'><strong>comprehendi</strong></span> <span class='ocrx_word' id='word_1_369' title='bbox 3656 1999 3716 2049; x_wconf 92' lang='lat' dir='ltr'><strong>et</strong></span> 
     </span>
    </p>
   </div>
   <div class='ocr_carea' id='block_1_52' title="bbox 2064 2083 3715 2155">
    <p class='ocr_par' dir='ltr' id='par_1_52' title="bbox 2064 2083 3715 2155">
     <span class='ocr_line' id='line_1_52' title="bbox 2064 2083 3715 2155; baseline 0 -16"><span class='ocrx_word' id='word_1_370' title='bbox 2064 2083 2271 2139; x_wconf 84' lang='lat' dir='ltr'><strong>vinciri</strong></span> <span class='ocrx_word' id='word_1_371' title='bbox 2302 2087 2515 2155; x_wconf 86' lang='lat' dir='ltr'><strong>potest,</strong></span> <span class='ocrx_word' id='word_1_372' title='bbox 2575 2084 2798 2138; x_wconf 89' lang='lat' dir='ltr'><strong>Idcirco</strong></span> <span class='ocrx_word' id='word_1_373' title='bbox 2855 2083 3017 2138; x_wconf 89' lang='lat' dir='ltr'><strong>enim</strong></span> <span class='ocrx_word' id='word_1_374' title='bbox 3073 2083 3351 2155; x_wconf 90' lang='lat' dir='ltr'><strong>dignatus</strong></span> <span class='ocrx_word' id='word_1_375' title='bbox 3408 2089 3497 2138; x_wconf 89' lang='lat' dir='ltr'><strong>est</strong></span> <span class='ocrx_word' id='word_1_376' title='bbox 3559 2085 3715 2139; x_wconf 88' lang='lat' dir='ltr'><strong>Deus</strong></span> 
     </span>
    </p>
   </div>
   <div class='ocr_carea' id='block_1_53' title="bbox 2066 2172 3718 2245">
    <p class='ocr_par' dir='ltr' id='par_1_53' title="bbox 2066 2172 3718 2245">
     <span class='ocr_line' id='line_1_53' title="bbox 2066 2172 3718 2245; baseline -0.001 -16"><span class='ocrx_word' id='word_1_377' title='bbox 2066 2174 2393 2229; x_wconf 88' lang='lat' dir='ltr'><strong>humanum</strong></span> <span class='ocrx_word' id='word_1_378' title='bbox 2426 2188 2640 2243; x_wconf 91' lang='lat' dir='ltr'><strong>corpus</strong></span> <span class='ocrx_word' id='word_1_379' title='bbox 2669 2173 2869 2227; x_wconf 90' lang='lat' dir='ltr'><strong>anima</strong></span> <span class='ocrx_word' id='word_1_380' title='bbox 2891 2177 2950 2227; x_wconf 91' lang='lat' dir='ltr'><strong>et</strong></span> <span class='ocrx_word' id='word_1_381' title='bbox 2970 2176 3169 2227; x_wconf 91' lang='lat' dir='ltr'><strong>mente</strong></span> <span class='ocrx_word' id='word_1_382' title='bbox 3198 2172 3515 2245; x_wconf 63' lang='lat' dir='ltr'><strong>praditum</strong></span> <span class='ocrx_word' id='word_1_383' title='bbox 3545 2188 3718 2228; x_wconf 88' lang='lat' dir='ltr'><strong>assu-</strong></span> 
     </span>
    </p>
   </div>
   <div class='ocr_carea' id='block_1_54' title="bbox 2063 2261 3717 2329">
    <p class='ocr_par' dir='ltr' id='par_1_54' title="bbox 2063 2261 3717 2329">
     <span class='ocr_line' id='line_1_54' title="bbox 2063 2261 3717 2329; baseline -0.001 -11"><span class='ocrx_word' id='word_1_384' title='bbox 2063 2278 2224 2318; x_wconf 86' lang='lat' dir='ltr'><strong>mere</strong></span> <span class='ocrx_word' id='word_1_385' title='bbox 2251 2262 2322 2317; x_wconf 92' lang='lat' dir='ltr'><strong>de</strong></span> <span class='ocrx_word' id='word_1_386' title='bbox 2354 2266 2559 2317; x_wconf 87' lang='lat' dir='ltr'><strong>nostra</strong></span> <span class='ocrx_word' id='word_1_387' title='bbox 2587 2276 2803 2329; x_wconf 83' lang='lat' dir='ltr'><strong>massa,</strong></span> <span class='ocrx_word' id='word_1_388' title='bbox 2830 2265 2896 2316; x_wconf 89' lang='lat' dir='ltr'><strong>ut</strong></span> <span class='ocrx_word' id='word_1_389' title='bbox 2919 2277 3029 2316; x_wconf 88' lang='lat' dir='ltr'><strong>nos</strong></span> <span class='ocrx_word' id='word_1_390' title='bbox 3054 2261 3267 2317; x_wconf 80' lang='lat' dir='ltr'><strong>divinas</strong></span> <span class='ocrx_word' id='word_1_391' title='bbox 3289 2266 3517 2317; x_wconf 62' lang='lat' dir='ltr'><strong>natura)</strong></span> <span class='ocrx_word' id='word_1_392' title='bbox 3536 2262 3717 2319; x_wconf 82' lang='lat' dir='ltr'><strong>faciat</strong></span> 
     </span>
    </p>
   </div>
   <div class='ocr_carea' id='block_1_55' title="bbox 2061 2350 3710 2425">
    <p class='ocr_par' dir='ltr' id='par_1_55' title="bbox 2061 2350 3710 2425">
     <span class='ocr_line' id='line_1_55' title="bbox 2061 2350 3710 2425; baseline -0.002 -17"><span class='ocrx_word' id='word_1_393' title='bbox 2061 2352 2378 2425; x_wconf 89' lang='lat' dir='ltr'><strong>participes</strong></span> <span class='ocrx_word' id='word_1_394' title='bbox 2411 2366 2730 2422; x_wconf 88' lang='lat' dir='ltr'><strong>secumque</strong></span> <span class='ocrx_word' id='word_1_395' title='bbox 2752 2355 3020 2405; x_wconf 89' lang='lat' dir='ltr'><strong>nostram</strong></span> <span class='ocrx_word' id='word_1_396' title='bbox 3044 2350 3214 2405; x_wconf 88' lang='lat' dir='ltr'><strong>uniat</strong></span> <span class='ocrx_word' id='word_1_397' title='bbox 3241 2355 3536 2406; x_wconf 89' lang='lat' dir='ltr'><strong>naturam.</strong></span> <span class='ocrx_word' id='word_1_398' title='bbox 3565 2352 3710 2407; x_wconf 84' lang='lat' dir='ltr'><strong>Uni-</strong></span> 
     </span>
    </p>
   </div>
   <div class='ocr_carea' id='block_1_56' title="bbox 2062 2439 3715 2497">
    <p class='ocr_par' dir='ltr' id='par_1_56' title="bbox 2062 2439 3715 2497">
     <span class='ocr_line' id='line_1_56' title="bbox 2062 2439 3715 2497; baseline -0.001 -1"><span class='ocrx_word' id='word_1_399' title='bbox 2062 2443 2285 2497; x_wconf 89' lang='lat' dir='ltr'><strong>tionem</strong></span> <span class='ocrx_word' id='word_1_400' title='bbox 2318 2445 2516 2496; x_wconf 89' lang='lat' dir='ltr'><strong>autem</strong></span> <span class='ocrx_word' id='word_1_401' title='bbox 2547 2439 2679 2494; x_wconf 90' lang='lat' dir='ltr'><strong>dico</strong></span> <span class='ocrx_word' id='word_1_402' title='bbox 2724 2439 3089 2495; x_wconf 86' lang='lat' dir='ltr'><strong>confusionis</strong></span> <span class='ocrx_word' id='word_1_403' title='bbox 3139 2444 3200 2494; x_wconf 92' lang='lat' dir='ltr'><strong>et</strong></span> <span class='ocrx_word' id='word_1_404' title='bbox 3245 2440 3590 2495; x_wconf 86' lang='lat' dir='ltr'><strong>mutationis</strong></span> <span class='ocrx_word' id='word_1_405' title='bbox 3622 2456 3715 2496; x_wconf 90' lang='lat' dir='ltr'><strong>ex-</strong></span> 
     </span>
    </p>
   </div>
   <div class='ocr_carea' id='block_1_57' title="bbox 2062 2529 3709 2604">
    <p class='ocr_par' dir='ltr' id='par_1_57' title="bbox 2062 2529 3709 2604">
     <span class='ocr_line' id='line_1_57' title="bbox 2062 2529 3709 2604; baseline -0.002 -17"><span class='ocrx_word' id='word_1_406' title='bbox 2062 2537 2289 2604; x_wconf 87' lang='lat' dir='ltr'><strong>pertem</strong></span> <span class='ocrx_word' id='word_1_407' title='bbox 2321 2531 2555 2601; x_wconf 88' lang='lat' dir='ltr'><strong>ipsique</strong></span> <span class='ocrx_word' id='word_1_408' title='bbox 2588 2529 2699 2584; x_wconf 93' lang='lat' dir='ltr'><strong>soli</strong></span> <span class='ocrx_word' id='word_1_409' title='bbox 2731 2529 3051 2601; x_wconf 80' lang='lat' dir='ltr'><strong>cognitam.</strong></span> <span class='ocrx_word' id='word_1_410' title='bbox 3078 2529 3405 2601; x_wconf 82' lang='lat' dir='ltr'><strong>Respondit</strong></span> <span class='ocrx_word' id='word_1_411' title='bbox 3432 2529 3670 2584; x_wconf 89' lang='lat' dir='ltr'><strong>Simeon</strong></span> <span class='ocrx_word' id='word_1_412' title='bbox 3696 2545 3709 2584; x_wconf 92' lang='lat'>:</span> 
     </span>
    </p>
   </div>
   <div class='ocr_carea' id='block_1_58' title="bbox 2062 2619 3725 2686">
    <p class='ocr_par' dir='ltr' id='par_1_58' title="bbox 2062 2619 3725 2686">
     <span class='ocr_line' id='line_1_58' title="bbox 2062 2619 3725 2686; baseline 0 -12"><span class='ocrx_word' id='word_1_413' title='bbox 2062 2621 2119 2674; x_wconf 91' lang='lat' dir='ltr'><strong>Si</strong></span> <span class='ocrx_word' id='word_1_414' title='bbox 2145 2620 2218 2674; x_wconf 92' lang='lat' dir='ltr'><strong>de</strong></span> <span class='ocrx_word' id='word_1_415' title='bbox 2248 2624 2450 2674; x_wconf 88' lang='lat' dir='ltr'><strong>vestro</strong></span> <span class='ocrx_word' id='word_1_416' title='bbox 2477 2619 2711 2674; x_wconf 87' lang='lat' dir='ltr'><strong>Christo</strong></span> <span class='ocrx_word' id='word_1_417' title='bbox 2739 2619 2928 2673; x_wconf 89' lang='lat' dir='ltr'><strong>nostri</strong></span> <span class='ocrx_word' id='word_1_418' title='bbox 2950 2623 3112 2673; x_wconf 90' lang='lat' dir='ltr'><strong>vates</strong></span> <span class='ocrx_word' id='word_1_419' title='bbox 3133 2619 3498 2686; x_wconf 90' lang='lat' dir='ltr'><strong>cecinerunt,</strong></span> <span class='ocrx_word' id='word_1_420' title='bbox 3517 2634 3725 2674; x_wconf 89' lang='lat' dir='ltr'><strong>causas</strong></span> 
     </span>
    </p>
   </div>
   <div class='ocr_carea' id='block_1_59' title="bbox 2062 2707 3712 2781">
    <p class='ocr_par' dir='ltr' id='par_1_59' title="bbox 2062 2707 3712 2781">
     <span class='ocr_line' id='line_1_59' title="bbox 2062 2707 3712 2781; baseline -0.001 -17"><span class='ocrx_word' id='word_1_421' title='bbox 2062 2710 2207 2765; x_wconf 88' lang='lat' dir='ltr'><strong>mihi</strong></span> <span class='ocrx_word' id='word_1_422' title='bbox 2230 2709 2460 2781; x_wconf 89' lang='lat' dir='ltr'><strong>aperias</strong></span> <span class='ocrx_word' id='word_1_423' title='bbox 2479 2709 2634 2763; x_wconf 72' lang='lat'><strong>490</strong></span> <span class='ocrx_word' id='word_1_424' title='bbox 2645 2708 2819 2763; x_wconf 82' lang='lat' dir='ltr'><strong>velim</strong></span> <span class='ocrx_word' id='word_1_425' title='bbox 2831 2723 2938 2762; x_wconf 90' lang='lat' dir='ltr'><strong>cur</strong></span> <span class='ocrx_word' id='word_1_426' title='bbox 2952 2709 3001 2762; x_wconf 91' lang='lat' dir='ltr'><strong>is</strong></span> <span class='ocrx_word' id='word_1_427' title='bbox 3018 2712 3105 2762; x_wconf 88' lang='lat' dir='ltr'><strong>tot</strong></span> <span class='ocrx_word' id='word_1_428' title='bbox 3118 2707 3352 2777; x_wconf 77' lang='lat' dir='ltr'><strong>injuriis</strong></span> <span class='ocrx_word' id='word_1_429' title='bbox 3366 2708 3522 2762; x_wconf 76' lang='lat' dir='ltr'><strong>afﬁci</strong></span> <span class='ocrx_word' id='word_1_430' title='bbox 3539 2707 3712 2762; x_wconf 90' lang='lat' dir='ltr'><strong>illudi</strong></span> 
     </span>
    </p>
   </div>
   <div class='ocr_carea' id='block_1_60' title="bbox 2061 2797 3713 2867">
    <p class='ocr_par' dir='ltr' id='par_1_60' title="bbox 2061 2797 3713 2867">
     <span class='ocr_line' id='line_1_60' title="bbox 2061 2797 3713 2867; baseline -0.001 -14"><span class='ocrx_word' id='word_1_431' title='bbox 2061 2799 2313 2853; x_wconf 90' lang='lat' dir='ltr'><strong>cruciari</strong></span> <span class='ocrx_word' id='word_1_432' title='bbox 2345 2815 2412 2852; x_wconf 91' lang='lat' dir='ltr'><strong>ac</strong></span> <span class='ocrx_word' id='word_1_433' title='bbox 2442 2798 2593 2852; x_wconf 90' lang='lat' dir='ltr'><strong>mori</strong></span> <span class='ocrx_word' id='word_1_434' title='bbox 2624 2797 2918 2865; x_wconf 88' lang='lat' dir='ltr'><strong>debuerit,</strong></span> <span class='ocrx_word' id='word_1_435' title='bbox 2963 2802 3030 2851; x_wconf 90' lang='lat' dir='ltr'><strong>ut</strong></span> <span class='ocrx_word' id='word_1_436' title='bbox 3067 2812 3203 2851; x_wconf 90' lang='lat' dir='ltr'><strong>eum</strong></span> <span class='ocrx_word' id='word_1_437' title='bbox 3235 2812 3363 2852; x_wconf 89' lang='lat' dir='ltr'><strong>esse</strong></span> <span class='ocrx_word' id='word_1_438' title='bbox 3395 2797 3577 2852; x_wconf 90' lang='lat' dir='ltr'><strong>istum</strong></span> <span class='ocrx_word' id='word_1_439' title='bbox 3610 2797 3713 2867; x_wconf 88' lang='lat' dir='ltr'><strong>qui</strong></span> 
     </span>
    </p>
   </div>
   <div class='ocr_carea' id='block_1_61' title="bbox 2060 2885 3712 2959">
    <p class='ocr_par' dir='ltr' id='par_1_61' title="bbox 2060 2885 3712 2959">
     <span class='ocr_line' id='line_1_61' title="bbox 2060 2885 3712 2959; baseline -0.002 -16"><span class='ocrx_word' id='word_1_440' title='bbox 2060 2888 2389 2959; x_wconf 87' lang='lat' dir='ltr'><strong>promissus</strong></span> <span class='ocrx_word' id='word_1_441' title='bbox 2447 2891 2552 2951; x_wconf 91' lang='lat' dir='ltr'><strong>est,</strong></span> <span class='ocrx_word' id='word_1_442' title='bbox 2613 2903 2723 2941; x_wconf 90' lang='lat' dir='ltr'><strong>nos</strong></span> <span class='ocrx_word' id='word_1_443' title='bbox 2776 2902 3012 2957; x_wconf 89' lang='lat' dir='ltr'><strong>quoque</strong></span> <span class='ocrx_word' id='word_1_444' title='bbox 3077 2885 3384 2941; x_wconf 86' lang='lat' dir='ltr'><strong>vobiscum</strong></span> <span class='ocrx_word' id='word_1_445' title='bbox 3440 2886 3712 2941; x_wconf 78' lang='lat' dir='ltr'><strong>confiteri</strong></span> 
     </span>
    </p>
   </div>
   <div class='ocr_carea' id='block_1_62' title="bbox 2061 2973 3709 3049">
    <p class='ocr_par' dir='ltr' id='par_1_62' title="bbox 2061 2973 3709 3049">
     <span class='ocr_line' id='line_1_62' title="bbox 2061 2973 3709 3049; baseline -0.001 -18"><span class='ocrx_word' id='word_1_446' title='bbox 2061 2977 2378 3049; x_wconf 89' lang='lat' dir='ltr'><strong>possimus.</strong></span> <span class='ocrx_word' id='word_1_447' title='bbox 2438 2974 2757 3031; x_wconf 87' lang='lat' dir='ltr'><strong>Silvester:</strong></span> <span class='ocrx_word' id='word_1_448' title='bbox 2808 2975 2893 3029; x_wconf 85' lang='lat' dir='ltr'><strong>Ab</strong></span> <span class='ocrx_word' id='word_1_449' title='bbox 2952 2973 3194 3029; x_wconf 83' lang='lat' dir='ltr'><strong>exordio</strong></span> <span class='ocrx_word' id='word_1_450' title='bbox 3228 2974 3457 3043; x_wconf 90' lang='lat' dir='ltr'><strong>mundi,</strong></span> <span class='ocrx_word' id='word_1_451' title='bbox 3491 2991 3562 3031; x_wconf 89' lang='lat' dir='ltr'><strong>ex</strong></span> <span class='ocrx_word' id='word_1_452' title='bbox 3592 2991 3709 3045; x_wconf 87' lang='lat' dir='ltr'><strong>quo</strong></span> 
     </span>
    </p>
   </div>
   <div class='ocr_carea' id='block_1_63' title="bbox 2062 3063 3714 3135">
    <p class='ocr_par' dir='ltr' id='par_1_63' title="bbox 2062 3063 3714 3135">
     <span class='ocr_line' id='line_1_63' title="bbox 2062 3063 3714 3135; baseline -0.001 -16"><span class='ocrx_word' id='word_1_453' title='bbox 2062 3066 2283 3120; x_wconf 84' lang='lat' dir='ltr'><strong>invidia</strong></span> <span class='ocrx_word' id='word_1_454' title='bbox 2304 3063 2519 3120; x_wconf 90' lang='lat' dir='ltr'><strong>diaboli</strong></span> <span class='ocrx_word' id='word_1_455' title='bbox 2542 3065 2979 3119; x_wconf 89' lang='lat' dir='ltr'><strong>circumventus</strong></span> <span class='ocrx_word' id='word_1_456' title='bbox 2996 3064 3175 3119; x_wconf 91' lang='lat' dir='ltr'><strong>homo</strong></span> <span class='ocrx_word' id='word_1_457' title='bbox 3194 3063 3469 3135; x_wconf 89' lang='lat' dir='ltr'><strong>paradiso</strong></span> <span class='ocrx_word' id='word_1_458' title='bbox 3491 3064 3542 3135; x_wconf 90' lang='lat' dir='ltr'><strong>ej</strong></span> <span class='ocrx_word' id='word_1_459' title='bbox 3552 3069 3714 3119; x_wconf 89' lang='lat' dir='ltr'><strong>ectus</strong></span> 
     </span>
    </p>
   </div>
   <div class='ocr_carea' id='block_1_64' title="bbox 2062 3152 3713 3226">
    <p class='ocr_par' dir='ltr' id='par_1_64' title="bbox 2062 3152 3713 3226">
     <span class='ocr_line' id='line_1_64' title="bbox 2062 3152 3713 3226; baseline -0.001 -17"><span class='ocrx_word' id='word_1_460' title='bbox 2062 3154 2357 3224; x_wconf 91' lang='lat' dir='ltr'><strong>mortique</strong></span> <span class='ocrx_word' id='word_1_461' title='bbox 2388 3152 2658 3208; x_wconf 90' lang='lat' dir='ltr'><strong>addictus</strong></span> <span class='ocrx_word' id='word_1_462' title='bbox 2715 3153 2848 3222; x_wconf 84' lang='lat' dir='ltr'><strong>fuit,</strong></span> <span class='ocrx_word' id='word_1_463' title='bbox 2910 3168 2982 3208; x_wconf 86' lang='lat' dir='ltr'><strong>ex</strong></span> <span class='ocrx_word' id='word_1_464' title='bbox 3038 3158 3160 3208; x_wconf 90' lang='lat' dir='ltr'><strong>tota</strong></span> <span class='ocrx_word' id='word_1_465' title='bbox 3205 3153 3451 3209; x_wconf 89' lang='lat' dir='ltr'><strong>humani</strong></span> <span class='ocrx_word' id='word_1_466' title='bbox 3479 3153 3713 3226; x_wconf 88' lang='lat' dir='ltr'><strong>generis</strong></span> 
     </span>
    </p>
   </div>
   <div class='ocr_carea' id='block_1_65' title="bbox 2062 3241 3713 3313">
    <p class='ocr_par' dir='ltr' id='par_1_65' title="bbox 2062 3241 3713 3313">
     <span class='ocr_line' id='line_1_65' title="bbox 2062 3241 3713 3313; baseline 0 -16"><span class='ocrx_word' id='word_1_467' title='bbox 2062 3258 2260 3297; x_wconf 90' lang='lat' dir='ltr'><strong>massa</strong></span> <span class='ocrx_word' id='word_1_468' title='bbox 2287 3241 2690 3297; x_wconf 82' lang='lat' dir='ltr'><strong>Abrahamum</strong></span> <span class='ocrx_word' id='word_1_469' title='bbox 2722 3246 2995 3297; x_wconf 88' lang='lat' dir='ltr'><strong>sanctum</strong></span> <span class='ocrx_word' id='word_1_470' title='bbox 3044 3245 3103 3296; x_wconf 92' lang='lat' dir='ltr'><strong>et</strong></span> <span class='ocrx_word' id='word_1_471' title='bbox 3141 3241 3381 3296; x_wconf 77' lang='lat' dir='ltr'><strong>ﬁdelem</strong></span> <span class='ocrx_word' id='word_1_472' title='bbox 3409 3247 3713 3313; x_wconf 90' lang='lat' dir='ltr'><strong>repertum</strong></span> 
     </span>
    </p>
   </div>
   <div class='ocr_carea' id='block_1_66' title="bbox 310 3300 1952 3403">
    <p class='ocr_par' dir='ltr' id='par_1_66' title="bbox 310 3300 1946 3402">
     <span class='ocr_line' id='line_1_66' title="bbox 310 3300 1946 3402; baseline -0.009 -13"><span class='ocrx_word' id='word_1_473' title='bbox 310 3300 574 3396; x_wconf 67' lang='grc' dir='ltr'>ἒέεῧλήῦη</span> <span class='ocrx_word' id='word_1_474' title='bbox 612 3300 714 3380; x_wconf 80' lang='grc' dir='ltr'><strong>¹γαὶ</strong></span> <span class='ocrx_word' id='word_1_475' title='bbox 771 3325 980 3397; x_wconf 78' lang='grc' dir='ltr'>θανάτῳ</span> <span class='ocrx_word' id='word_1_476' title='bbox 1036 3300 1420 3395; x_wconf 72' lang='grc' dir='ltr'>κατεδικάσθη,</span> <span class='ocrx_word' id='word_1_477' title='bbox 1477 3300 1536 3378; x_wconf 86' lang='grc' dir='ltr'><strong>ἐκ</strong></span> <span class='ocrx_word' id='word_1_478' title='bbox 1572 3300 1669 3378; x_wconf 65' lang='grc' dir='ltr'><strong>τόδ</strong></span> <span class='ocrx_word' id='word_1_479' title='bbox 1698 3323 1946 3402; x_wconf 79' lang='grc' dir='ltr'>φυράμα-</span> 
     </span>
    </p>
   </div>
   <div class='ocr_carea' id='block_1_67' title="bbox 2060 3300 3712 3403">
    <p class='ocr_par' dir='ltr' id='par_1_67' title="bbox 2062 3300 3712 3403">
     <span class='ocr_line' id='line_1_67' title="bbox 2062 3300 3712 3403; baseline 0.001 -17"><span class='ocrx_word' id='word_1_480' title='bbox 2062 3334 2216 3387; x_wconf 90' lang='lat' dir='ltr'><strong>Deus</strong></span> <span class='ocrx_word' id='word_1_481' title='bbox 2253 3332 2368 3387; x_wconf 89' lang='lat' dir='ltr'><strong>ista</strong></span> <span class='ocrx_word' id='word_1_482' title='bbox 2420 3330 2816 3403; x_wconf 86' lang='lat' dir='ltr'><strong>promissione</strong></span> <span class='ocrx_word' id='word_1_483' title='bbox 2873 3330 3149 3403; x_wconf 89' lang='lat' dir='ltr'><strong>dignatus</strong></span> <span class='ocrx_word' id='word_1_484' title='bbox 3180 3335 3291 3399; x_wconf 92' lang='lat' dir='ltr'><strong>est,</strong></span> <span class='ocrx_word' id='word_1_485' title='bbox 3321 3331 3447 3385; x_wconf 88' lang='lat' dir='ltr'><strong>fore</strong></span> <span class='ocrx_word' id='word_1_486' title='bbox 3479 3300 3545 3385; x_wconf 75' lang='grc' dir='ltr'>ἱιι</span> <span class='ocrx_word' id='word_1_487' title='bbox 3583 3333 3712 3403; x_wconf 89' lang='lat' dir='ltr'><strong>ejus</strong></span> 
     </span>
    </p>
   </div>
   <div class='ocr_carea' id='block_1_68' title="bbox 307 3407 1954 3490">
    <p class='ocr_par' dir='ltr' id='par_1_68' title="bbox 307 3407 1954 3490">
     <span class='ocr_line' id='line_1_68' title="bbox 307 3407 1954 3490; baseline -0.002 -20"><span class='ocrx_word' id='word_1_488' title='bbox 307 3434 405 3476; x_wconf 82' lang='grc' dir='ltr'><strong>τος</strong></span> <span class='ocrx_word' id='word_1_489' title='bbox 452 3414 617 3484; x_wconf 72' lang='grc' dir='ltr'>πάσης</span> <span class='ocrx_word' id='word_1_490' title='bbox 668 3414 1088 3490; x_wconf 82' lang='grc' dir='ltr'>ἀνθρωπότητος</span> <span class='ocrx_word' id='word_1_491' title='bbox 1146 3410 1400 3487; x_wconf 82' lang='grc' dir='ltr'>Ἀϐραὰμ</span> <span class='ocrx_word' id='word_1_492' title='bbox 1455 3407 1610 3488; x_wconf 80' lang='grc' dir='ltr'>ἅγιος</span> <span class='ocrx_word' id='word_1_493' title='bbox 1638 3414 1729 3467; x_wconf 87' lang='grc' dir='ltr'>καὶ</span> <span class='ocrx_word' id='word_1_494' title='bbox 1761 3413 1954 3477; x_wconf 88' lang='grc' dir='ltr'>πισκὸς</span> 
     </span>
    </p>
   </div>
   <div class='ocr_carea' id='block_1_69' title="bbox 311 3501 1949 3578">
    <p class='ocr_par' dir='ltr' id='par_1_69' title="bbox 311 3501 1949 3578">
     <span class='ocr_line' id='line_1_69' title="bbox 311 3501 1949 3578; baseline -0.002 -19"><span class='ocrx_word' id='word_1_495' title='bbox 311 3503 542 3577; x_wconf 41' lang='grc' dir='ltr'>εὐιεεθείς</span> <span class='ocrx_word' id='word_1_496' title='bbox 592 3503 786 3559; x_wconf 75' lang='grc' dir='ltr'>τούτου</span> <span class='ocrx_word' id='word_1_497' title='bbox 868 3507 964 3557; x_wconf 81' lang='grc' dir='ltr'>τοῦ</span> <span class='ocrx_word' id='word_1_498' title='bbox 1040 3501 1451 3578; x_wconf 79' lang='grc' dir='ltr'>ἐπαγγέλματος</span> <span class='ocrx_word' id='word_1_499' title='bbox 1537 3502 1747 3573; x_wconf 78' lang='grc' dir='ltr'>ἠξιώθη</span> <span class='ocrx_word' id='word_1_500' title='bbox 1804 3502 1949 3576; x_wconf 82' lang='grc' dir='ltr'>παρὰ</span> 
     </span>
    </p>
   </div>
   <div class='ocr_carea' id='block_1_70' title="bbox 303 3591 1947 3668">
    <p class='ocr_par' dir='ltr' id='par_1_70' title="bbox 303 3591 1947 3668">
     <span class='ocr_line' id='line_1_70' title="bbox 303 3591 1947 3668; baseline -0.003 -17"><span class='ocrx_word' id='word_1_501' title='bbox 303 3600 462 3666; x_wconf 78' lang='grc' dir='ltr'>Θεοῦ,</span> <span class='ocrx_word' id='word_1_502' title='bbox 515 3599 612 3651; x_wconf 79' lang='grc' dir='ltr'>τοῦ</span> <span class='ocrx_word' id='word_1_503' title='bbox 665 3594 715 3649; x_wconf 86' lang='grc' dir='ltr'><strong>ἐν</strong></span> <span class='ocrx_word' id='word_1_504' title='bbox 794 3598 875 3667; x_wconf 79' lang='grc' dir='ltr'>τῷ</span> <span class='ocrx_word' id='word_1_505' title='bbox 930 3596 1197 3668; x_wconf 84' lang='grc' dir='ltr'>σπέρματι</span> <span class='ocrx_word' id='word_1_506' title='bbox 1252 3591 1418 3649; x_wconf 76' lang='grc' dir='ltr'>αὺτοῦ</span> <span class='ocrx_word' id='word_1_507' title='bbox 1474 3591 1947 3667; x_wconf 76' lang='grc' dir='ltr'>εὖλογηθήσεσθαι</span> 
     </span>
    </p>
   </div>
   <div class='ocr_carea' id='block_1_71' title="bbox 294 3680 1947 3759">
    <p class='ocr_par' dir='ltr' id='par_1_71' title="bbox 294 3680 1947 3759">
     <span class='ocr_line' id='line_1_71' title="bbox 294 3680 1947 3759; baseline -0.002 -20"><span class='ocrx_word' id='word_1_508' title='bbox 294 3684 467 3739; x_wconf 67' lang='grc' dir='ltr'>πάντα</span> <span class='ocrx_word' id='word_1_509' title='bbox 497 3684 564 3739; x_wconf 78' lang='grc' dir='ltr'><strong>τὰ</strong></span> <span class='ocrx_word' id='word_1_510' title='bbox 612 3681 761 3755; x_wconf 85' lang='grc' dir='ltr'>ἔθνη.</span> <span class='ocrx_word' id='word_1_511' title='bbox 821 3680 1104 3759; x_wconf 73' lang='grc' dir='ltr'>Ἐκλεγεῖς</span> <span class='ocrx_word' id='word_1_512' title='bbox 1159 3681 1249 3736; x_wconf 72' lang='grc' dir='ltr'><strong>οὖν</strong></span> <span class='ocrx_word' id='word_1_513' title='bbox 1313 3680 1402 3737; x_wconf 74' lang='grc' dir='ltr'><strong>διὰ</strong></span> <span class='ocrx_word' id='word_1_514' title='bbox 1459 3683 1557 3750; x_wconf 75' lang='grc' dir='ltr'><strong>τὴν</strong></span> <span class='ocrx_word' id='word_1_515' title='bbox 1582 3684 1684 3747; x_wconf 81' lang='grc' dir='ltr'><strong>τῆς</strong></span> <span class='ocrx_word' id='word_1_516' title='bbox 1714 3682 1947 3743; x_wconf 83' lang='grc' dir='ltr'>πίστεως</span> 
     </span>
    </p>
   </div>
   <div class='ocr_carea' id='block_1_72' title="bbox 294 3767 1946 3849">
    <p class='ocr_par' dir='ltr' id='par_1_72' title="bbox 294 3767 1946 3849">
     <span class='ocr_line' id='line_1_72' title="bbox 294 3767 1946 3849; baseline -0.003 -20"><span class='ocrx_word' id='word_1_517' title='bbox 294 3773 447 3843; x_wconf 79' lang='grc' dir='ltr'>ἀξίαν</span> <span class='ocrx_word' id='word_1_518' title='bbox 504 3771 758 3849; x_wconf 81' lang='grc' dir='ltr'>ἐγέννησε</span> <span class='ocrx_word' id='word_1_519' title='bbox 840 3773 931 3827; x_wconf 86' lang='grc' dir='ltr'><strong>τὸν</strong></span> <span class='ocrx_word' id='word_1_520' title='bbox 1017 3773 1216 3841; x_wconf 81' lang='grc' dir='ltr'>Ἰσαὰκ,</span> <span class='ocrx_word' id='word_1_521' title='bbox 1301 3772 1390 3826; x_wconf 78' lang='grc' dir='ltr'>καὶ</span> <span class='ocrx_word' id='word_1_522' title='bbox 1465 3771 1641 3827; x_wconf 74' lang='grc' dir='ltr'>Ἰσαὰκ</span> <span class='ocrx_word' id='word_1_523' title='bbox 1697 3767 1946 3845; x_wconf 76' lang='grc' dir='ltr'>ἐγέννησε</span> 
     </span>
    </p>
   </div>
   <div class='ocr_carea' id='block_1_73' title="bbox 288 3856 1947 3935">
    <p class='ocr_par' dir='ltr' id='par_1_73' title="bbox 288 3856 1947 3935">
     <span class='ocr_line' id='line_1_73' title="bbox 288 3856 1947 3935; baseline -0.002 -18"><span class='ocrx_word' id='word_1_524' title='bbox 288 3863 384 3917; x_wconf 89' lang='grc' dir='ltr'><strong>τὸν</strong></span> <span class='ocrx_word' id='word_1_525' title='bbox 445 3856 664 3919; x_wconf 85' lang='grc' dir='ltr'>Ἰακώϐ.</span> <span class='ocrx_word' id='word_1_526' title='bbox 724 3862 825 3918; x_wconf 81' lang='grc' dir='ltr'>Καὶ</span> <span class='ocrx_word' id='word_1_527' title='bbox 888 3860 1062 3923; x_wconf 70' lang='grc' dir='ltr'>οὕτως</span> <span class='ocrx_word' id='word_1_528' title='bbox 1122 3856 1401 3934; x_wconf 73' lang='grc' dir='ltr'>ἄμεμπτοι</span> <span class='ocrx_word' id='word_1_529' title='bbox 1458 3860 1751 3935; x_wconf 81' lang='grc' dir='ltr'>εὑρέθησαν</span> <span class='ocrx_word' id='word_1_530' title='bbox 1808 3857 1947 3914; x_wconf 84' lang='grc' dir='ltr'>ὥστε</span> 
     </span>
    </p>
   </div>
   <div class='ocr_carea' id='block_1_74' title="bbox 289 3947 1942 4025">
    <p class='ocr_par' dir='ltr' id='par_1_74' title="bbox 289 3947 1942 4025">
     <span class='ocr_line' id='line_1_74' title="bbox 289 3947 1942 4025; baseline -0.004 -17"><span class='ocrx_word' id='word_1_531' title='bbox 289 3953 387 4008; x_wconf 89' lang='grc' dir='ltr'><strong>τὸν</strong></span> <span class='ocrx_word' id='word_1_532' title='bbox 420 3952 831 4025; x_wconf 82' lang='grc' dir='ltr'>παντοκράτορα</span> <span class='ocrx_word' id='word_1_533' title='bbox 876 3952 1005 4006; x_wconf 83' lang='grc' dir='ltr'><strong>Θεὸν</strong></span> <span class='ocrx_word' id='word_1_534' title='bbox 1060 3947 1349 4023; x_wconf 85' lang='grc' dir='ltr'>ἐνδιαθέτῳ</span> <span class='ocrx_word' id='word_1_535' title='bbox 1397 3948 1518 4024; x_wconf 78' lang='grc' dir='ltr'>ἃξίῃ</span> <span class='ocrx_word' id='word_1_536' title='bbox 1556 3947 1851 4024; x_wconf 74' lang='grc' dir='ltr'>βούλεσθαι</span> <span class='ocrx_word' id='word_1_537' title='bbox 1880 3949 1942 4002; x_wconf 87' lang='grc' dir='ltr'><strong>τὸ</strong></span> 
     </span>
    </p>
   </div>
   <div class='ocr_carea' id='block_1_75' title="bbox 287 4036 1941 4115">
    <p class='ocr_par' dir='ltr' id='par_1_75' title="bbox 287 4036 1941 4115">
     <span class='ocr_line' id='line_1_75' title="bbox 287 4036 1941 4115; baseline -0.002 -20"><span class='ocrx_word' id='word_1_538' title='bbox 287 4039 433 4096; x_wconf 68' lang='grc' dir='ltr'>ἴδιον</span> <span class='ocrx_word' id='word_1_539' title='bbox 467 4040 641 4115; x_wconf 81' lang='grc' dir='ltr'>ὄνομα</span> <span class='ocrx_word' id='word_1_540' title='bbox 670 4038 721 4094; x_wconf 89' lang='grc' dir='ltr'><strong>ἐν</strong></span> <span class='ocrx_word' id='word_1_541' title='bbox 752 4041 835 4113; x_wconf 88' lang='grc' dir='ltr'><strong>[Ρ.</strong></span> <span class='ocrx_word' id='word_1_542' title='bbox 865 4041 992 4114; x_wconf 83' lang='grc'><strong>280]</strong></span> <span class='ocrx_word' id='word_1_543' title='bbox 1021 4039 1237 4102; x_wconf 70' lang='grc' dir='ltr'>τούτοις</span> <span class='ocrx_word' id='word_1_544' title='bbox 1280 4036 1657 4111; x_wconf 79' lang='grc' dir='ltr'>ὀνομάζεσθαι,</span> <span class='ocrx_word' id='word_1_545' title='bbox 1691 4038 1941 4112; x_wconf 76' lang='grc' dir='ltr'>λέγοντα·</span> 
     </span>
    </p>
   </div>
   <div class='ocr_carea' id='block_1_76' title="bbox 290 4123 1943 4205">
    <p class='ocr_par' dir='ltr' id='par_1_76' title="bbox 290 4123 1943 4205">
     <span class='ocr_line' id='line_1_76' title="bbox 290 4123 1943 4205; baseline -0.002 -20"><span class='ocrx_word' id='word_1_546' title='bbox 290 4130 442 4205; x_wconf 85' lang='grc' dir='ltr'><strong>Ἐγώ</strong></span> <span class='ocrx_word' id='word_1_547' title='bbox 474 4129 589 4203; x_wconf 76' lang='grc' dir='ltr'>εἰμι</span> <span class='ocrx_word' id='word_1_548' title='bbox 623 4130 651 4184; x_wconf 88' lang='lat'><strong>6</strong></span> <span class='ocrx_word' id='word_1_549' title='bbox 708 4129 839 4193; x_wconf 87' lang='grc' dir='ltr'>Θεὸς</span> <span class='ocrx_word' id='word_1_550' title='bbox 897 4123 1165 4203; x_wconf 68' lang='grc' dir='ltr'>Ἀϐραὰμ,</span> <span class='ocrx_word' id='word_1_551' title='bbox 1223 4128 1311 4182; x_wconf 76' lang='grc' dir='ltr'>καὶ</span> <span class='ocrx_word' id='word_1_552' title='bbox 1347 4129 1375 4181; x_wconf 89' lang='lat'><strong>6</strong></span> <span class='ocrx_word' id='word_1_553' title='bbox 1405 4128 1535 4188; x_wconf 82' lang='grc' dir='ltr'>Θεὸς</span> <span class='ocrx_word' id='word_1_554' title='bbox 1565 4127 1766 4194; x_wconf 70' lang='grc' dir='ltr'>Ἰσαὰκ,</span> <span class='ocrx_word' id='word_1_555' title='bbox 1792 4128 1878 4181; x_wconf 80' lang='grc' dir='ltr'><strong>καὶ</strong></span> <span class='ocrx_word' id='word_1_556' title='bbox 1914 4126 1943 4180; x_wconf 88' lang='lat'><strong>6</strong></span> 
     </span>
    </p>
   </div>
   <div class='ocr_carea' id='block_1_77' title="bbox 291 4215 1944 4294">
    <p class='ocr_par' dir='ltr' id='par_1_77' title="bbox 291 4215 1944 4294">
     <span class='ocr_line' id='line_1_77' title="bbox 291 4215 1944 4294; baseline -0.002 -19"><span class='ocrx_word' id='word_1_557' title='bbox 291 4220 428 4282; x_wconf 82' lang='grc' dir='ltr'>Θεὸς</span> <span class='ocrx_word' id='word_1_558' title='bbox 488 4215 705 4277; x_wconf 75' lang='grc' dir='ltr'>Ἰακώϐο</span> <span class='ocrx_word' id='word_1_559' title='bbox 763 4220 924 4274; x_wconf 76' lang='grc' dir='ltr'>τοῦτό</span> <span class='ocrx_word' id='word_1_560' title='bbox 987 4239 1077 4291; x_wconf 89' lang='grc' dir='ltr'><strong>μοι</strong></span> <span class='ocrx_word' id='word_1_561' title='bbox 1137 4216 1308 4290; x_wconf 67' lang='grc' dir='ltr'>ὄνομα</span> <span class='ocrx_word' id='word_1_562' title='bbox 1363 4217 1582 4272; x_wconf 84' lang='grc' dir='ltr'>αἰώνιον</span> <span class='ocrx_word' id='word_1_563' title='bbox 1639 4217 1715 4280; x_wconf 79' lang='grc' dir='ltr'>εἰς</span> <span class='ocrx_word' id='word_1_564' title='bbox 1756 4217 1944 4294; x_wconf 81' lang='grc' dir='ltr'>γενεὰς</span> 
     </span>
    </p>
   </div>
   <div class='ocr_carea' id='block_1_78' title="bbox 287 4305 1941 4388">
    <p class='ocr_par' dir='ltr' id='par_1_78' title="bbox 287 4305 1941 4388">
     <span class='ocr_line' id='line_1_78' title="bbox 287 4305 1941 4388; baseline -0.002 -24"><span class='ocrx_word' id='word_1_565' title='bbox 287 4314 510 4382; x_wconf 78' lang='grc' dir='ltr'>γενεῶν.</span> <span class='ocrx_word' id='word_1_566' title='bbox 562 4308 895 4388; x_wconf 67' lang='grc' dir='ltr'>Ἀνεφῦησαν</span> <span class='ocrx_word' id='word_1_567' title='bbox 957 4307 1046 4362; x_wconf 71' lang='grc' dir='ltr'>οὖν</span> <span class='ocrx_word' id='word_1_568' title='bbox 1109 4306 1299 4374; x_wconf 78' lang='grc' dir='ltr'>αἰτίαι,</span> <span class='ocrx_word' id='word_1_569' title='bbox 1360 4305 1418 4367; x_wconf 80' lang='grc' dir='ltr'><strong>ἃς</strong></span> <span class='ocrx_word' id='word_1_570' title='bbox 1473 4310 1564 4359; x_wconf 78' lang='grc' dir='ltr'>νῦν</span> <span class='ocrx_word' id='word_1_571' title='bbox 1624 4308 1826 4381; x_wconf 89' lang='grc' dir='ltr'>μακρὸν</span> <span class='ocrx_word' id='word_1_572' title='bbox 1880 4306 1941 4362; x_wconf 82' lang='grc' dir='ltr'>ἂν</span> 
     </span>
    </p>
   </div>
   <div class='ocr_carea' id='block_1_79' title="bbox 288 4390 1941 4472">
    <p class='ocr_par' dir='ltr' id='par_1_79' title="bbox 288 4390 1941 4472">
     <span class='ocr_line' id='line_1_79' title="bbox 288 4390 1941 4472; baseline -0.002 -18"><span class='ocrx_word' id='word_1_573' title='bbox 288 4399 378 4471; x_wconf 68' lang='grc' dir='ltr'><strong>εἴη</strong></span> <span class='ocrx_word' id='word_1_574' title='bbox 412 4397 749 4472; x_wconf 81' lang='grc' dir='ltr'>καταλέγειν,</span> <span class='ocrx_word' id='word_1_575' title='bbox 782 4395 921 4452; x_wconf 79' lang='grc' dir='ltr'>ὥστε</span> <span class='ocrx_word' id='word_1_576' title='bbox 967 4397 1093 4459; x_wconf 82' lang='grc' dir='ltr'>τοὺς</span> <span class='ocrx_word' id='word_1_577' title='bbox 1152 4396 1302 4458; x_wconf 68' lang='grc' dir='ltr'>υἱοὺς</span> <span class='ocrx_word' id='word_1_578' title='bbox 1359 4390 1611 4471; x_wconf 76' lang='grc' dir='ltr'>’Λϐραᾶμ</span> <span class='ocrx_word' id='word_1_579' title='bbox 1660 4395 1941 4459; x_wconf 81' lang='grc' dir='ltr'>κατελθεῖν</span> 
     </span>
    </p>
   </div>
   <div class='ocr_carea' id='block_1_80' title="bbox 289 4483 1943 4563">
    <p class='ocr_par' dir='ltr' id='par_1_80' title="bbox 289 4483 1943 4563">
     <span class='ocr_line' id='line_1_80' title="bbox 289 4483 1943 4563; baseline -0.002 -20"><span class='ocrx_word' id='word_1_580' title='bbox 289 4488 344 4543; x_wconf 86' lang='grc' dir='ltr'><strong>ἐν</strong></span> <span class='ocrx_word' id='word_1_581' title='bbox 379 4494 453 4563; x_wconf 84' lang='grc' dir='ltr'><strong>γῇ</strong></span> <span class='ocrx_word' id='word_1_582' title='bbox 513 4488 779 4563; x_wconf 75' lang='grc' dir='ltr'>Αἰγύπτῳ</span> <span class='ocrx_word' id='word_1_583' title='bbox 838 4487 940 4541; x_wconf 83' lang='grc' dir='ltr'><strong>ὑπὸ</strong></span> <span class='ocrx_word' id='word_1_584' title='bbox 998 4489 1095 4553; x_wconf 73' lang='grc' dir='ltr'><strong>τήν</strong></span> <span class='ocrx_word' id='word_1_585' title='bbox 1158 4483 1436 4561; x_wconf 84' lang='grc' dir='ltr'>βασιλείαν</span> <span class='ocrx_word' id='word_1_586' title='bbox 1491 4486 1713 4559; x_wconf 77' lang='grc' dir='ltr'>Φαραώ.</span> <span class='ocrx_word' id='word_1_587' title='bbox 1766 4483 1943 4542; x_wconf 77' lang='grc' dir='ltr'><strong>’Λλλὰ</strong></span> 
     </span>
    </p>
   </div>
   <div class='ocr_carea' id='block_1_81' title="bbox 293 4573 1939 4652">
    <p class='ocr_par' dir='ltr' id='par_1_81' title="bbox 293 4573 1939 4652">
     <span class='ocr_line' id='line_1_81' title="bbox 293 4573 1939 4652; baseline -0.002 -20"><span class='ocrx_word' id='word_1_588' title='bbox 293 4575 638 4652; x_wconf 85' lang='grc' dir='ltr'>μεμνημένος</span> <span class='ocrx_word' id='word_1_589' title='bbox 667 4583 766 4647; x_wconf 77' lang='grc' dir='ltr'><strong>τῆς</strong></span> <span class='ocrx_word' id='word_1_590' title='bbox 816 4577 1007 4631; x_wconf 74' lang='grc' dir='ltr'>ἑαυτοῦ</span> <span class='ocrx_word' id='word_1_591' title='bbox 1038 4573 1359 4651; x_wconf 78' lang='grc' dir='ltr'>ἐπαγγελίας</span> <span class='ocrx_word' id='word_1_592' title='bbox 1414 4575 1442 4628; x_wconf 91' lang='lat'><strong>6</strong></span> <span class='ocrx_word' id='word_1_593' title='bbox 1500 4575 1629 4636; x_wconf 84' lang='grc' dir='ltr'>Θεὸς</span> <span class='ocrx_word' id='word_1_594' title='bbox 1687 4573 1939 4650; x_wconf 75' lang='grc' dir='ltr'>ἐξήγαγεν</span> 
     </span>
    </p>
   </div>
   <div class='ocr_carea' id='block_1_82' title="bbox 2057 3419 3713 3492">
    <p class='ocr_par' dir='ltr' id='par_1_82' title="bbox 2057 3419 3713 3492">
     <span class='ocr_line' id='line_1_82' title="bbox 2057 3419 3713 3492; baseline 0.001 -17"><span class='ocrx_word' id='word_1_595' title='bbox 2057 3436 2262 3476; x_wconf 90' lang='lat' dir='ltr'><strong>semen</strong></span> <span class='ocrx_word' id='word_1_596' title='bbox 2291 3420 2567 3475; x_wconf 90' lang='lat' dir='ltr'><strong>omnibus</strong></span> <span class='ocrx_word' id='word_1_597' title='bbox 2596 3420 2834 3492; x_wconf 90' lang='lat' dir='ltr'><strong>populis</strong></span> <span class='ocrx_word' id='word_1_598' title='bbox 2863 3419 3211 3475; x_wconf 90' lang='lat' dir='ltr'><strong>beatitatem</strong></span> <span class='ocrx_word' id='word_1_599' title='bbox 3250 3420 3617 3477; x_wconf 90' lang='lat' dir='ltr'><strong>conciliaret.</strong></span> <span class='ocrx_word' id='word_1_600' title='bbox 3657 3422 3713 3477; x_wconf 87' lang='lat' dir='ltr'>Is</span> 
     </span>
    </p>
   </div>
   <div class='ocr_carea' id='block_1_83' title="bbox 2054 3509 3709 3583">
    <p class='ocr_par' dir='ltr' id='par_1_83' title="bbox 2054 3509 3709 3583">
     <span class='ocr_line' id='line_1_83' title="bbox 2054 3509 3709 3583; baseline 0 -19"><span class='ocrx_word' id='word_1_601' title='bbox 2054 3525 2191 3583; x_wconf 90' lang='lat' dir='ltr'><strong>ergo</strong></span> <span class='ocrx_word' id='word_1_602' title='bbox 2223 3510 2295 3564; x_wconf 91' lang='lat' dir='ltr'><strong>ob</strong></span> <span class='ocrx_word' id='word_1_603' title='bbox 2327 3509 2466 3564; x_wconf 81' lang='lat' dir='ltr'><strong>ﬁdei</strong></span> <span class='ocrx_word' id='word_1_604' title='bbox 2495 3509 2843 3581; x_wconf 85' lang='lat' dir='ltr'><strong>dignitatem</strong></span> <span class='ocrx_word' id='word_1_605' title='bbox 2904 3510 3130 3564; x_wconf 89' lang='lat' dir='ltr'><strong>electus</strong></span> <span class='ocrx_word' id='word_1_606' title='bbox 3184 3510 3453 3564; x_wconf 85' lang='lat' dir='ltr'><strong>Isaacum</strong></span> <span class='ocrx_word' id='word_1_607' title='bbox 3485 3509 3709 3580; x_wconf 81' lang='lat' dir='ltr'><strong>genuit,</strong></span> 
     </span>
    </p>
   </div>
   <div class='ocr_carea' id='block_1_84' title="bbox 2055 3599 3713 3669">
    <p class='ocr_par' dir='ltr' id='par_1_84' title="bbox 2055 3599 3713 3669">
     <span class='ocr_line' id='line_1_84' title="bbox 2055 3599 3713 3669; baseline -0.001 -14"><span class='ocrx_word' id='word_1_608' title='bbox 2055 3599 2289 3655; x_wconf 89' lang='lat' dir='ltr'><strong>Isaacus</strong></span> <span class='ocrx_word' id='word_1_609' title='bbox 2317 3599 2616 3654; x_wconf 73' lang='lat' dir='ltr'><strong>Iacobum.</strong></span> <span class='ocrx_word' id='word_1_610' title='bbox 2673 3601 2758 3654; x_wconf 89' lang='lat' dir='ltr'><strong>Ita</strong></span> <span class='ocrx_word' id='word_1_611' title='bbox 2816 3604 3020 3655; x_wconf 89' lang='lat' dir='ltr'><strong>autem</strong></span> <span class='ocrx_word' id='word_1_612' title='bbox 3078 3599 3414 3669; x_wconf 89' lang='lat' dir='ltr'><strong>inculpatos</strong></span> <span class='ocrx_word' id='word_1_613' title='bbox 3462 3615 3590 3654; x_wconf 91' lang='lat' dir='ltr'><strong>sese</strong></span> <span class='ocrx_word' id='word_1_614' title='bbox 3622 3599 3713 3654; x_wconf 90' lang='lat' dir='ltr'><strong>illi</strong></span> 
     </span>
    </p>
   </div>
   <div class='ocr_carea' id='block_1_85' title="bbox 2052 3688 3710 3762">
    <p class='ocr_par' dir='ltr' id='par_1_85' title="bbox 2052 3688 3710 3762">
     <span class='ocr_line' id='line_1_85' title="bbox 2052 3688 3710 3762; baseline 0 -19"><span class='ocrx_word' id='word_1_615' title='bbox 2052 3692 2384 3762; x_wconf 89' lang='lat' dir='ltr'><strong>gesserunt,</strong></span> <span class='ocrx_word' id='word_1_616' title='bbox 2416 3694 2481 3742; x_wconf 90' lang='lat' dir='ltr'><strong>ut</strong></span> <span class='ocrx_word' id='word_1_617' title='bbox 2512 3703 2648 3743; x_wconf 90' lang='lat' dir='ltr'><strong>eum</strong></span> <span class='ocrx_word' id='word_1_618' title='bbox 2696 3690 2851 3743; x_wconf 90' lang='lat' dir='ltr'><strong>Deus</strong></span> <span class='ocrx_word' id='word_1_619' title='bbox 2901 3688 3278 3757; x_wconf 89' lang='lat' dir='ltr'><strong>omnipotens</strong></span> <span class='ocrx_word' id='word_1_620' title='bbox 3322 3688 3586 3744; x_wconf 89' lang='lat' dir='ltr'><strong>nominis</strong></span> <span class='ocrx_word' id='word_1_621' title='bbox 3617 3689 3710 3743; x_wconf 89' lang='lat' dir='ltr'><strong>sui</strong></span> 
     </span>
    </p>
   </div>
   <div class='ocr_carea' id='block_1_86' title="bbox 2053 3775 3707 3850">
    <p class='ocr_par' dir='ltr' id='par_1_86' title="bbox 2053 3775 3707 3850">
     <span class='ocr_line' id='line_1_86' title="bbox 2053 3775 3707 3850; baseline -0.001 -18"><span class='ocrx_word' id='word_1_622' title='bbox 2053 3778 2403 3850; x_wconf 88' lang='lat' dir='ltr'><strong>dignitatem</strong></span> <span class='ocrx_word' id='word_1_623' title='bbox 2434 3792 2709 3848; x_wconf 85' lang='lat' dir='ltr'><strong>expresse</strong></span> <span class='ocrx_word' id='word_1_624' title='bbox 2739 3782 3014 3831; x_wconf 90' lang='lat' dir='ltr'><strong>testatam</strong></span> <span class='ocrx_word' id='word_1_625' title='bbox 3045 3775 3224 3831; x_wconf 89' lang='lat' dir='ltr'><strong>vellet</strong></span> <span class='ocrx_word' id='word_1_626' title='bbox 3250 3776 3466 3845; x_wconf 86' lang='lat' dir='ltr'><strong>facere,</strong></span> <span class='ocrx_word' id='word_1_627' title='bbox 3499 3792 3707 3831; x_wconf 87' lang='lat' dir='ltr'><strong>eorum</strong></span> 
     </span>
    </p>
   </div>
   <div class='ocr_carea' id='block_1_87' title="bbox 2053 3865 3705 3937">
    <p class='ocr_par' dir='ltr' id='par_1_87' title="bbox 2053 3865 3705 3937">
     <span class='ocr_line' id='line_1_87' title="bbox 2053 3865 3705 3937; baseline -0.001 -15"><span class='ocrx_word' id='word_1_628' title='bbox 2053 3883 2116 3923; x_wconf 91' lang='lat' dir='ltr'><strong>se</strong></span> <span class='ocrx_word' id='word_1_629' title='bbox 2149 3873 2333 3921; x_wconf 86' lang='lat' dir='ltr'><strong>Deum</strong></span> <span class='ocrx_word' id='word_1_630' title='bbox 2374 3881 2503 3921; x_wconf 86' lang='lat' dir='ltr'><strong>esse</strong></span> <span class='ocrx_word' id='word_1_631' title='bbox 2561 3866 2799 3931; x_wconf 84' lang='lat' dir='ltr'><strong>dixerit,</strong></span> <span class='ocrx_word' id='word_1_632' title='bbox 2857 3865 2995 3937; x_wconf 84' lang='lat' dir='ltr'><strong>Ego,</strong></span> <span class='ocrx_word' id='word_1_633' title='bbox 3046 3865 3347 3936; x_wconf 86' lang='lat' dir='ltr'><strong>inquiens,</strong></span> <span class='ocrx_word' id='word_1_634' title='bbox 3387 3879 3519 3919; x_wconf 91' lang='lat' dir='ltr'><strong>sum</strong></span> <span class='ocrx_word' id='word_1_635' title='bbox 3550 3865 3705 3920; x_wconf 90' lang='lat' dir='ltr'><strong>Deus</strong></span> 
     </span>
    </p>
   </div>
   <div class='ocr_carea' id='block_1_88' title="bbox 2052 3953 3707 4024">
    <p class='ocr_par' dir='ltr' id='par_1_88' title="bbox 2052 3953 3707 4024">
     <span class='ocr_line' id='line_1_88' title="bbox 2052 3953 3707 4024; baseline -0.001 -13"><span class='ocrx_word' id='word_1_636' title='bbox 2052 3956 2395 4024; x_wconf 79' lang='lat' dir='ltr'><strong>Abrahami,</strong></span> <span class='ocrx_word' id='word_1_637' title='bbox 2456 3955 2610 4009; x_wconf 91' lang='lat' dir='ltr'><strong>Deus</strong></span> <span class='ocrx_word' id='word_1_638' title='bbox 2676 3955 2884 4021; x_wconf 88' lang='lat' dir='ltr'><strong>Isaaci,</strong></span> <span class='ocrx_word' id='word_1_639' title='bbox 2927 3970 2996 4009; x_wconf 88' lang='lat' dir='ltr'><strong>ac</strong></span> <span class='ocrx_word' id='word_1_640' title='bbox 3033 3955 3185 4009; x_wconf 90' lang='lat' dir='ltr'><strong>Deus</strong></span> <span class='ocrx_word' id='word_1_641' title='bbox 3214 3953 3434 4010; x_wconf 82' lang='lat' dir='ltr'><strong>Jacobi.</strong></span> <span class='ocrx_word' id='word_1_642' title='bbox 3469 3955 3588 4009; x_wconf 88' lang='lat' dir='ltr'><strong>Hoc</strong></span> <span class='ocrx_word' id='word_1_643' title='bbox 3618 3960 3707 4009; x_wconf 91' lang='lat' dir='ltr'><strong>est</strong></span> 
     </span>
    </p>
   </div>
   <div class='ocr_carea' id='block_1_89' title="bbox 2051 4044 3702 4117">
    <p class='ocr_par' dir='ltr' id='par_1_89' title="bbox 2051 4044 3702 4117">
     <span class='ocr_line' id='line_1_89' title="bbox 2051 4044 3702 4117; baseline 0 -15"><span class='ocrx_word' id='word_1_644' title='bbox 2051 4063 2271 4102; x_wconf 87' lang='lat' dir='ltr'><strong>nomen</strong></span> <span class='ocrx_word' id='word_1_645' title='bbox 2316 4060 2516 4101; x_wconf 92' lang='lat' dir='ltr'><strong>meum</strong></span> <span class='ocrx_word' id='word_1_646' title='bbox 2574 4046 3003 4117; x_wconf 90' lang='lat' dir='ltr'><strong>sempiternum</strong></span> <span class='ocrx_word' id='word_1_647' title='bbox 3033 4060 3142 4116; x_wconf 88' lang='lat' dir='ltr'><strong>per</strong></span> <span class='ocrx_word' id='word_1_648' title='bbox 3171 4060 3377 4099; x_wconf 88' lang='lat' dir='ltr'><strong>omnes</strong></span> <span class='ocrx_word' id='word_1_649' title='bbox 3407 4049 3612 4101; x_wconf 65' lang='lat' dir='ltr'><strong>aetates</strong></span> <span class='ocrx_word' id='word_1_650' title='bbox 3633 4044 3702 4102; x_wconf 75' lang='lat'><strong>’3.</strong></span> 
     </span>
    </p>
   </div>
   <div class='ocr_carea' id='block_1_90' title="bbox 2051 4134 3705 4207">
    <p class='ocr_par' dir='ltr' id='par_1_90' title="bbox 2051 4134 3705 4207">
     <span class='ocr_line' id='line_1_90' title="bbox 2051 4134 3705 4207; baseline 0.001 -17"><span class='ocrx_word' id='word_1_651' title='bbox 2051 4135 2251 4190; x_wconf 63' lang='lat' dir='ltr'><strong>Causae</strong></span> <span class='ocrx_word' id='word_1_652' title='bbox 2272 4134 2522 4207; x_wconf 90' lang='lat' dir='ltr'><strong>proinde</strong></span> <span class='ocrx_word' id='word_1_653' title='bbox 2543 4136 2917 4201; x_wconf 90' lang='lat' dir='ltr'><strong>exstiterunt,</strong></span> <span class='ocrx_word' id='word_1_654' title='bbox 2944 4150 3091 4205; x_wconf 90' lang='lat' dir='ltr'><strong>quas</strong></span> <span class='ocrx_word' id='word_1_655' title='bbox 3120 4135 3216 4189; x_wconf 87' lang='lat' dir='ltr'><strong>hic</strong></span> <span class='ocrx_word' id='word_1_656' title='bbox 3237 4150 3705 4191; x_wconf 84' lang='lat' dir='ltr'><strong>commemorare</strong></span> 
     </span>
    </p>
   </div>
   <div class='ocr_carea' id='block_1_91' title="bbox 2050 4225 3706 4299">
    <p class='ocr_par' dir='ltr' id='par_1_91' title="bbox 2050 4225 3706 4299">
     <span class='ocr_line' id='line_1_91' title="bbox 2050 4225 3706 4299; baseline 0 -18"><span class='ocrx_word' id='word_1_657' title='bbox 2050 4225 2347 4299; x_wconf 88' lang='lat' dir='ltr'><strong>prolixum</strong></span> <span class='ocrx_word' id='word_1_658' title='bbox 2390 4227 2487 4293; x_wconf 91' lang='lat' dir='ltr'><strong>sit,</strong></span> <span class='ocrx_word' id='word_1_659' title='bbox 2540 4231 2782 4298; x_wconf 89' lang='lat' dir='ltr'><strong>propter</strong></span> <span class='ocrx_word' id='word_1_660' title='bbox 2839 4242 2987 4296; x_wconf 88' lang='lat' dir='ltr'><strong>quas</strong></span> <span class='ocrx_word' id='word_1_661' title='bbox 3041 4226 3263 4297; x_wconf 87' lang='lat' dir='ltr'><strong>posteri</strong></span> <span class='ocrx_word' id='word_1_662' title='bbox 3295 4225 3613 4280; x_wconf 88' lang='lat' dir='ltr'><strong>Abrahami</strong></span> <span class='ocrx_word' id='word_1_663' title='bbox 3644 4229 3706 4282; x_wconf 91' lang='lat' dir='ltr'><strong>in</strong></span> 
     </span>
    </p>
   </div>
   <div class='ocr_carea' id='block_1_92' title="bbox 2049 4313 3706 4387">
    <p class='ocr_par' dir='ltr' id='par_1_92' title="bbox 2049 4313 3706 4387">
     <span class='ocr_line' id='line_1_92' title="bbox 2049 4313 3706 4387; baseline -0.001 -17"><span class='ocrx_word' id='word_1_664' title='bbox 2049 4316 2359 4387; x_wconf 68' lang='lat' dir='ltr'><strong>Egyptum</strong></span> <span class='ocrx_word' id='word_1_665' title='bbox 2391 4313 2755 4368; x_wconf 87' lang='lat' dir='ltr'><strong>devenerunt</strong></span> <span class='ocrx_word' id='word_1_666' title='bbox 2782 4328 3084 4385; x_wconf 88' lang='lat' dir='ltr'><strong>regnoque</strong></span> <span class='ocrx_word' id='word_1_667' title='bbox 3134 4314 3457 4369; x_wconf 87' lang='lat' dir='ltr'><strong>Pharaonis</strong></span> <span class='ocrx_word' id='word_1_668' title='bbox 3483 4315 3706 4369; x_wconf 89' lang='lat' dir='ltr'><strong>subditi</strong></span> 
     </span>
    </p>
   </div>
   <div class='ocr_carea' id='block_1_93' title="bbox 2048 4401 3705 4473">
    <p class='ocr_par' dir='ltr' id='par_1_93' title="bbox 2048 4401 3705 4473">
     <span class='ocr_line' id='line_1_93' title="bbox 2048 4401 3705 4473; baseline 0 -15"><span class='ocrx_word' id='word_1_669' title='bbox 2048 4404 2309 4458; x_wconf 82' lang='lat' dir='ltr'><strong>fuerunt.</strong></span> <span class='ocrx_word' id='word_1_670' title='bbox 2343 4401 2456 4457; x_wconf 92' lang='lat' dir='ltr'><strong>Sed</strong></span> <span class='ocrx_word' id='word_1_671' title='bbox 2505 4416 2749 4457; x_wconf 89' lang='lat' dir='ltr'><strong>suorum</strong></span> <span class='ocrx_word' id='word_1_672' title='bbox 2805 4417 3036 4456; x_wconf 89' lang='lat' dir='ltr'><strong>memor</strong></span> <span class='ocrx_word' id='word_1_673' title='bbox 3092 4402 3518 4473; x_wconf 88' lang='lat' dir='ltr'><strong>promissorum</strong></span> <span class='ocrx_word' id='word_1_674' title='bbox 3549 4403 3705 4458; x_wconf 89' lang='lat' dir='ltr'><strong>Deus</strong></span> 
     </span>
    </p>
   </div>
   <div class='ocr_carea' id='block_1_94' title="bbox 2050 4482 3700 4563">
    <p class='ocr_par' dir='ltr' id='par_1_94' title="bbox 2050 4482 3700 4563">
     <span class='ocr_line' id='line_1_94' title="bbox 2050 4482 3700 4563; baseline 0.001 -17"><span class='ocrx_word' id='word_1_675' title='bbox 2050 4493 2192 4547; x_wconf 90' lang='lat' dir='ltr'><strong>inde</strong></span> <span class='ocrx_word' id='word_1_676' title='bbox 2224 4510 2324 4548; x_wconf 88' lang='lat' dir='ltr'><strong>eos</strong></span> <span class='ocrx_word' id='word_1_677' title='bbox 2355 4492 2562 4547; x_wconf 84' lang='lat' dir='ltr'><strong>eduxit</strong></span> <span class='ocrx_word' id='word_1_678' title='bbox 2592 4508 2771 4547; x_wconf 89' lang='lat' dir='ltr'><strong>manu</strong></span> <span class='ocrx_word' id='word_1_679' title='bbox 2801 4482 2997 4547; x_wconf 70' lang='lat' dir='ltr'><strong>valida</strong></span> <span class='ocrx_word' id='word_1_680' title='bbox 3054 4497 3405 4563; x_wconf 88' lang='lat' dir='ltr'><strong>exsertoque</strong></span> <span class='ocrx_word' id='word_1_681' title='bbox 3435 4491 3700 4563; x_wconf 88' lang='lat' dir='ltr'><strong>brachio,</strong></span> 
     </span>
    </p>
   </div>
   <div class='ocr_carea' id='block_1_95' title="bbox 2049 4581 3702 4653">
    <p class='ocr_par' dir='ltr' id='par_1_95' title="bbox 2049 4581 3702 4653">
     <span class='ocr_line' id='line_1_95' title="bbox 2049 4581 3702 4653; baseline 0.001 -16"><span class='ocrx_word' id='word_1_682' title='bbox 2049 4583 2223 4637; x_wconf 90' lang='lat' dir='ltr'><strong>sicuti</strong></span> <span class='ocrx_word' id='word_1_683' title='bbox 2256 4597 2464 4636; x_wconf 87' lang='lat' dir='ltr'><strong>omnes</strong></span> <span class='ocrx_word' id='word_1_684' title='bbox 2493 4581 2702 4636; x_wconf 90' lang='lat' dir='ltr'><strong>nostis.</strong></span> <span class='ocrx_word' id='word_1_685' title='bbox 2729 4583 2940 4637; x_wconf 88' lang='lat' dir='ltr'><strong>Postea</strong></span> <span class='ocrx_word' id='word_1_686' title='bbox 2964 4582 3252 4653; x_wconf 89' lang='lat' dir='ltr'><strong>temporis</strong></span> <span class='ocrx_word' id='word_1_687' title='bbox 3282 4597 3353 4636; x_wconf 88' lang='lat' dir='ltr'><strong>ex</strong></span> <span class='ocrx_word' id='word_1_688' title='bbox 3381 4582 3702 4639; x_wconf 86' lang='lat' dir='ltr'><strong>Abrahami</strong></span> 
     </span>
    </p>
   </div>
   <div class='ocr_carea' id='block_1_96' title="bbox 288 4664 1952 4743">
    <p class='ocr_par' dir='ltr' id='par_1_96' title="bbox 288 4664 1944 4743">
     <span class='ocr_line' id='line_1_96' title="bbox 288 4664 1944 4743; baseline -0.003 -18"><span class='ocrx_word' id='word_1_689' title='bbox 288 4668 485 4731; x_wconf 70' lang='grc' dir='ltr'>αὐτοὺς</span> <span class='ocrx_word' id='word_1_690' title='bbox 547 4668 747 4723; x_wconf 81' lang='grc' dir='ltr'>ἐκεῖθεν</span> <span class='ocrx_word' id='word_1_691' title='bbox 802 4668 854 4723; x_wconf 83' lang='grc' dir='ltr'><strong>ἐν</strong></span> <span class='ocrx_word' id='word_1_692' title='bbox 918 4667 1063 4743; x_wconf 82' lang='grc' dir='ltr'>χειρὶ</span> <span class='ocrx_word' id='word_1_693' title='bbox 1138 4669 1366 4742; x_wconf 84' lang='grc' dir='ltr'>κραταιᾷ</span> <span class='ocrx_word' id='word_1_694' title='bbox 1421 4666 1508 4720; x_wconf 79' lang='grc' dir='ltr'><strong>καὶ</strong></span> <span class='ocrx_word' id='word_1_695' title='bbox 1576 4664 1628 4719; x_wconf 84' lang='grc' dir='ltr'><strong>ἐν</strong></span> <span class='ocrx_word' id='word_1_696' title='bbox 1687 4666 1944 4741; x_wconf 84' lang='grc' dir='ltr'>βραχίονι</span> 
     </span>
    </p>
   </div>
   <div class='ocr_carea' id='block_1_97' title="bbox 2060 4664 3703 4743">
    <p class='ocr_par' dir='ltr' id='par_1_97' title="bbox 2060 4670 3703 4741">
     <span class='ocr_line' id='line_1_97' title="bbox 2060 4670 3703 4741; baseline 0.001 -16"><span class='ocrx_word' id='word_1_697' title='bbox 2060 4672 2274 4725; x_wconf 70' lang='lat' dir='ltr'><strong>semine</strong></span> <span class='ocrx_word' id='word_1_698' title='bbox 2306 4670 2759 4741; x_wconf 87' lang='lat' dir='ltr'><strong>Christus,quod</strong></span> <span class='ocrx_word' id='word_1_699' title='bbox 2784 4670 2857 4725; x_wconf 90' lang='lat' dir='ltr'><strong>ad</strong></span> <span class='ocrx_word' id='word_1_700' title='bbox 2879 4686 3119 4726; x_wconf 87' lang='lat' dir='ltr'><strong>carnem</strong></span> <span class='ocrx_word' id='word_1_701' title='bbox 3152 4672 3380 4741; x_wconf 88' lang='lat' dir='ltr'><strong>attinet,</strong></span> <span class='ocrx_word' id='word_1_702' title='bbox 3405 4677 3580 4728; x_wconf 88' lang='lat' dir='ltr'><strong>natus</strong></span> <span class='ocrx_word' id='word_1_703' title='bbox 3612 4677 3703 4727; x_wconf 90' lang='lat' dir='ltr'><strong>est</strong></span> 
     </span>
    </p>
   </div>
   <div class='ocr_carea' id='block_1_98' title="bbox 293 4752 1939 4834">
    <p class='ocr_par' dir='ltr' id='par_1_98' title="bbox 293 4752 1939 4834">
     <span class='ocr_line' id='line_1_98' title="bbox 293 4752 1939 4834; baseline -0.002 -21"><span class='ocrx_word' id='word_1_704' title='bbox 293 4757 518 4831; x_wconf 73' lang='grc' dir='ltr'>ὑψηλῷ,</span> <span class='ocrx_word' id='word_1_705' title='bbox 546 4757 732 4834; x_wconf 69' lang='grc' dir='ltr'>καφὼς</span> <span class='ocrx_word' id='word_1_706' title='bbox 765 4756 959 4819; x_wconf 80' lang='grc' dir='ltr'>πάντες</span> <span class='ocrx_word' id='word_1_707' title='bbox 1016 4754 1147 4811; x_wconf 69' lang='grc' dir='ltr'>ἴστε.</span> <span class='ocrx_word' id='word_1_708' title='bbox 1204 4756 1459 4829; x_wconf 84' lang='grc' dir='ltr'>Ὕστερον</span> <span class='ocrx_word' id='word_1_709' title='bbox 1517 4752 1573 4808; x_wconf 80' lang='grc' dir='ltr'>δὶ</span> <span class='ocrx_word' id='word_1_710' title='bbox 1611 4752 1670 4809; x_wconf 82' lang='grc' dir='ltr'><strong>ἐκ</strong></span> <span class='ocrx_word' id='word_1_711' title='bbox 1695 4755 1939 4828; x_wconf 78' lang='grc' dir='ltr'>σπέρμα-</span> 
     </span>
    </p>
   </div>
   <div class='ocr_carea' id='block_1_99' title="bbox 286 4842 1940 4921">
    <p class='ocr_par' dir='ltr' id='par_1_99' title="bbox 286 4842 1940 4921">
     <span class='ocr_line' id='line_1_99' title="bbox 286 4842 1940 4921; baseline -0.004 -18"><span class='ocrx_word' id='word_1_712' title='bbox 286 4870 380 4910; x_wconf 88' lang='grc' dir='ltr'><strong>τος</strong></span> <span class='ocrx_word' id='word_1_713' title='bbox 438 4842 718 4921; x_wconf 71' lang='grc' dir='ltr'>Ἀϐραὰμ,</span> <span class='ocrx_word' id='word_1_714' title='bbox 776 4847 840 4900; x_wconf 91' lang='grc' dir='ltr'><strong>τὸ</strong></span> <span class='ocrx_word' id='word_1_715' title='bbox 895 4846 1031 4900; x_wconf 76' lang='grc' dir='ltr'>κατὰ</span> <span class='ocrx_word' id='word_1_716' title='bbox 1083 4846 1273 4919; x_wconf 77' lang='grc' dir='ltr'>σάρκα,</span> <span class='ocrx_word' id='word_1_717' title='bbox 1323 4842 1520 4918; x_wconf 80' lang='grc' dir='ltr'>ἐτέχθη</span> <span class='ocrx_word' id='word_1_718' title='bbox 1582 4844 1609 4897; x_wconf 90' lang='lat'><strong>6</strong></span> <span class='ocrx_word' id='word_1_719' title='bbox 1661 4844 1779 4904; x_wconf 71' lang='grc' dir='ltr'>υίὸς</span> <span class='ocrx_word' id='word_1_720' title='bbox 1842 4846 1940 4898; x_wconf 77' lang='grc' dir='ltr'>τοῦ</span> 
     </span>
    </p>
   </div>
   <div class='ocr_carea' id='block_1_100' title="bbox 289 4931 1942 5009">
    <p class='ocr_par' dir='ltr' id='par_1_100' title="bbox 289 4931 1942 5009">
     <span class='ocr_line' id='line_1_100' title="bbox 289 4931 1942 5009; baseline -0.005 -16"><span class='ocrx_word' id='word_1_721' title='bbox 289 4943 447 5008; x_wconf 66' lang='grc' dir='ltr'>Θεοῦ,</span> <span class='ocrx_word' id='word_1_722' title='bbox 484 4936 545 4991; x_wconf 86' lang='grc' dir='ltr'><strong>ἐκ</strong></span> <span class='ocrx_word' id='word_1_723' title='bbox 585 4943 686 5007; x_wconf 89' lang='grc' dir='ltr'><strong>τῆς</strong></span> <span class='ocrx_word' id='word_1_724' title='bbox 746 4935 899 5009; x_wconf 83' lang='grc' dir='ltr'>ἁγίας</span> <span class='ocrx_word' id='word_1_725' title='bbox 959 4934 1252 5009; x_wconf 70' lang='grc' dir='ltr'>Παρθένου,</span> <span class='ocrx_word' id='word_1_726' title='bbox 1305 4931 1398 4987; x_wconf 73' lang='grc' dir='ltr'>’ίνα</span> <span class='ocrx_word' id='word_1_727' title='bbox 1450 4935 1615 5004; x_wconf 88' lang='grc' dir='ltr'>ἡμεῖς</span> <span class='ocrx_word' id='word_1_728' title='bbox 1646 4932 1942 5007; x_wconf 84' lang='grc' dir='ltr'>ἀναγεννη-</span> 
     </span>
    </p>
   </div>
   <div class='ocr_carea' id='block_1_101' title="bbox 286 5019 1943 5100">
    <p class='ocr_par' dir='ltr' id='par_1_101' title="bbox 286 5019 1943 5100">
     <span class='ocr_line' id='line_1_101' title="bbox 286 5019 1943 5100; baseline -0.003 -21"><span class='ocrx_word' id='word_1_729' title='bbox 286 5027 472 5099; x_wconf 78' lang='grc' dir='ltr'>θῶμεν</span> <span class='ocrx_word' id='word_1_730' title='bbox 503 5024 563 5080; x_wconf 80' lang='grc' dir='ltr'><strong>ἐκ</strong></span> <span class='ocrx_word' id='word_1_731' title='bbox 607 5024 840 5100; x_wconf 84' lang='grc' dir='ltr'>γαστρὸς</span> <span class='ocrx_word' id='word_1_732' title='bbox 897 5030 995 5093; x_wconf 86' lang='grc' dir='ltr'><strong>τῆς</strong></span> <span class='ocrx_word' id='word_1_733' title='bbox 1054 5020 1316 5097; x_wconf 83' lang='grc' dir='ltr'>παρθένου</span> <span class='ocrx_word' id='word_1_734' title='bbox 1375 5019 1722 5091; x_wconf 87' lang='grc' dir='ltr'>Ἐκκλησίας.</span> <span class='ocrx_word' id='word_1_735' title='bbox 1758 5022 1943 5077; x_wconf 85' lang='grc' dir='ltr'>Ἐπει-</span> 
     </span>
    </p>
   </div>
   <div class='ocr_carea' id='block_1_102' title="bbox 290 5109 1939 5190">
    <p class='ocr_par' dir='ltr' id='par_1_102' title="bbox 290 5109 1939 5190">
     <span class='ocr_line' id='line_1_102' title="bbox 290 5109 1939 5190; baseline -0.004 -20"><span class='ocrx_word' id='word_1_736' title='bbox 290 5116 486 5190; x_wconf 73' lang='grc' dir='ltr'>ράσθη,</span> <span class='ocrx_word' id='word_1_737' title='bbox 534 5112 623 5169; x_wconf 72' lang='grc' dir='ltr'>’ίνα</span> <span class='ocrx_word' id='word_1_738' title='bbox 677 5115 841 5186; x_wconf 77' lang='grc' dir='ltr'>ἡμεῖς</span> <span class='ocrx_word' id='word_1_739' title='bbox 899 5110 1287 5187; x_wconf 80' lang='grc' dir='ltr'>λυτρωθῶμεν.</span> <span class='ocrx_word' id='word_1_740' title='bbox 1346 5109 1614 5185; x_wconf 80' lang='grc' dir='ltr'>Ἐπράθη,</span> <span class='ocrx_word' id='word_1_741' title='bbox 1659 5110 1751 5164; x_wconf 79' lang='grc' dir='ltr'>ἳνα</span> <span class='ocrx_word' id='word_1_742' title='bbox 1791 5112 1939 5183; x_wconf 81' lang='grc' dir='ltr'>ἡμᾶς</span> 
     </span>
    </p>
   </div>
   <div class='ocr_carea' id='block_1_103' title="bbox 286 5197 1938 5281">
    <p class='ocr_par' dir='ltr' id='par_1_103' title="bbox 286 5197 1938 5281">
     <span class='ocr_line' id='line_1_103' title="bbox 286 5197 1938 5281; baseline -0.004 -21"><span class='ocrx_word' id='word_1_743' title='bbox 286 5205 610 5281; x_wconf 80' lang='grc' dir='ltr'>ἐξαγοράσῃ.</span> <span class='ocrx_word' id='word_1_744' title='bbox 644 5200 1029 5260; x_wconf 84' lang='grc' dir='ltr'>Ἐταπείνωσεν</span> <span class='ocrx_word' id='word_1_745' title='bbox 1062 5200 1269 5267; x_wconf 68' lang='grc' dir='ltr'>ἑαυτὸν,</span> <span class='ocrx_word' id='word_1_746' title='bbox 1305 5197 1396 5254; x_wconf 65' lang='grc' dir='ltr'>’ίνα</span> <span class='ocrx_word' id='word_1_747' title='bbox 1454 5202 1602 5272; x_wconf 83' lang='grc' dir='ltr'>ἡμᾶς</span> <span class='ocrx_word' id='word_1_748' title='bbox 1663 5201 1938 5274; x_wconf 74' lang='grc' dir='ltr'>ἀνυψώσῃ.</span> 
     </span>
    </p>
   </div>
   <div class='ocr_carea' id='block_1_104' title="bbox 281 5287 1936 5369">
    <p class='ocr_par' dir='ltr' id='par_1_104' title="bbox 281 5287 1936 5369">
     <span class='ocr_line' id='line_1_104' title="bbox 281 5287 1936 5369; baseline -0.004 -19"><span class='ocrx_word' id='word_1_749' title='bbox 281 5294 597 5369; x_wconf 79' lang='grc' dir='ltr'>Ἑκρατήθη</span> <span class='ocrx_word' id='word_1_750' title='bbox 656 5294 802 5367; x_wconf 85' lang='grc' dir='ltr'><strong>παρά</strong></span> <span class='ocrx_word' id='word_1_751' title='bbox 880 5291 1197 5365; x_wconf 73' lang='grc' dir='ltr'>ἀνθρώπων,</span> <span class='ocrx_word' id='word_1_752' title='bbox 1251 5287 1341 5343; x_wconf 61' lang='grc' dir='ltr'>*ίνα</span> <span class='ocrx_word' id='word_1_753' title='bbox 1394 5291 1542 5361; x_wconf 76' lang='grc' dir='ltr'>ἡμᾶς</span> <span class='ocrx_word' id='word_1_754' title='bbox 1600 5288 1936 5365; x_wconf 81' lang='grc' dir='ltr'>ἐλευτερώσῃ</span> 
     </span>
    </p>
   </div>
   <div class='ocr_carea' id='block_1_105' title="bbox 285 5376 1939 5455">
    <p class='ocr_par' dir='ltr' id='par_1_105' title="bbox 285 5376 1939 5455">
     <span class='ocr_line' id='line_1_105' title="bbox 285 5376 1939 5455; baseline -0.004 -15"><span class='ocrx_word' id='word_1_755' title='bbox 285 5391 387 5452; x_wconf 83' lang='grc' dir='ltr'><strong>τῆς</strong></span> <span class='ocrx_word' id='word_1_756' title='bbox 444 5386 555 5438; x_wconf 83' lang='grc' dir='ltr'><strong>τῶν</strong></span> <span class='ocrx_word' id='word_1_757' title='bbox 615 5379 890 5455; x_wconf 77' lang='grc' dir='ltr'>δαιμόνων</span> <span class='ocrx_word' id='word_1_758' title='bbox 944 5378 1354 5454; x_wconf 74' lang='grc' dir='ltr'>αΐχμαλωσίας.</span> <span class='ocrx_word' id='word_1_759' title='bbox 1415 5379 1686 5453; x_wconf 85' lang='grc' dir='ltr'>Ἔσχατον</span> <span class='ocrx_word' id='word_1_760' title='bbox 1755 5376 1805 5432; x_wconf 84' lang='grc' dir='ltr'><strong>ἐν</strong></span> <span class='ocrx_word' id='word_1_761' title='bbox 1859 5383 1939 5450; x_wconf 84' lang='grc' dir='ltr'><strong>τῷ</strong></span> 
     </span>
    </p>
   </div>
   <div class='ocr_carea' id='block_1_106' title="bbox 284 5464 1935 5546">
    <p class='ocr_par' dir='ltr' id='par_1_106' title="bbox 284 5464 1935 5546">
     <span class='ocr_line' id='line_1_106' title="bbox 284 5464 1935 5546; baseline -0.002 -20"><span class='ocrx_word' id='word_1_762' title='bbox 284 5473 436 5546; x_wconf 68' lang='grc' dir='ltr'>ξύλῳ</span> <span class='ocrx_word' id='word_1_763' title='bbox 494 5475 591 5526; x_wconf 75' lang='grc' dir='ltr'>τοῦ</span> <span class='ocrx_word' id='word_1_764' title='bbox 648 5473 882 5545; x_wconf 84' lang='grc' dir='ltr'>σταυροῦ</span> <span class='ocrx_word' id='word_1_765' title='bbox 938 5467 1250 5538; x_wconf 80' lang='grc' dir='ltr'>ἐθυσιάσθη,</span> <span class='ocrx_word' id='word_1_766' title='bbox 1302 5464 1391 5522; x_wconf 73' lang='grc' dir='ltr'>’ίνα</span> <span class='ocrx_word' id='word_1_767' title='bbox 1446 5470 1545 5535; x_wconf 75' lang='grc' dir='ltr'>τὴν</span> <span class='ocrx_word' id='word_1_768' title='bbox 1600 5472 1697 5522; x_wconf 77' lang='grc' dir='ltr'><strong>τοῦ</strong></span> <span class='ocrx_word' id='word_1_769' title='bbox 1736 5470 1935 5532; x_wconf 85' lang='grc' dir='ltr'>παντὸς</span> 
     </span>
    </p>
   </div>
   <div class='ocr_carea' id='block_1_107' title="bbox 284 5555 1934 5635">
    <p class='ocr_par' dir='ltr' id='par_1_107' title="bbox 284 5555 1934 5635">
     <span class='ocr_line' id='line_1_107' title="bbox 284 5555 1934 5635; baseline -0.004 -18"><span class='ocrx_word' id='word_1_770' title='bbox 284 5563 502 5635; x_wconf 73' lang='grc' dir='ltr'>κόσμου</span> <span class='ocrx_word' id='word_1_771' title='bbox 532 5560 796 5635; x_wconf 82' lang='grc' dir='ltr'>ἁμαρτίαν</span> <span class='ocrx_word' id='word_1_772' title='bbox 841 5557 1139 5632; x_wconf 78' lang='grc' dir='ltr'>ἀπαλείψῃ.</span> <span class='ocrx_word' id='word_1_773' title='bbox 1190 5559 1431 5627; x_wconf 87' lang='grc' dir='ltr'>Ἀνεστη,</span> <span class='ocrx_word' id='word_1_774' title='bbox 1480 5555 1570 5610; x_wconf 80' lang='grc' dir='ltr'>’ἱνα</span> <span class='ocrx_word' id='word_1_775' title='bbox 1620 5559 1754 5628; x_wconf 86' lang='grc' dir='ltr'>ἡμῖν</span> <span class='ocrx_word' id='word_1_776' title='bbox 1788 5561 1934 5627; x_wconf 75' lang='grc' dir='ltr'><strong>ζωήν</strong></span> 
     </span>
    </p>
   </div>
   <div class='ocr_carea' id='block_1_108' title="bbox 361 5740 822 5810">
    <p class='ocr_par' dir='ltr' id='par_1_108' title="bbox 361 5740 822 5810">
     <span class='ocr_line' id='line_1_108' title="bbox 361 5740 822 5810; baseline 0.002 -14"><span class='ocrx_word' id='word_1_777' title='bbox 361 5741 407 5778; x_wconf 79' lang='grc'><strong>⁸³</strong></span> <span class='ocrx_word' id='word_1_778' title='bbox 434 5740 616 5798; x_wconf 88' lang='lat' dir='ltr'><strong>Exod.</strong></span> <span class='ocrx_word' id='word_1_779' title='bbox 650 5756 736 5810; x_wconf 84' lang='grc' dir='ltr'>ιιι,</span> <span class='ocrx_word' id='word_1_780' title='bbox 768 5742 822 5797; x_wconf 87' lang='lat'><strong>6.</strong></span> 
     </span>
    </p>
   </div>
   <div class='ocr_carea' id='block_1_109' title="bbox 2050 4759 3703 4833">
    <p class='ocr_par' dir='ltr' id='par_1_109' title="bbox 2050 4759 3703 4833">
     <span class='ocr_line' id='line_1_109' title="bbox 2050 4759 3703 4833; baseline 0.001 -17"><span class='ocrx_word' id='word_1_781' title='bbox 2050 4761 2121 4816; x_wconf 92' lang='lat' dir='ltr'><strong>de</strong></span> <span class='ocrx_word' id='word_1_782' title='bbox 2153 4759 2327 4816; x_wconf 87' lang='lat' dir='ltr'><strong>beata</strong></span> <span class='ocrx_word' id='word_1_783' title='bbox 2358 4761 2617 4833; x_wconf 80' lang='lat' dir='ltr'><strong>Virgine,</strong></span> <span class='ocrx_word' id='word_1_784' title='bbox 2675 4760 2761 4814; x_wconf 86' lang='lat' dir='ltr'><strong>uti</strong></span> <span class='ocrx_word' id='word_1_785' title='bbox 2821 4774 2930 4814; x_wconf 91' lang='lat' dir='ltr'><strong>nos</strong></span> <span class='ocrx_word' id='word_1_786' title='bbox 2968 4760 3041 4815; x_wconf 94' lang='lat' dir='ltr'><strong>de</strong></span> <span class='ocrx_word' id='word_1_787' title='bbox 3071 4776 3223 4815; x_wconf 88' lang='lat' dir='ltr'><strong>novo</strong></span> <span class='ocrx_word' id='word_1_788' title='bbox 3254 4761 3411 4832; x_wconf 83' lang='lat' dir='ltr'><strong>virgo</strong></span> <span class='ocrx_word' id='word_1_789' title='bbox 3439 4760 3703 4817; x_wconf 86' lang='lat' dir='ltr'><strong>Ecclesia</strong></span> 
     </span>
    </p>
   </div>
   <div class='ocr_carea' id='block_1_110' title="bbox 2050 4847 3699 4922">
    <p class='ocr_par' dir='ltr' id='par_1_110' title="bbox 2050 4847 3699 4922">
     <span class='ocr_line' id='line_1_110' title="bbox 2050 4847 3699 4922; baseline 0 -20"><span class='ocrx_word' id='word_1_790' title='bbox 2050 4850 2335 4922; x_wconf 87' lang='lat' dir='ltr'><strong>gigneret.</strong></span> <span class='ocrx_word' id='word_1_791' title='bbox 2369 4849 2649 4904; x_wconf 86' lang='lat' dir='ltr'><strong>Tentatus</strong></span> <span class='ocrx_word' id='word_1_792' title='bbox 2682 4852 2791 4914; x_wconf 91' lang='lat' dir='ltr'><strong>est,</strong></span> <span class='ocrx_word' id='word_1_793' title='bbox 2834 4852 2902 4901; x_wconf 89' lang='lat' dir='ltr'><strong>ut</strong></span> <span class='ocrx_word' id='word_1_794' title='bbox 2929 4862 3037 4902; x_wconf 91' lang='lat' dir='ltr'><strong>nos</strong></span> <span class='ocrx_word' id='word_1_795' title='bbox 3096 4847 3526 4917; x_wconf 84' lang='lat' dir='ltr'><strong>liberaremur;</strong></span> <span class='ocrx_word' id='word_1_796' title='bbox 3558 4865 3699 4904; x_wconf 85' lang='lat' dir='ltr'><strong>ven-</strong></span> 
     </span>
    </p>
   </div>
   <div class='ocr_carea' id='block_1_111' title="bbox 2051 4937 3696 5007">
    <p class='ocr_par' dir='ltr' id='par_1_111' title="bbox 2051 4937 3696 5007">
     <span class='ocr_line' id='line_1_111' title="bbox 2051 4937 3696 5007; baseline -0.001 -15"><span class='ocrx_word' id='word_1_797' title='bbox 2051 4937 2230 5006; x_wconf 91' lang='lat' dir='ltr'><strong>ditus,</strong></span> <span class='ocrx_word' id='word_1_798' title='bbox 2262 4942 2327 4993; x_wconf 91' lang='lat' dir='ltr'><strong>ut</strong></span> <span class='ocrx_word' id='word_1_799' title='bbox 2357 4953 2466 4993; x_wconf 90' lang='lat' dir='ltr'><strong>nos</strong></span> <span class='ocrx_word' id='word_1_800' title='bbox 2498 4937 2851 5003; x_wconf 89' lang='lat' dir='ltr'><strong>redimeret;</strong></span> <span class='ocrx_word' id='word_1_801' title='bbox 2885 4952 2947 4991; x_wconf 91' lang='lat' dir='ltr'><strong>se</strong></span> <span class='ocrx_word' id='word_1_802' title='bbox 2980 4937 3177 5007; x_wconf 90' lang='lat' dir='ltr'><strong>ipsum</strong></span> <span class='ocrx_word' id='word_1_803' title='bbox 3208 4937 3471 5006; x_wconf 90' lang='lat' dir='ltr'><strong>demisit,</strong></span> <span class='ocrx_word' id='word_1_804' title='bbox 3494 4943 3561 4992; x_wconf 90' lang='lat' dir='ltr'><strong>ut</strong></span> <span class='ocrx_word' id='word_1_805' title='bbox 3588 4953 3696 4991; x_wconf 90' lang='lat' dir='ltr'><strong>nos</strong></span> 
     </span>
    </p>
   </div>
   <div class='ocr_carea' id='block_1_112' title="bbox 2050 5026 3700 5099">
    <p class='ocr_par' dir='ltr' id='par_1_112' title="bbox 2050 5026 3700 5099">
     <span class='ocr_line' id='line_1_112' title="bbox 2050 5026 3700 5099; baseline -0.001 -18"><span class='ocrx_word' id='word_1_806' title='bbox 2050 5028 2392 5097; x_wconf 90' lang='lat' dir='ltr'><strong>attolleret;</strong></span> <span class='ocrx_word' id='word_1_807' title='bbox 2449 5032 2655 5099; x_wconf 87' lang='lat' dir='ltr'><strong>captus</strong></span> <span class='ocrx_word' id='word_1_808' title='bbox 2712 5029 2801 5080; x_wconf 90' lang='lat' dir='ltr'><strong>est</strong></span> <span class='ocrx_word' id='word_1_809' title='bbox 2856 5026 2928 5080; x_wconf 90' lang='lat' dir='ltr'><strong>ab</strong></span> <span class='ocrx_word' id='word_1_810' title='bbox 2993 5026 3357 5094; x_wconf 90' lang='lat' dir='ltr'><strong>hominibus,</strong></span> <span class='ocrx_word' id='word_1_811' title='bbox 3402 5032 3470 5081; x_wconf 91' lang='lat' dir='ltr'><strong>ut</strong></span> <span class='ocrx_word' id='word_1_812' title='bbox 3524 5041 3700 5080; x_wconf 89' lang='lat' dir='ltr'><strong>nosa</strong></span> 
     </span>
    </p>
   </div>
   <div class='ocr_carea' id='block_1_113' title="bbox 2053 5114 3697 5187">
    <p class='ocr_par' dir='ltr' id='par_1_113' title="bbox 2053 5114 3697 5187">
     <span class='ocr_line' id='line_1_113' title="bbox 2053 5114 3697 5187; baseline -0.002 -16"><span class='ocrx_word' id='word_1_813' title='bbox 2053 5117 2393 5172; x_wconf 76' lang='lat' dir='ltr'><strong>daemonum</strong></span> <span class='ocrx_word' id='word_1_814' title='bbox 2448 5115 2783 5187; x_wconf 88' lang='lat' dir='ltr'><strong>captivitate</strong></span> <span class='ocrx_word' id='word_1_815' title='bbox 2823 5114 3127 5183; x_wconf 89' lang='lat' dir='ltr'><strong>liberaret,</strong></span> <span class='ocrx_word' id='word_1_816' title='bbox 3160 5115 3417 5184; x_wconf 90' lang='lat' dir='ltr'><strong>denique</strong></span> <span class='ocrx_word' id='word_1_817' title='bbox 3446 5115 3508 5168; x_wconf 89' lang='lat' dir='ltr'><strong>in</strong></span> <span class='ocrx_word' id='word_1_818' title='bbox 3540 5114 3697 5185; x_wconf 88' lang='lat' dir='ltr'><strong>ligno</strong></span> 
     </span>
    </p>
   </div>
   <div class='ocr_carea' id='block_1_114' title="bbox 2050 5201 3698 5276">
    <p class='ocr_par' dir='ltr' id='par_1_114' title="bbox 2050 5201 3698 5276">
     <span class='ocr_line' id='line_1_114' title="bbox 2050 5201 3698 5276; baseline -0.002 -17"><span class='ocrx_word' id='word_1_819' title='bbox 2050 5206 2243 5259; x_wconf 89' lang='lat' dir='ltr'><strong>crucis</strong></span> <span class='ocrx_word' id='word_1_820' title='bbox 2274 5221 2379 5276; x_wconf 86' lang='lat' dir='ltr'><strong>pro</strong></span> <span class='ocrx_word' id='word_1_821' title='bbox 2421 5205 2658 5258; x_wconf 85' lang='lat' dir='ltr'><strong>victima</strong></span> <span class='ocrx_word' id='word_1_822' title='bbox 2706 5203 2944 5257; x_wconf 88' lang='lat' dir='ltr'><strong>oblatus</strong></span> <span class='ocrx_word' id='word_1_823' title='bbox 2995 5208 3103 5268; x_wconf 90' lang='lat' dir='ltr'><strong>est,</strong></span> <span class='ocrx_word' id='word_1_824' title='bbox 3153 5207 3219 5256; x_wconf 91' lang='lat' dir='ltr'><strong>ut</strong></span> <span class='ocrx_word' id='word_1_825' title='bbox 3265 5202 3446 5255; x_wconf 88' lang='lat' dir='ltr'><strong>totius</strong></span> <span class='ocrx_word' id='word_1_826' title='bbox 3488 5201 3698 5256; x_wconf 89' lang='lat' dir='ltr'><strong>mundi</strong></span> 
     </span>
    </p>
   </div>
   <div class='ocr_carea' id='block_1_115' title="bbox 2049 5290 3702 5365">
    <p class='ocr_par' dir='ltr' id='par_1_115' title="bbox 2049 5290 3702 5365">
     <span class='ocr_line' id='line_1_115' title="bbox 2049 5290 3702 5365; baseline 0 -18"><span class='ocrx_word' id='word_1_827' title='bbox 2049 5300 2288 5365; x_wconf 82' lang='lat' dir='ltr'><strong>peccata</strong></span> <span class='ocrx_word' id='word_1_828' title='bbox 2318 5293 2597 5364; x_wconf 83' lang='lat' dir='ltr'><strong>expiaret.</strong></span> <span class='ocrx_word' id='word_1_829' title='bbox 2628 5294 2773 5346; x_wconf 75' lang='grc'><strong>491</strong></span> <span class='ocrx_word' id='word_1_830' title='bbox 2808 5292 2874 5345; x_wconf 91' lang='lat' dir='ltr'><strong>In</strong></span> <span class='ocrx_word' id='word_1_831' title='bbox 2900 5292 3077 5345; x_wconf 89' lang='lat' dir='ltr'><strong>vitam</strong></span> <span class='ocrx_word' id='word_1_832' title='bbox 3100 5308 3131 5344; x_wconf 92' lang='lat' dir='ltr'><strong>e</strong></span> <span class='ocrx_word' id='word_1_833' title='bbox 3153 5290 3399 5347; x_wconf 81' lang='lat' dir='ltr'><strong>mortuis</strong></span> <span class='ocrx_word' id='word_1_834' title='bbox 3429 5291 3702 5357; x_wconf 86' lang='lat' dir='ltr'><strong>rediit,ut</strong></span> 
     </span>
    </p>
   </div>
   <div class='ocr_carea' id='block_1_116' title="bbox 2048 5378 3697 5452">
    <p class='ocr_par' dir='ltr' id='par_1_116' title="bbox 2048 5378 3697 5452">
     <span class='ocr_line' id='line_1_116' title="bbox 2048 5378 3697 5452; baseline 0.001 -16"><span class='ocrx_word' id='word_1_835' title='bbox 2048 5382 2220 5436; x_wconf 89' lang='lat' dir='ltr'><strong>nobis</strong></span> <span class='ocrx_word' id='word_1_836' title='bbox 2252 5381 2425 5435; x_wconf 87' lang='lat' dir='ltr'><strong>vitam</strong></span> <span class='ocrx_word' id='word_1_837' title='bbox 2458 5378 2793 5452; x_wconf 79' lang='lat' dir='ltr'><strong>largiretur.</strong></span> <span class='ocrx_word' id='word_1_838' title='bbox 2834 5381 2899 5433; x_wconf 90' lang='lat' dir='ltr'><strong>In</strong></span> <span class='ocrx_word' id='word_1_839' title='bbox 2931 5379 3144 5433; x_wconf 73' lang='lat' dir='ltr'><strong>cmlum</strong></span> <span class='ocrx_word' id='word_1_840' title='bbox 3174 5379 3461 5448; x_wconf 91' lang='lat' dir='ltr'><strong>ascendit,</strong></span> <span class='ocrx_word' id='word_1_841' title='bbox 3492 5386 3559 5435; x_wconf 92' lang='lat' dir='ltr'><strong>ut</strong></span> <span class='ocrx_word' id='word_1_842' title='bbox 3587 5399 3697 5437; x_wconf 91' lang='lat' dir='ltr'><strong>nos</strong></span> 
     </span>
    </p>
   </div>
   <div class='ocr_carea' id='block_1_117' title="bbox 2048 5467 3692 5537">
    <p class='ocr_par' dir='ltr' id='par_1_117' title="bbox 2048 5467 3692 5537">
     <span class='ocr_line' id='line_1_117' title="bbox 2048 5467 3692 5537; baseline 0.001 -11"><span class='ocrx_word' id='word_1_843' title='bbox 2048 5487 2248 5526; x_wconf 86' lang='lat' dir='ltr'><strong>secum</strong></span> <span class='ocrx_word' id='word_1_844' title='bbox 2280 5470 2572 5524; x_wconf 85' lang='lat' dir='ltr'><strong>eveheret.</strong></span> <span class='ocrx_word' id='word_1_845' title='bbox 2606 5468 2784 5523; x_wconf 90' lang='lat' dir='ltr'><strong>Sedet</strong></span> <span class='ocrx_word' id='word_1_846' title='bbox 2810 5484 2968 5523; x_wconf 88' lang='lat' dir='ltr'><strong>nunc</strong></span> <span class='ocrx_word' id='word_1_847' title='bbox 3020 5467 3095 5523; x_wconf 90' lang='lat' dir='ltr'><strong>ad</strong></span> <span class='ocrx_word' id='word_1_848' title='bbox 3144 5468 3448 5525; x_wconf 84' lang='lat' dir='ltr'><strong>dexteram</strong></span> <span class='ocrx_word' id='word_1_849' title='bbox 3481 5472 3692 5537; x_wconf 89' lang='lat' dir='ltr'><strong>Patris,</strong></span> 
     </span>
    </p>
   </div>
   <div class='ocr_carea' id='block_1_118' title="bbox 2051 5558 3694 5629">
    <p class='ocr_par' dir='ltr' id='par_1_118' title="bbox 2051 5558 3694 5629">
     <span class='ocr_line' id='line_1_118' title="bbox 2051 5558 3694 5629; baseline 0.002 -16"><span class='ocrx_word' id='word_1_850' title='bbox 2051 5564 2117 5614; x_wconf 92' lang='lat' dir='ltr'><strong>ut</strong></span> <span class='ocrx_word' id='word_1_851' title='bbox 2148 5559 2423 5613; x_wconf 84' lang='lat' dir='ltr'><strong>ﬁdelibus</strong></span> <span class='ocrx_word' id='word_1_852' title='bbox 2456 5559 2836 5629; x_wconf 86' lang='lat' dir='ltr'><strong>precantibus</strong></span> <span class='ocrx_word' id='word_1_853' title='bbox 2883 5562 3126 5614; x_wconf 87' lang='lat' dir='ltr'><strong>annuat.</strong></span> <span class='ocrx_word' id='word_1_854' title='bbox 3164 5558 3369 5615; x_wconf 85' lang='lat' dir='ltr'><strong>Veniet</strong></span> <span class='ocrx_word' id='word_1_855' title='bbox 3398 5566 3598 5616; x_wconf 82' lang='lat' dir='ltr'><strong>autem</strong></span> <span class='ocrx_word' id='word_1_856' title='bbox 3631 5561 3694 5616; x_wconf 69' lang='lat' dir='ltr'><strong>in</strong></span> 
     </span>
    </p>
   </div>
  </div>
