4118 6288
342 397 462 460 639

1713 393 2036 462 GEORGII
2079 396 2424 462 CEDRENI

3629 399 3756 464 540

347 550 461 606 que
478 550 586 606 per
613 533 760 589 duas
807 533 985 588 horas
1029 531 1331 588 vociferati
1381 535 1555 588 sunt:
1606 533 1848 605 Magnus
1906 537 1998 588 est

2129 531 2338 604 ῖεσμὰὸ
2379 533 2530 608 ἅγιος
2591 527 2923 608 Σίλϐεστρος
2976 528 3242 588 ἀπέλυσεν
3299 532 3486 602 αὕτὸν,
3525 533 3746 609 ’λέγων’

345 623 499 678 Deus
530 622 1026 678 Christianorum.
1065 622 1152 676 Ita
1180 620 1253 675 ab
1301 620 1580 676 omnibus
1626 620 1996 677 admirabilis

346 717 435 766 est
517 711 873 783 praedicatus
949 711 1426 768 Christianorum
1496 711 1650 766 Deus
1698 711 1994 783 hujusque

345 800 620 855 minister
649 799 858 856 beatus
890 799 1187 857 Silvester.
1221 799 1438 855 Eadem
1470 800 1616 854 hora
1647 801 1768 854 suis
1785 801 1994 871 praeci-

344 889 455 944 bus
487 894 730 944 sanctus
757 905 911 961 papa
953 888 1176 944 multos
1219 905 1256 944 a
1299 887 1636 943 daemonum
1689 889 1996 944 vexatione

343 977 651 1047 liberavit;
711 979 1005 1049 multique
1081 979 1184 1034 alii
1247 979 1440 1034 morbi
1499 979 1689 1034 sanati
1748 983 1887 1034 sunt
1940 978 1996 1032 vi

348 1071 583 1126 Domini
633 1070 823 1124 nostri
865 1071 1002 1124 Iesu
1058 1069 1294 1138 Christi,
1355 1069 1666 1140 magniﬁce
1721 1085 1829 1141 per
1858 1085 1996 1124 suos

349 1160 578 1231 agentis
611 1163 866 1216 sanctos.
899 1158 1198 1230 Baptizata
1227 1162 1425 1212 autem
1455 1157 1698 1214 Judaica
1733 1157 1999 1214 multitu-

349 1249 486 1304 dine
510 1264 792 1321 magnum
821 1247 934 1303 fuit
990 1249 1192 1304 Roma;
1223 1252 1282 1302 et
1331 1247 1394 1302 in
1427 1251 1547 1302 tota
1602 1248 1817 1303 vicinia
1853 1262 1996 1320 gau-

351 1338 537 1394 dium.

2107 619 2350 694 Πορεύου
2374 619 2493 676 ὅθεν
2523 618 2710 691 ἦλθες,
2747 619 2952 696 μηδένα
2979 622 3116 676 κατὰ
3139 623 3238 690 τὴν
3277 619 3402 678 ὁδὸν
3456 619 3743 694 ἀδικήσας.

2101 711 2274 785 Ὅπερ
2309 711 2448 788 μέγα
2479 715 2661 785 θαῦμα
2715 707 2972 766 Ἰουδαῖοι
3029 709 3346 784 θεασάμενοι
3401 712 3491 768 καὶ
3542 711 3754 791 σφόδρα

2102 797 2532 876 καταπλαγέντες
2585 800 2778 854 αὐτίκα
2867 800 3199 874 προσέπεσον
3269 800 3344 862 είς
3390 801 3518 864 τοὺς
3574 799 3751 864 πόδας

2099 892 2198 944 τοῦ
2226 887 2387 964 ἁγίου
2434 885 2764 964 Σιλϐέστρου
2821 889 3036 960 πάντες,
3100 889 3414 964 αἲτούμενοι
3471 890 3533 945 τὸ
3590 885 3751 968 ἅγιον

2105 975 2406 1052 βάπτισμα.
2439 975 2618 1034 Ἀλλὰ
2644 978 2738 1033 καὶ
2766 977 2902 1050 αύτή
2936 981 2971 1048 ἡ
3026 980 3411 1054 μακαριωτάτη
3448 977 3754 1054 βασίλισμα

2104 1065 2299 1136 Ἑλένη
2331 1071 2710 1141 προσπεσοῦσα
2743 1073 2868 1130 τοῖς
2897 1067 3025 1124 ποσὶ
3078 1065 3182 1123 τού
3221 1067 3381 1143 ἁγίου
3414 1063 3754 1144 Σιλϐέστρου

2105 1153 2466 1231 παρεκαλεῖτο
2519 1156 2687 1212 τόπον
2759 1158 2898 1232 αὐτῇ
2977 1157 3260 1232 μετανοίας
3319 1163 3758 1232 παρασχεθῆναι.

2106 1244 2211 1304 Καὶ
2239 1245 2436 1302 τούτου
2467 1247 2763 1321 γενομένου
2793 1245 2970 1326 ἐχάρη
3029 1247 3283 1322 μεγάλως
3315 1246 3346 1302 ὅ
3399 1268 3459 1304 τε
3489 1247 3756 1326 φιλόχρι-

2105 1355 2230 1397 στος
2266 1335 2521 1410 βασιλεὺς
2549 1336 2640 1391 καὶ
2687 1339 2723 1406 ἡ
2773 1335 3156 1413 μακαριωτάτη
3193 1336 3473 1414 Λῦγοῦστα
3526 1337 3617 1392 καὶ
3645 1341 3758 1392 πᾶν

342 1427 407 1482 τὸ
437 1425 652 1495 πλῆθος
679 1429 778 1480 τοῦ
808 1424 966 1503 λαοῦ,
1000 1424 1138 1480 ὥστε
1167 1425 1277 1496 ἐπὶ,
1307 1422 1454 1500 ὥρας
1482 1421 1578 1478 δύο
1607 1425 1821 1498 κράζειν
1853 1423 2114 1486 ἅπαντας·
2155 1427 2342 1501 Μέγας
2371 1425 2400 1480 ὁ
2431 1426 2561 1488 Θεὸς
2601 1430 2710 1482 τῶν
2741 1429 3102 1500 Χριστιανῶν.
3148 1425 3248 1481 Καὶ
3278 1427 3453 1488 οὕτως
3507 1426 3755 1500 ἐθαυμα-

351 1514 534 1586 στώθη
571 1515 674 1569 ὑπὸ
704 1511 915 1568 πάντων
945 1514 974 1568 ὁ
1004 1513 1133 1575 Θεὸς
1161 1517 1270 1568 τῶν
1302 1515 1637 1586 Χριστιανῶν
1665 1513 1754 1567 καὶ
1789 1512 1818 1566 ὁ
1847 1513 2044 1568 τούτου
2075 1513 2320 1587 θεράπων
2351 1508 2502 1588 ἅγιος
2552 1509 2900 1590 Σίλϐεστρος.
2931 1516 3020 1572 Ἐν
3051 1514 3188 1590 αὐτῇ
3243 1519 3312 1589 τῇ
3371 1513 3489 1591 ὥρᾳ
3541 1515 3754 1572 πολλοὶ

357 1602 728 1676 δαιμονῶντες
759 1602 1190 1678 ἐθεραπεύθησαν
1220 1599 1288 1656 δι’
1320 1601 1499 1678 εὐχῶν
1530 1606 1626 1657 τοῦ
1655 1601 1808 1676 ἅγίου
1838 1598 2012 1674 πάπα,
2069 1602 2161 1658 καὶ
2217 1600 2363 1658 ἄλλα
2394 1601 2450 1658 δὲ
2477 1604 2622 1675 πάθη
2655 1603 2842 1660 πολλὰ
2882 1605 2972 1660 καὶ
2999 1605 3149 1660 νόσοι
3207 1604 3628 1676 ἐκαθαρίσθησαν
3687 1609 3759 1680 τῇ

356 1690 582 1766 δυνάμει
612 1696 710 1747 τοῦ
741 1691 1132 1767 Κυρίουὴμῶτ
1165 1694 1350 1762 Ἰησοῦ
1381 1693 1619 1768 Χριστοῦ
1647 1695 1744 1746 τοῦ
1803 1687 2225 1764 ἐνδοξαζομένου
2290 1689 2342 1746 ἐν
2408 1698 2524 1754 τοῖς
2578 1693 2756 1770 ἁγίοις
2817 1693 3005 1750 αὐτοῦ.
3065 1695 3174 1750 Τοῦ
3229 1690 3287 1749 δὲ
3349 1693 3598 1764 πλήθους
3653 1697 3766 1747 τῶν

348 1779 629 1838 Ἰουδαίων
665 1779 1054 1856 βαπτισθέντος
1088 1781 1291 1855 μεγέλη
1325 1781 1470 1856 χαρὰ
1497 1778 1708 1856 γέγονεν
1738 1778 1790 1834 ἐν
1817 1778 1962 1854 πάσῃ
1991 1785 2061 1855 τῇ
2083 1781 2272 1856 Ῥώμῃ
2305 1783 2397 1836 καὶ
2426 1785 2494 1856 τῇ
2523 1783 2825 1859 περιχώρῳ
2854 1781 3044 1853 αὓτῆς.

424 1874 596 1927 Anno
653 1871 889 1944 imperii
946 1872 1314 1926 Constantini
1375 1873 1441 1926 14
1507 1875 1568 1926 et
1624 1875 1688 1925 13
1748 1871 2007 1927 Licinius

2183 1874 2276 1943 Τῷ
2318 1867 2386 1926 ιδ’
2413 1871 2505 1927 καὶ
2539 1873 2598 1926 ιε’
2629 1865 2734 1927 ἔτει
2769 1870 3014 1936 Λικίνιος
3067 1870 3270 1944 ἤρξατο
3329 1871 3464 1926 κατὰ
3496 1877 3768 1946 Χριστια-

358 1965 668 2033 pactorum
703 1961 944 2031 oblitus,
997 1961 1476 2032 persecutionem
1510 1960 1792 2016 adversus
1843 1960 2010 2016 Chri-

359 2051 588 2106 stianos
646 2051 886 2106 molitus
944 2056 1052 2105 est.
1113 2053 1298 2116 Quem
1357 2065 1465 2122 per
1521 2049 1750 2105 litteras
1807 2049 2011 2105 offﬁcii

359 2157 611 2196 monens
642 2140 1088 2208 Constantinus,
1123 2146 1188 2196 ut
1217 2157 1253 2196 a
1293 2139 1522 2196 malitia
1551 2139 1866 2194 desisteret
1894 2155 2014 2194 non

361 2231 677 2301 persuasit.

434 2319 618 2374 Annis
652 2321 738 2386 16,
775 2322 839 2373 17
875 2324 932 2373 et
993 2321 1055 2372 18
1113 2335 1207 2374 res
1242 2322 1450 2373 contra
1505 2317 1758 2389 impium
1807 2317 2015 2371 Arium

364 2411 528 2477 gesta
557 2412 666 2476 est,
711 2407 1176 2478 concilliumque
1209 2422 1442 2461 sacrum
1496 2406 1755 2476 primum
1789 2421 1859 2460 ex
1889 2409 2014 2459 toto

365 2501 656 2550 terrarum
737 2495 880 2550 orbe
954 2495 1363 2564 collectorum,
1439 2509 1572 2566 quas
1646 2493 2013 2548 mcumenica

359 2584 676 2639 nominant
705 2584 906 2650 Graeci,
967 2584 1194 2650 Nicaeae,
1257 2598 1291 2638 a
1347 2583 1448 2637 318
1506 2582 1727 2637 sanctis
1785 2597 1853 2636 ac
1910 2581 2016 2636 Dei

371 2675 584 2747 spiritu
613 2675 809 2746 plenis
828 2674 1100 2730 Patribus
1125 2673 1511 2740 celebratum,
1535 2673 1740 2728 Arium
1760 2672 2008 2744 ejusque

362 2769 686 2820 sectatores
705 2763 1072 2836 proscripsit.
1115 2763 1282 2818 Tunc
1311 2763 1638 2834 imperator
1693 2761 1875 2817 etiam
1907 2775 2018 2815 eos

366 2853 466 2925 qui
497 2853 836 2910 Iudaeorum
876 2869 1039 2908 more
1098 2852 1326 2908 Pascha
1379 2850 1783 2920 celebrabant,
1835 2865 2019 2922 opera

367 2943 727 3000 sanctissimi
758 2942 1042 2998 Cordubae
1101 2941 1362 3014 episcopi
1394 2940 1689 3007 inhibuit;
1757 2943 1818 2996 et
1871 2941 2016 2996 Con~

367 3039 625 3090 stantem
685 3033 875 3089 ﬁlium
939 3048 1115 3088 suum
1183 3033 1476 3087 Caesarem
1524 3031 1898 3104 designatum
1955 3029 2018 3084 in

370 3124 587 3179 Gallias
617 3123 800 3178 misit.
834 3127 964 3194 Ipse
1021 3122 1135 3178 isto
1189 3125 1457 3190 tempore
1511 3120 1854 3176 recordatus
1899 3119 2018 3175 sibi

2113 1964 2220 2014 νῶν
2254 1956 2496 2033 διωγμόν
2527 1965 2710 2030 κινεῖν,
2745 1958 2922 2031 λήθην
2956 1955 3142 2015 λαϐὼν
3161 1963 3272 2014 τῶν
3335 1958 3762 2037 προγεγονότων

2117 2053 2416 2118 συνθηκῶν.
2469 2053 2668 2104 Τοῦτον
2713 2045 2800 2104 διὰ
2823 2051 3159 2126 γραμμάτων
3217 2053 3482 2114 νουθετῶν
3517 2051 3545 2104 ὁ
3577 2044 3773 2126 Μέγας

2119 2140 2516 2200 Κωνσταντῖνος
2549 2139 2849 2208 ἀποστῆναι
2877 2141 2976 2208 τῆς
2999 2139 3188 2202 κακίας
3227 2137 3330 2194 οὐκ
3357 2135 3553 2197 ἔπεισε.

2189 2317 2274 2389 [Ρ.
2306 2318 2432 2392 283]
2461 2321 2554 2390 Τῷ
2587 2319 2650 2382 ις’
2677 2318 2768 2373 καὶ
2801 2319 2864 2387 ιζ’
2892 2317 2982 2373 καὶ
3039 2324 3107 2390 ιη’
3134 2313 3240 2372 ἔτει
3268 2318 3336 2372 τὰ
3379 2318 3520 2372 κατὰ
3549 2319 3770 2394 Ἀρείου

2119 2408 2216 2460 τοῦ
2248 2400 2538 2469 δυσσεϐοῦς
2583 2405 2856 2485 ἐπράχθη,
2895 2407 2984 2460 καὶ
3013 2409 3047 2476 ἠ
3078 2408 3133 2461 ἓν
3181 2405 3379 2478 Νικαίᾳ
3413 2407 3608 2481 πρώτη
3641 2407 3774 2483 ἁγία

2117 2493 2210 2549 καὶ
2263 2494 2619 2567 οἰκουμενική
2672 2492 2892 2558 σύνοδος
2941 2500 3049 2550 τῶν
3115 2494 3443 2571 τριακοσίων
3492 2493 3774 2552 δεκαοκτὼ

2121 2582 2292 2660 ἁγίων
2321 2583 2596 2664 θεοφόρων
2638 2579 2888 2660 Ιιατέρων
2947 2583 3181 2658 ἐγένετο,
3230 2583 3354 2655 ἥτις
3408 2587 3499 2640 τὸν
3550 2585 3772 2662 Ἀρειον

2120 2671 2374 2734 καὶτοὺς
2423 2673 2733 2748 ὁμόφρονας
2792 2672 2958 2728 αὐτοῦ
2986 2674 3382 2746 ἆνεθεμάτισεν.
3441 2675 3532 2730 Ἐν
3587 2674 3770 2748 τούτῳ

2121 2761 2214 2816 καὶ
2249 2761 2377 2824 τοὺς
2409 2758 2721 2825 Ἰουδαϊκῶς
2771 2763 2835 2818 τὸ
2891 2763 3085 2838 Πάσχα
3141 2763 3494 2838 ἑορτάζοντας
3527 2761 3616 2818 διὰ
3665 2767 3759 2818 τοῦ

2123 2849 2425 2906 δσιωτάτου
2509 2851 2806 2907 ἐπισκόπου
2883 2847 3204 2926 Κοδρούϐης
3259 2856 3370 2926 (80)
3454 2851 3757 2929 ἐπέστρεψε·

2124 2941 2216 2996 καὶ
2244 2941 2561 3002 Κώνςταντα
2611 2941 2708 2996 τὸν
2764 2941 2880 2996 υἱὸν
2940 2940 3104 2996 αὖτοῦ
3159 2936 3574 3017 προϐαλόμενος
3627 2939 3758 2998 Καί-

2125 3049 2260 3106 σαρα
2289 3030 2366 3094 εἷς
2395 3028 2632 3093 Γαλλίας
2683 3029 3018 3088 ἀπέστειλεν.
3051 3031 3139 3088 Ἐν
3193 3031 3414 3094 ταύταις
3478 3035 3595 3094 ταῖς
3621 3030 3766 3106 ᾑμέ-

2127 3140 2248 3194 ραις
2304 3119 2382 3184 εἷς
2458 3121 2678 3194 μνήμην
2757 3113 2975 3196 ἔρχεται
3031 3124 3128 3175 τοῦ
3180 3120 3480 3199 γενομένου
3535 3118 3770 3191 πλησίον

370 3213 670 3285 quondam
692 3229 874 3284 prope
896 3214 1142 3267 Romam
1175 3211 1236 3266 in
1267 3211 1490 3266 somnis
1520 3225 1555 3266 a
1584 3211 1833 3266 Domino
1855 3225 2016 3266 man-

2129 3207 2348 3283 Ῥώμης
2408 3208 2512 3264 ὑπὸ
2586 3212 2684 3263 τοῦ
2768 3207 2969 3282 Κυρίου
3038 3208 3175 3284 πρὸς
3242 3208 3399 3264 αὐτὸν
3456 3209 3594 3264 κατᾶ
3647 3207 3776 3271 τοὺς

371 3303 572 3357 datum
594 3302 680 3356 uti
702 3318 771 3355 eo
800 3301 954 3369 loco,
983 3317 1160 3371 quem
1189 3299 1317 3370 ipse
1348 3301 1402 3354 ei
1434 3303 1592 3356 esset
1625 3299 2014 3364 indicaturus,

368 3392 522 3447 406
544 3389 647 3444 Dei
677 3388 1027 3462 genenitrici
1043 3389 1251 3443 urbem
1275 3387 1725 3454 conderet,dum
1747 3388 2018 3460 regiones

368 3480 513 3534 istas
558 3478 766 3534 etloca
791 3477 1247 3549 contemplatur,
1300 3477 1780 3532 Thessalonicam
1841 3477 2018 3532 venit.

371 3570 493 3633 Quo
519 3567 646 3623 loco
694 3566 1043 3632 delectatus,
1097 3565 1409 3620 biennium
1467 3565 1549 3620 ibi
1598 3571 2018 3634 commoratus,

375 3656 583 3712 urbem
599 3655 1201 3730 ma‘gnificistemplis,
1225 3655 1456 3710 balneis
1478 3659 1536 3710 et
1568 3654 2021 3726 aquaaductibus

373 3748 692 3804 exornavit.
724 3746 858 3815 Sed,
890 3751 1056 3818 peste
1106 3746 1449 3817 ingruente,
1483 3760 1613 3800 eam
1639 3744 2015 3816 relinquens,

371 3835 513 3892 inde
543 3835 976 3892 Chalcedonem
1008 3834 1298 3906 Bithyniae
1351 3833 1560 3888 urbem
1611 3847 1672 3888 se
1729 3833 2020 3902 contulit;

373 3942 626 3996 eamque
659 3925 785 3980 solo
816 3928 1172 3996 prostratam
1194 3940 1228 3979 a
1249 3923 1444 3977 Persis
1465 3923 1773 3978 inveniens
1803 3923 2025 3978 instau-

375 4030 508 4070 rare
539 4029 846 4087 aggressus
877 4019 986 4068 est.
1033 4013 1240 4068 Statim
1284 4017 1481 4067 autem
1529 4010 1743 4083 aquilae
1795 4011 2023 4084 lapides

371 4103 560 4159 fabris
589 4105 824 4174 ereptos
855 4101 929 4156 ad
974 4101 1182 4157 urbem
1235 4101 1580 4174 Byzantium
1620 4101 2021 4172 projecerunt.

372 4191 437 4247 Id
485 4208 620 4248 cum
653 4207 1062 4263 saapenumero
1123 4190 1294 4245 fleret
1341 4189 1728 4260 omniumque
1794 4191 2024 4244 animos

377 4296 700 4352 suspensos
720 4277 1226 4349 teneret,quidam
1255 4277 1555 4348 regiorum
1589 4277 2024 4345 ministrorum,

373 4371 704 4442 Euphratae
733 4370 996 4434 nomine,
1031 4368 1340 4439 explicavit
1375 4383 1527 4434 rem,
1575 4383 1790 4440 nempe
1838 4369 2026 4423 Deum

374 4459 458 4513 ibi
490 4459 639 4514 velle
669 4458 878 4512 urbem
906 4474 1027 4511 suae
1057 4456 1224 4510 Matri
1257 4455 1452 4511 condi.
1477 4457 1807 4528 Imperator
1826 4457 2026 4512 statim

377 4547 612 4620 trajecit
639 4564 708 4601 eo
732 4563 746 4613 ;
791 4561 1047 4615 cumque
1077 4545 1276 4600 locum
1307 4545 1663 4615 inspexisset
1691 4550 1751 4600 et
1777 4547 2026 4618 probas-

379 4640 490 4702 set,
546 4636 911 4706 Euphratam
995 4634 1157 4705 operi
1234 4633 1503 4705 praeﬁcit,
1558 4635 1790 4707 magnis
1841 4636 2026 4708 copiis

378 4725 708 4796 opibusque
738 4723 1114 4779 instructum.
1147 4725 1280 4795 Ipse
1311 4723 1373 4778 in
1404 4725 1614 4778 Persas
1664 4725 2023 4796 proﬁcistur.

371 4814 458 4869 Ibi
491 4830 626 4868 cum
657 4815 712 4868 in
745 4813 1006 4868 hostium
1037 4829 1247 4868 manus
1277 4812 1633 4878 devenisset,
1666 4813 1864 4868 divina
1893 4830 2025 4884 pro-

373 4903 636 4960 videntia
664 4908 1018 4975 procurante
1067 4917 1166 4957 eas
1223 4901 1447 4974 eil'ugit,
1481 4917 1548 4955 ac
1578 4899 1652 4955 ad
1685 4901 2024 4972 Byzantium

2128 3297 2328 3358 ὕπνους
2355 3297 2798 3372 προστάγματος,
2839 3295 2971 3365 ὅπερ
3026 3298 3092 3366 ἦν
3149 3295 3407 3374 λέγοντος
3467 3294 3780 3371 οἰκοδομῆ-

2132 3405 2220 3440 σαι
2247 3388 2316 3457 τῇ
2374 3387 2623 3458 Θεοτόκῳ
2677 3384 2842 3442 πόλιν
2869 3387 2983 3460 (81)
3014 3385 3066 3442 ἐν
3118 3386 3164 3458 ᾧ
3214 3387 3368 3459 τόπῳ
3425 3386 3590 3449 αὐτὸς
3641 3388 3782 3442 ὑπο-

2133 3474 2286 3550 δείξω
2323 3496 2428 3535 σοι.
2462 3477 2562 3532 Καὶ
2593 3473 2661 3546 δὴ
2710 3475 2778 3532 τὰ
2833 3477 2969 3532 κατὰ
3018 3477 3206 3552 χώραν
3237 3477 3326 3532 καὶ
3380 3475 3584 3542 τόπους
3640 3477 3788 3553 ἐρευ-

2133 3569 2238 3622 νῶν
2269 3571 2338 3641 τῇ
2369 3563 2738 3641 Θεσσαλονὶκῃ
2771 3561 3090 3642 ἐπιϐαίνειν,
3119 3565 3210 3621 καὶ
3246 3569 3326 3638 τῷ
3352 3565 3506 3639 τόπῳ
3539 3565 3786 3641 ἂρεσθεῖς

2134 3651 2253 3709 δυσὶ
2315 3654 2537 3730 χρόνοις
2603 3653 2714 3710 ἐκεῖ
2763 3649 3050 3730 διατρίϐει.
3107 3653 3287 3718 Ναοὺς
3338 3675 3397 3710 τε
3448 3657 3788 3728 θαυμασίους

2131 3745 2224 3798 καὶ
2281 3742 2486 3817 λουτρὰ
2541 3743 2631 3798 καὶ
2687 3741 2894 3798 ὑδάτων
2954 3743 3255 3821 είσαγωγὰς
3317 3745 3792 3818 κατασκευασάμε-

2132 3853 2246 3896 νος,
2279 3833 2352 3896 ὡς
2385 3829 2496 3888 εἶδε
2545 3831 2744 3906 λοιμὸν
2801 3831 3202 3908 ἐπιγενόμενον,
3231 3833 3434 3904 ταύτην
3472 3833 3567 3906 μὶν
3619 3853 3792 3888 κατα-

2136 3920 2420 3994 λιμπάνει,
2452 3920 2540 3974 ἐπὶ
2571 3917 2630 3976 δὲ
2677 3921 2779 3988 τήν
2844 3923 3084 3976 Βιθυνῶν
3145 3918 3474 3991 Χαλκηδόνα
3537 3917 3788 3996 ἔρχεται,

2138 4010 2242 4066 ὑπὸ
2297 4015 2404 4065 τῶν
2461 4013 2680 4084 Περσῶν
2763 4007 3190 4090 ἔξηδαφισμένην
3269 4008 3437 4084 εύρὼν
3500 4009 3794 4066 ἀνοικοδο-

2142 4103 2259 4172 μεῖν
2289 4096 2516 4175 ἤρξατο.
2574 4098 2678 4155 Καὶ
2728 4097 2930 4160 εὐθέως
2973 4097 3122 4154 ἀετοὶ
3173 4097 3300 4161 τοὺς
3355 4102 3462 4154 τῶν
3521 4103 3790 4176 τεχνιτῶν

2141 4185 2327 4248 λίθους
2410 4186 2739 4262 ἁρπάζοντες
2839 4191 2917 4258 τῷ
3001 4187 3280 4260 Βυζαντίῳ
3361 4187 3788 4265 προσέρῥιπτον·

2138 4275 2348 4334 Τούτου
2381 4271 2440 4330 δὲ
2467 4274 2739 4338 πολλάκις
2798 4275 3090 4351 γενομένου
3159 4277 3262 4332 ὑπὸ
3318 4277 3536 4332 πάντων
3595 4275 3792 4334 διαπο-

2144 4365 2430 4440 ρουμένου,
2465 4365 2542 4428 εἶς
2594 4371 2702 4420 τῶν
2758 4365 3207 4440 ὑπηρετουμένων
3262 4369 3341 4438 τῷ
3409 4365 3628 4441 βασιλεῖ
3687 4366 3786 4424 Εὐ-

2141 4459 2345 4533 φρατᾶς
2373 4453 2670 4528 λεγόμενος
2702 4452 3018 4533 διεσάφησεν
3070 4454 3144 4516 ὡς
3173 4452 3287 4510 ἐκεῖ
3337 4454 3500 4534 φίλον
3550 4455 3662 4511 ἐστῖ
3709 4457 3784 4526 τῷ

2141 4549 2258 4617 Θεῷ
2287 4547 2357 4618 τῇ
2407 4543 2592 4617 Μητρὶ
2639 4545 2804 4598 αὐτοῦ
2842 4549 3124 4612 κτισθῆναι
3179 4543 3364 4602 πόλιν.
3425 4543 3637 4607 Εὐθέως
3693 4543 3780 4597 οὗν

2136 4631 2483 4708 διαπεράσας,
2513 4632 2605 4686 καὶ
2642 4633 2735 4687 τὸν
2791 4633 2958 4688 τόπον
3011 4629 3246 4688 κατιδὼν
3301 4632 3391 4688 καὶ
3449 4631 3772 4704 ἀποδεξάμε-

2132 4741 2246 4790 νος,
2313 4721 2404 4776 τὸν
2464 4719 2748 4800 Εὖφρατᾶν
2805 4719 3098 4791 ἐπιστάτην
3143 4725 3243 4776 τοῦ
3297 4717 3460 4798 ἔργου
3506 4718 3766 4792 καταλιμο

2132 4815 2287 4866 πάνει
2322 4811 2456 4882 μετᾶ
2515 4811 2730 4886 βαρείας
2783 4808 3062 4884 δυνάμεως
3107 4811 3197 4866 καὶ
3236 4812 3482 4868 πλούτου
3538 4809 3770 4868 πολλοῦ.

2134 4901 2238 4955 Καὶ
2283 4899 2443 4962 αὐτὸς
2505 4899 2758 4976 βασιλεὺς
2811 4901 2949 4956 κατά
3005 4901 3225 4977 Περσῶν
3271 4899 3568 4976 ἀποδημεῖ.
3618 4903 3778 4964 ’Ένθα

1587 5055 1946 5111 XYLANDRI
1981 5057 2070 5112 ET
2107 5057 2319 5112 GOARI
2356 5057 2578 5113 ΝΟΤᾸΞ.

449 5177 588 5255 (89)-
621 5174 821 5255 Scribe
855 5218 868 5242 ,
929 5164 1296 5255 Κορδούϐης.
1376 5167 1661 5255 Loquitur
1743 5169 1814 5226 de
1891 5171 2028 5227 Osio

376 5241 664 5302 Cordubae
697 5241 999 5318 episcopo;
1012 5241 1168 5318 'viro
1183 5257 1422 5318 magna).
1434 5313 1444 5318 _
1458 5241 1570 5318 isto
1626 5247 1891 5318 tempore
1901 5315 1911 5318 _
1922 5259 2029 5318 au-

378 5319 688 5378 ctoritatis.
733 5311 806 5373 ut
855 5311 926 5372 ei
959 5313 1211 5370 Eusebio
1255 5319 1313 5368 et
1341 5311 1586 5385 reliquis
1643 5311 2031 5385 scriptoribus

862 5392 1072 5442 notum
1127 5391 1234 5440 est.
1288 5383 1431 5438 Vide
1489 5383 1598 5439 hac
1632 5384 1702 5439 de
1731 5383 1795 5439 re
1827 5385 2030 5442 Socra-

381 5465 500 5514 tem
529 5477 568 5525 l,
596 5463 633 5527 _7
676 5466 734 5527 et
754 5463 815 5527 9,
876 5460 1098 5513 Sozom.
1152 5474 1187 5522 1,
1227 5458 1313 5518 l6.
1373 5455 1790 5510 Theodoritum
1825 5473 1860 5522 ι,
1891 5457 2032 5527 Χγι..

379 5524 817 5602 ς-Κορόούϐης.
875 5528 1262 5602 Theophanes
1323 5543 1581 5602 q_uoque_
1618 5527 1740 5602 vice
1801 5524 2035 5602 [(09806-

381 5389 800 5444 ecclesiasticis

2138 5167 2361 5298 EapSiav
2421 5177 2480 5228 et
2535 5169 2832 5248 ἀμύγδαλα
2902 5173 3304 5246 pronuntiant
3381 5179 3438 5230 et
3505 5173 3789 5231 scribunt.

2188 5259 2316 5298 om.

2188 5259 2321 5386 0&1.)
2382 5315 2528 5370 Hinc
2585 5321 2654 5371 ut
2705 5315 2972 5386 Deiparm
3047 5316 3242 5386 dicata
3305 5314 3569 5386 Θεότοκου
3625 5315 3789 5379 πόλις

2146 5384 2706 5462 ςιμιιειῐιδοιχιιοηεὶοιιι
2735 5384 3412 5462 θῐ-Κωνσταντινούπολις
3451 5389 3680 5462 legitur.
3709 5391 3796 5446 Ita

2143 5459 2430 5512 Menaeum
2463 5461 2496 5512 2
2525 5459 2678 5522 Maii,
2713 5459 2884 5530 cujus
2921 5459 3324 5530 anniversario
3357 5459 3452 5515 die
3509 5459 3796 5516 redeunte

2188 5545 2260 5614 er.
2281 5534 2469 5610 totum
2499 5529 2801 5614 grientem
2817 5529 3195 5614 celebrantur
3225 5531 3794 5614 encienia,_quorum

376 5595 498 5670 6ης,
523 5595 696 5673 juxta
735 5595 1057 5674 receptum
1095 5595 1402 5674 {Graecis
1447 5595 1761 5674 modernis
1806 5595 2036 5674 litteras
2147 5595 2462 5674 historiam
2515 5601 2650 5656 festi
2707 5603 2974 5673 ejusdem
3025 5602 3408 5672 Synaxariam
3449 5595 3706 5674 eihibet,
3739 5611 3800 5659 et

374 5664 803 5745 transponendi
828 5664 1075 5724 m'orem.
1108 5669 1199 5722 Sic
1223 5664 1447 5741 κραδίαν
1491 5676 1550 5723 et
1593 5665 1883 5741 ἀμύγλαδα
1908 5671 2036 5724 loco
2147 5672 2401 5726 Zonaras
2431 5664 2856 5729 commemorat
2887 5674 2950 5728 in
2979 5664 3387 5751 Constantino
3420 5674 3594 5730 601m.
