4118 6276
364 386 483 451 541

1509 395 1876 458 HISTORIA
1888 395 2056 458 RUM
2101 395 2649 463 COMPENDIUM.

3651 401 3775 463 542

363 518 437 591 δὴ
468 522 560 577 καὶ
600 525 897 597 κρατηθεὶς
953 529 1085 579 Θεοῦ
1140 526 1368 601 προνοίᾳ
1413 524 1508 588 τὰς
1564 547 1771 583 τουτων
1831 523 2011 582 ἀποδι-

2138 547 2405 586 reversus
2456 536 2564 587 est.
2622 533 2950 605 Euphratas
3024 533 3332 590 canalibus
3379 533 3782 590 subterraneis

370 610 590 687 δράσκει
619 619 816 690 χεῖρας
845 617 933 670 καὶ
982 615 1117 690 πρὸς
1156 617 1219 671 τὸ
1275 616 1567 685 Βυζάντιον
1618 615 2025 694 ἐπαναστρέφει,

366 704 433 760 Ὁ
524 702 705 776 μέντοι
793 702 1076 780 Εὖφρατᾶς
1148 706 1275 769 τοὺς
1355 705 1624 768 κανάλους
1715 708 2028 779 ὑπονόμους

364 794 770 856 κατασκευάσας
800 793 890 848 καὶ
931 794 1107 857 πάσας
1164 794 1345 871 πηγὰς
1404 793 1616 851 ὑδάτων
1671 795 2026 873 ἀναστρομώ-

364 901 466 942 σας
497 885 603 935 τῶν
636 901 829 956 τειγων
877 879 1104 955 ἤρξατα·
1147 883 1239 937 καὶ
1290 880 1459 938 πάλιν
1521 885 1573 938 οἱ
1636 885 1834 959 Πέρσαι
1890 885 2024 940 κατὰ

354 970 695 1042 Ῥωμανίας.
726 975 782 1024 Ὀ
821 967 879 1025 δὲ
938 971 1191 1045 βασιλεὺς
1240 975 1321 1044 τῷ
1380 972 1633 1050 Εὐφρατᾷ
1704 974 1829 1047 περὶ
1891 973 2021 1028 ναοῦ

363 1056 596 1119 κτίσεως
645 1057 946 1133 προστάξας
1050 1059 1211 1121 αὐτὸς
1294 1060 1387 1115 καὶ
1480 1062 1601 1136 περὶ
1694 1060 2020 1132 ἐνοικήσεως

362 1150 694 1223 προσέθηκε.
737 1150 837 1205 Καὶ
870 1148 998 1211 τοὺς
1047 1147 1371 1213 δακουλίους
1440 1151 1664 1206 ἑκάστου
1711 1156 1818 1208 τῶν
1875 1152 2022 1227 πρώ-

365 1260 478 1294 των
568 1236 850 1312 ἀρχόντων
926 1233 1356 1311 ἀναλαόόμενος,
1434 1238 1617 1302 οἴκους
1692 1238 2018 1314 δειμάμενος

360 1331 678 1405 περιφανεῖς
724 1327 822 1388 τὰς
905 1331 1165 1401 γυναῖκας
1220 1328 1399 1383 αὐτῶν
1462 1329 1595 1400 μετά
1640 1334 1750 1384 τῶν
1804 1326 2015 1385 παίδων

2135 621 2355 692 paratis
2385 636 2592 676 omnes
2630 620 2829 677 funtes
2881 622 3176 678 obstruxit
3229 639 3550 694 murosque
3608 623 3785 694 cmpit

2132 710 2351 765 moliri.
2388 713 2609 766 Rursus
2641 713 2835 767 Persis
2866 713 2927 767 in
2948 714 3296 770 Romaniam
3324 714 3780 785 impressionem

2130 799 2509 868 facientibus,
2540 800 2865 871 imperator
2893 803 3204 874 Euphrates
3247 802 3321 857 de
3352 803 3557 875 templi
3589 808 3782 858 struc-

2133 892 2267 945 tura
2286 890 2639 945 demandato
2661 891 2897 962 negotio
2915 892 3039 961 ipse
3061 892 3241 946 etiam
3254 891 3325 946 de
3343 892 3778 962 frequentanda

2131 977 2472 1034 hominibus
2493 979 2639 1035 urbe
2658 996 2862 1035 curam
2887 980 3086 1052 gessit.
3104 982 3247 1036 Nam
3271 980 3542 1036 domibus
3555 983 3777 1053 magni-

2130 1067 2257 1121 ﬁcis
2314 1069 2629 1123 exstructis
2685 1069 2939 1125 annulos
3006 1069 3274 1140 primarii
3323 1071 3611 1142 cujusque
3666 1071 3775 1124 viri

2129 1158 2370 1229 recepit,
2396 1173 2719 1229 eorumque
2742 1174 2975 1227 uxores,
3006 1158 3225 1213 liberos
3245 1174 3313 1213 ac
3340 1163 3491 1214 totas
3520 1159 3775 1213 familias

2129 1247 2276 1301 491
2316 1247 2376 1301 in
2406 1248 2626 1319 regiam
2674 1248 2884 1303 urbem
2932 1248 3210 1303 traduxit.
3267 1249 3396 1318 Ipse
3454 1264 3660 1302 rursus
3714 1249 3775 1302 in

2125 1334 2335 1387 Persas
2368 1333 2805 1403 expeditionem
2834 1333 2993 1402 fecit,
3028 1335 3219 1405 iisque
3245 1334 3435 1406 pulsis
3468 1334 3668 1388 rediit.

358 1416 454 1471 καὶ
489 1417 707 1470 πάντων
737 1419 847 1470 τῶν
883 1415 972 1470 ὑπ⁴
1029 1415 1225 1477 αὐτοὺς
1257 1416 1332 1478 εἷς
1389 1419 1487 1484 τήν
1560 1414 1817 1493 βασιλίδα
1873 1418 2164 1494 ἀνήγαγεν.
2222 1421 2284 1477 Ὁ
2342 1417 2400 1475 δὲ
2460 1419 2715 1495 βασιλεὺς
2767 1419 2932 1476 πάλιν
2990 1421 3099 1490 ἐπὶ,
3157 1422 3371 1497 Πέρσας
3401 1419 3770 1495 ἐκστρατεύει.

359 1511 402 1559 Κ
447 1504 463 1523 ς
570 1504 594 1539 ,ρ
994 1505 1009 1523 .
1270 1504 1280 1522 .

406 1525 467 1560 αι
496 1525 563 1560 το
581 1524 730 1566 non;
758 1523 1179 1578 τροπωσαμενος
1212 1505 1375 1561 παλιν
1406 1504 1719 1580 ὑπέστρεψε.

431 1593 528 1665 Τῷ
562 1594 628 1666 ιρ“
676 1586 783 1648 ἔτει
815 1593 843 1646 ὁ
876 1592 1056 1669 Μέγας
1117 1597 1533 1657 Κωνσταντῖνυς
1586 1598 1801 1669 θεωρῶν
1862 1597 2019 1652 Anci-

355 1701 475 1735 νιον
512 1682 884 1756 μανικώτερον
915 1683 1053 1736 κατά
1106 1686 1215 1737 τῶν
1246 1688 1581 1758 Χριστιανῶν
1645 1689 1725 1756 τῷ
1783 1681 2016 1761 διωγμῷ

2198 1600 2368 1653 Anno
2422 1600 2513 1654 sui
2570 1600 2805 1671 imperii
2859 1601 2924 1654 19
2970 1600 3416 1667 Constantinus,
3478 1599 3769 1654 Licinium

2124 1687 2327 1742 videns
2358 1687 2719 1744 Christianos
2744 1689 3011 1744 insanius
3042 1705 3257 1743 vexare
3287 1705 3355 1744 ac
3387 1689 3499 1744 sibi
3531 1704 3770 1759 quoque

353 1772 649 1845 χρώμενον
682 1772 773 1825 καὶ
809 1765 1111 1841 ἐπιϐουλὴν
1169 1773 1304 1829 κατὰ
1357 1778 1454 1828 τοῦ
1508 1773 1788 1849 εὐεργέτου
1849 1775 2010 1848 μελε·

2126 1776 2484 1831 benefactori
2516 1793 2621 1831 suo
2668 1777 2958 1845 insidiari,
2990 1782 3196 1832 contra
3227 1793 3361 1834 eum
3414 1784 3573 1832 terra
3624 1792 3776 1831 mar-

348 1865 560 1927 τῶντα,
595 1857 882 1929 ὁπλίζεται
910 1862 1028 1917 κατ’
1088 1861 1253 1915 αὐτοῦ
1307 1858 1395 1917 διὰ
1453 1864 1618 1938 ξηρᾶς
1675 1864 1765 1918 καὶ
1816 1861 2016 1927 θαλασ-

353 1971 484 2021 σης.
517 1948 745 2008 Ἕνδεκα
788 1949 847 2006 δὲ
898 1950 986 2007 καί
1046 1952 1188 2007 ὀκτὼ
1251 1954 1384 2024 μησί
1442 1956 1554 2027 (82)
1610 1958 1707 2009 τοῦ
1762 1956 2014 2028 πολέμου

359 2042 563 2115 μεταξῦ
630 2042 1038 2097 Κωνσταντίνον
1100 2041 1191 2097 καὶ
1256 2044 1499 2099 Λικινίου
1565 2043 1877 2116 ἱσταμένου,
1937 2045 2012 2106 ὡς

356 2130 613 2203 πόλεμος
668 2131 804 2186 κατὰ
829 2132 930 2199 τήν
966 2131 1212 2187 Βιθυνίαν
1274 2131 1566 2205 ἐκροτήθη,
1627 2137 1730 2202 ζῶν
1758 2134 1786 2187 ὁ
1816 2132 2015 2202 ἀλιτή-

355 2239 480 2293 ριος
522 2214 966 2293 συλλαμϐάνεται
1026 2218 1078 2275 ἐν
1115 2218 1482 2293 Χρυσοπόλει,
1542 2221 1627 2293 [Ρ.
1660 2223 1786 2293 284]
1820 2221 1909 2276 καὶ
1938 2221 2016 2284 εἰς

351 2307 764 2378 Θεσσαλονίκην
847 2307 1178 2381 ἐκπεμπεται
1258 2312 1662 2386 φρουρεῖσθαι,
1744 2311 2014 2385 πρότερον

362 2399 555 2472 μέντοι
615 2395 671 2453 ἕν
723 2419 785 2473 γε
839 2402 908 2471 τῇ
971 2397 1256 2454 Φιλίππου
1305 2397 1467 2454 πόλει
1546 2397 1870 2473 πολεμήσας
1924 2399 2014 2454 καὶ

348 2488 635 2557 ἡττηθείς.
705 2488 795 2551 Ὠς
878 2485 935 2541 δὲ
1009 2487 1060 2542 ἐν
1146 2486 1515 2554 Θεσσαλονίκη
1600 2488 1847 2568 ἐπέμφθη
1923 2491 2015 2544 καὶ

354 2577 529 2633 πάλιν
558 2575 728 2632 ἐκεῖσε
767 2576 1101 2651 νεωτερίζειν
1152 2575 1360 2650 ἓμελλε
1420 2574 1728 2653 βαρϐάρους
1790 2579 2015 2651 μισθού-

355 2687 547 2739 μενος,
604 2671 795 2720 τοῦτον
853 2664 943 2721 διὰ
997 2665 1184 2745 ξίφους
1230 2665 1613 2739 ἀποτμηθῆναι
1661 2671 1770 2740 (83)
1799 2668 1827 2721 ὀ
1863 2669 2015 2741 βασι-

356 2754 491 2817 λεὺς
548 2752 782 2809 κελεύει·
865 2756 955 2810 καὶ
1012 2753 1151 2809 εὕτω
1210 2753 1407 2810 λοιπὸν
1461 2754 1674 2819 τελείας
1732 2755 2019 2827 ἀπήλαυσε

350 2844 615 2921 γαλήνης
645 2843 712 2898 τὰ
766 2842 1081 2920 πράγματα.
1143 2844 1283 2901 Τότε
1344 2846 1568 2916 καθιστᾷ
1616 2850 2016 2909 Κωνσταντῖνος

352 2933 487 2996 τοὺς
546 2930 722 2994 ἰδίους
804 2930 1003 2992 παῖδας
1061 2931 1353 3009 Καίσαρας,
1401 2934 1491 2988 καὶ
1552 2933 1819 3008 Κυριακὲις
1879 2934 2018 3008 πρὸς

344 3022 702 3099 ἐπιστροφήν
733 3025 842 3077 τῶν
900 3020 1066 3086 ἐθνῶν
1125 3022 1262 3077 κατᾶ
1316 3023 1520 3085 τόπους
1579 3023 1656 3086 εἷς
1697 3024 1864 3096 τιμὴν
1919 3026 2018 3079 τοῦ

355 3116 495 3166 Θεοῦ
523 3115 697 3167 ποιεῖ.
1496 3178 1499 3181 _

430 3203 521 3271 Τῷ
585 3200 632 3254 κ’
685 3197 796 3254 ἓτει
880 3201 981 3264 τῆς
1069 3196 1351 3272 βασιλείας
1443 3202 1540 3253 τοῦ
1608 3199 2012 3255 Κωνσταντίνου

366 3286 752 3361 πληρωθείσης
829 3293 931 3356 τῆς
1006 3286 1225 3347 πόλεως
1311 3285 1633 3360 ἐθεματίσθη
1710 3289 1823 3361 (84)
1910 3286 2012 3342 ὑπὸ

376 3375 674 3437 Οὐάλεντος
703 3375 1072 3449 ἀστρονόμου,
1104 3375 1155 3431 ἐν
1201 3379 1270 3449 τῇ
1333 3378 1382 3447 ᾤ’
1440 3374 1621 3451 ἡμέρᾳ
1674 3381 1783 3431 τῶν
1832 3376 2014 3452 ἐγκαι-

370 3463 500 3518 νίων
532 3463 713 3534 αὐτῆς,
746 3464 808 3520 ἐκ
858 3465 1201 3539 προστάξεως
1256 3468 1355 3520 τοῦ
1411 3463 1676 3539 βασιλέως
1732 3471 2013 3520 Κωνσταν-

365 3554 542 3623 τίνου,
605 3556 733 3627 μηνὶ
795 3556 957 3627 Μαΐῳ
1016 3555 1102 3623 ια’,
1159 3554 1341 3627 ἡμέρᾳ
1397 3556 1465 3629 β’,
1531 3551 1748 3627 ίνδίκτῳ
1789 3556 1837 3629 γ’
1876 3558 2009 3627 (85),

356 3638 465 3699 ἔτει
524 3642 635 3697 ἀπὸ
712 3642 943 3704 κτίσεως
994 3644 1207 3715 κόσμου
1259 3640 1459 3716 ,εωληκ
1520 3642 1770 3721 Περιέχει
1828 3640 1885 3698 δὲ
1947 3644 2010 3698 τὸ

351 3733 484 3788 ὅλον
554 3732 918 3806 συμπέρασμα
995 3725 1089 3801 ἔτη
1169 3730 1316 3807 χιις’.
1376 3731 1568 3804 Τούτῳ
1623 3736 1702 3804 τῷ
1760 3727 1868 3787 ἔτει
1919 3734 2011 3790 καὶ

354 3820 600 3894 Κρίσπος
633 3820 809 3882 ὁυίὸς
875 3820 1282 3876 Κωνσταντίνου
1337 3820 1655 3894 Χριστιανὸς
1714 3821 2009 3893 ἐκοιμήθη.

352 3911 452 3965 Καὶ
513 3907 713 3979 Ἑλένη
769 3912 803 3979 ἡ
860 3911 1047 3982 μήτηρ
1126 3912 1224 3963 τοῦ
1278 3907 1546 3982 βασιλέως
1605 3912 1889 3986 στεφθεῖσα
1947 3906 2014 3965 δι’

353 3998 624 4058 ὀπτασίας
676 3997 752 4060 είς
822 3998 889 4051 τὰ
939 3997 1295 4070 Ἰεροσόλυμα
1367 3996 1684 4074 ἀπέρχεται,
1742 3998 1833 4054 καὶ
1888 3997 2015 4062 τοὺς

2125 1882 2241 1936 que
2271 1865 2494 1919 bellum
2521 1867 2764 1936 paravit.
2796 1867 2859 1921 Id
2898 1866 3125 1921 bellum
3177 1883 3310 1921 cum
3344 1866 3615 1921 durasset
3665 1882 3773 1921 an-

2124 1971 2266 2009 num
2297 1960 2473 2025 atque
2505 1960 2636 2009 octo
2669 1972 2925 2022 menses,
2958 1955 3317 2025 tandemque
3348 1956 3409 2008 in
3440 1954 3773 2025 Bithyniam

2125 2044 2386 2098 delatum
2419 2049 2576 2097 esset
2605 2044 2685 2097 ibi
2716 2044 3042 2116 ﬂagitiosus
3073 2044 3171 2098 ille
3204 2044 3462 2098 Licinius
3513 2044 3575 2097 in
3628 2042 3773 2097 urbe

2124 2132 2467 2202 Chrysopoli
2526 2137 2731 2203 captus
2786 2132 3400 2203 ’l‘hessalonicamque
3456 2133 3518 2186 in
3576 2136 3776 2186 custo-

2126 2221 2285 2275 diam
2315 2221 2485 2275 datus
2517 2225 2625 2275 est.
2686 2221 2757 2275 Et
2810 2220 3051 2291 quidem
3107 2220 3271 2291 prius
3326 2220 3644 2291 Philippis,
3706 2235 3773 2274 ac

2126 2309 2342 2365 deinde
2401 2309 2783 2380 AdrianOpoli
2841 2309 3157 2365 rebellarat
3203 2310 3506 2379 victusque
3559 2309 3772 2363 fuerat.

2129 2402 2342 2454 Verum
2375 2405 2440 2453 ut
2486 2397 2876 2454 Tessalonicaa
2921 2399 3101 2453 etiam
3161 2398 3451 2453 Barbaros
3501 2397 3774 2452 mercede

2127 2488 2456 2543 conducere
2488 2504 2784 2557 novasque
2816 2503 2910 2541 res
2956 2504 3093 2542 eum
3125 2487 3322 2542 moliri
3354 2486 3778 2541 Constantinus

2128 2578 2332 2643 sensit,
2366 2577 2560 2649 gladio
2587 2577 2639 2631 ei
2672 2582 2847 2647 caput
2868 2577 3383 2648 amputarijussit.
3420 2578 3502 2631 Ita
3534 2574 3775 2629 demum

2126 2664 2383 2734 perfecte
2416 2663 2615 2718 omnia
2641 2662 3103 2733 fueruntpacata.
3136 2664 3261 2717 Tun
3285 2680 3316 2717 c
3349 2662 3776 2717 Constantinus

2128 2771 2266 2809 suos
2296 2754 2453 2808 filios
2483 2754 2742 2807 Caesares
2783 2752 3073 2824 designat,
3106 2757 3164 2806 et
3219 2752 3294 2806 ad
3346 2750 3775 2806 convertendos

2127 2843 2200 2900 ad
2231 2842 2625 2898 Christianam
2657 2841 3004 2912 religionem
3034 2840 3286 2911 populos
3316 2839 3535 2911 passim
3571 2840 3631 2893 in
3666 2840 3771 2893 ho-

2128 2948 2334 2987 norem
2366 2930 2469 2986 Dei
2499 2930 2723 3001 templa
2758 2931 2952 3001 ponit.

2176 3196 2344 3250 Anno
2364 3191 2641 3247 vicesimo
2661 3190 2895 3262 imperii
2921 3190 3293 3247 Constantini
3318 3190 3458 3245 urbs
3479 3190 3772 3261 absoluta,

2123 3283 2369 3355 ejusque
2396 3282 2598 3338 thema
2614 3280 2789 3351 jussu
2820 3280 3194 3352 imperatoris
3223 3296 3259 3335 a
3287 3279 3531 3335 Valente
3580 3284 3772 3335 astro-

2123 3388 2298 3428 nomo
2329 3370 2693 3441 descriptum
2715 3375 2822 3439 est,
2846 3374 3047 3424 octavo
3070 3369 3352 3424 feriarum
3380 3368 3768 3425 dedicationis

2121 3462 2238 3530 die,
2263 3462 2363 3533 qui
2389 3461 2502 3515 fuit
2516 3460 2651 3516 Mail
2673 3459 3048 3528 undecimus,
3073 3460 3419 3530 septimanae
3450 3458 3770 3526 secundus,

2122 3552 2447 3607 indictione
2505 3549 2698 3617 tertia,
2762 3565 2917 3605 anno
2974 3564 3010 3604 a
3056 3549 3260 3603 mundi
3325 3549 3550 3620 origine
3599 3549 3766 3604 5838.

2121 3640 2398 3696 Continet
2420 3643 2620 3694 autem
2644 3635 2767 3693 tota
2785 3637 3116 3709 complexio
3141 3652 3330 3692 annos
3358 3640 3480 3691 696.
3513 3639 3593 3691 Eo
3608 3652 3768 3690 anno

2121 3731 2362 3800 Crispus
2391 3727 2762 3783 Constantini
2796 3727 2975 3794 ﬁlius,
3008 3726 3378 3780 Christianus
3419 3724 3534 3779 vita
3564 3725 3767 3779 deoess

2121 3819 2215 3874 sit.
2249 3821 2318 3873 Et
2348 3816 2570 3872 Helena
2601 3820 2789 3870 mater
2818 3813 3194 3883 imperatoris
3222 3813 3517 3868 insomnio
3566 3813 3769 3868 admo-

2121 3908 2249 3963 nita
2301 3905 2765 3975 Hierosolymam
2830 3901 3275 3972 proficiscitur;
3326 3901 3527 3973 ibique
3586 3902 3771 3956 sacris

2121 3998 2268 4052 locis
2369 3993 2616 4049 detectis
2701 3990 3096 4045 venerandam
3193 4007 3429 4046 crucem
3522 3991 3773 4086 invenit,

1578 4123 1943 4178 XYLANDRI
1980 4124 2067 4178 ET
2107 4119 2322 4175 GOARI
2362 4117 2585 4172 NOT/E.

420 4240 533 4308 (82)
568 4238 721 4293 Sane
751 4255 823 4293 ex
872 4238 1119 4293 historia
1170 4237 1350 4309 hujus
1396 4236 1537 4292 belli
1594 4238 1785 4309 liquet
1820 4239 2004 4294 fuisse

347 4310 724 4365 diniurnum.
758 4311 911 4374 Quot
939 4315 1136 4364 autem
1168 4309 1498 4363 confectum
1531 4310 1836 4364 mensibus
1879 4310 2005 4365 fue-

349 4383 449 4450 rit,
482 4397 609 4472 noLn
641 4380 784 4472 satis
813 4383 1176 4472 appagethln
1208 4381 1405 4435 Graeco
1453 4381 1730 4472 undecim
1787 4386 1848 4472 et
1875 4387 2006 4472 octo
2039 4408 2084 4472 D

348 4452 662 4508 mensibus
692 4451 937 4507 durasse
973 4452 1207 4518 dicitur,
1241 4468 1489 4507 numero
1516 4452 1658 4506 satis
1697 4451 2004 4521 insolenti,

348 4525 466 4579 nisi
496 4524 651 4579 forte
679 4525 937 4595 primum
960 4522 1237 4595 undecim
1252 4522 1564 4595 mensibus
1593 4522 2006 4594 belligeratum

351 4602 409 4650 et
438 4600 595 4667 post,
628 4593 800 4666 rupto
832 4594 1073 4667 ﬁndere,
1107 4593 1352 4649 rebellio
1385 4594 1539 4649 facta
1567 4601 1626 4648 et
1651 4593 1780 4649 octo
1833 4612 2004 4649 men-

352 4666 515 4721 sibus
547 4682 835 4737 oppressa
865 4666 959 4722 sit.
992 4666 1132 4720 Χγῐ..

588 4734 1032 4819 ’Ἄπο-τμηθῆναι,
1082 4736 1397 4819 ‘nimirum
1442 4740 1540 4802 τὴν
1627 4734 1901 4819 κεφαλήν,
1956 4737 2004 4792 si

348 4808 591 4878 quidem
622 4809 867 4863 verbum
898 4813 1056 4863 recte
1082 4808 1296 4863 habet:
1330 4823 1471 4863 nam
1495 4808 1781 4878 occisum
1821 4808 2004 4864 fuisse

352 4877 709 4951 simpliciter
728 4880 968 4934 tradunt
993 4879 1230 4951 reliqui.
1264 4877 1534 4951 Κυριακάς
1566 4879 1723 4951 verti
1763 4880 2002 4951 templa,

350 4949 650 5022 suppleto,
700 4951 943 5005 nomine
996 4949 1192 5022 οἰκίας.
1242 4949 1808 5022 ΝοειττιιζῐιμΙιίνεΙιοη
1866 4949 2003 5005 inde

351 5020 479 5077 esse
543 5021 863 5076 deductum
916 5021 1103 5075 multo
1163 5025 1251 5092 est
1287 5020 1650 5092 probabilius
1700 5039 1877 5092 quam
1908 5038 2001 5076 ec-

350 5094 555 5148 clesia.
586 5124 659 5138 ~—
687 5094 821 5148 XvL.
853 5092 1121 5164 Intellige
1144 5089 1340 5164 οἰκίας.
1373 5108 1405 5146 a
1456 5092 1674 5146 Latinis
1718 5089 2005 5147 dominica

349 5171 618 5230 vocatas;
650 5181 784 5234 quae
804 5163 1033 5237 κυριακά
1058 5179 1294 5235 quoque
1317 5163 1379 5217 in
1410 5168 1621 5219 neutro
1639 5164 2001 5221 scribuntur.

353 5240 530 5291 Goan.

423 5306 539 5378 (84)
574 5303 722 5378 Θέμα
746 5305 943 5378 juxta
972 5305 1395 5378 modernorum
1426 5322 1601 5360 usum
1638 5306 2003 5378 explicemus

354 5376 657 5447 legionem,
684 5376 1053 5446 provinciam.
1105 5377 1418 5444 mdiﬁcium,
1474 5376 1820 5446 positionem.
1856 5378 2002 5431 Hinc

358 5466 595 5519 quoque
610 5448 915 5503 stellarum
940 5448 1265 5502 errantium
1299 5449 1452 5502 sicut
1474 5455 1531 5502 et
1554 5448 1801 5503 lixarum
1834 5448 2000 5515 ordo,

358 5521 639 5575 caelorum
676 5519 846 5582 situs,
880 5519 1141 5574 siderum
1184 5519 1542 5583 mansiones,
1607 5527 1671 5573 ut
1725 5520 1911 5583 aiunt,
1946 5525 2005 5574 et

358 5590 704 5646 eorumdem
764 5590 839 5645 ad
888 5606 1016 5644 sese
1073 5597 1377 5659 respectus
1434 5588 1589 5661 θέμα,
1643 5591 1881 5645 Zonaras
1923 5588 1998 5641 θε-

358 5662 549 5734 μάτων
597 5668 996 5732 nuncupatur,
1029 5661 1186 5734 quod
1243 5661 1343 5734 alii
1390 5661 1859 5734 tritoAsermone
1905 5677 2002 5716 vo-

357 5731 493 5789 cant
545 5734 973 5803 horoscopium,
1048 5733 1216 5803 cujus
1275 5732 1323 5788 si
1374 5731 1477 5785 tibi
1534 5732 1779 5803 ﬁguram
1839 5749 2002 5788 com-

2115 4233 2424 4309 posueris,
2516 4222 2832 4303 θεματόζειν
2911 4228 3161 4283 Cedreni
3246 4227 3420 4282 verbo
3506 4228 3769 4284 diceris.

2118 4309 2293 4363 GOAR.

2186 4377 2302 4448 (85)
2333 4374 2503 4448 Quod
2529 4375 2589 4448 in
2623 4372 2825 4448 codice
2854 4376 3155 4448 meoante
3184 4370 3230 4445 γ’
3262 4372 3493 4448 signum
3548 4377 3657 4448 est,
3701 4387 3769 4448 eo

2117 4440 2293 4517 signo
2315 4440 2507 4502 notari
2557 4444 2944 4517 indictionem
2993 4440 3355 4517 (ἐπινέμησιν)
3402 4443 3767 4517 deprehendi

2115 4515 2187 4576 ex
2215 4518 2531 4575 Justiniani
2559 4533 2714 4571 anno
2735 4515 3079 4585 undecimo,
3110 4515 3210 4570 ubi
3241 4516 3434 4587 agitur
3466 4515 3537 4570 de
3570 4517 3767 4585 magni

2115 4592 2318 4663 templi
2353 4589 2804 4663 instauratione,
2838 4593 2907 4663 et_
2937 4590 3192 4663 zonaras
3252 4587 3560 4663 perspicue
3614 4587 3770 4663 indi-

2115 4657 2372 4718 ctionem
2407 4678 2508 4732 pro
2540 4660 2652 4714 hoc
2695 4660 2860 4732 signo
2894 4659 3090 4715 habet.
3124 4658 3288 4723 Quod
3320 4664 3377 4712 et
3402 4657 3407 4658 “
3432 4657 3566 4732 aliis
3624 4658 3769 4732 locis

2115 4675 2372 4718 ctionem
2407 4678 2508 4732 pro
2543 4675 2652 4714 noc
2695 4675 2860 4784 διῆηο
2894 4675 3090 4715 nanet.
3124 4675 3288 4723 uuoa
3320 4675 3377 4712 et
3432 4675 3566 4712 ams
3624 4675 3768 4713 lOClS

2114 4733 2452 4790 observabit
2472 4737 2733 4787 attentus
2786 4736 2963 4785 ector.
2993 4734 3175 4787 Porro
3198 4735 3396 4785 autem
3429 4730 3501 4785 ad
3523 4730 3768 4785 verbum

2115 4806 2318 4861 omnia
2347 4803 2601 4871 reddidi,
2643 4818 2717 4858 ne
2749 4802 2882 4873 quis
2916 4802 3266 4858 temeritatis
3311 4818 3406 4857 me
3437 4807 3764 4857 accusaret.

2114 4877 2284 4949 Apud
2312 4879 2599 4949 Zonaram
2630 4878 2768 4949 gest,
2820 4890 3025 4949 annos
3052 4876 3163 4949 ‘696
3221 4873 3568 4949 duraturam
3616 4874 3770 4942 Cpo-

2112 4944 2219 5003 lifn
2243 4947 2583 5019 prasdixisse
2629 4945 2956 5019 Valentem,
3002 4945 3189 5019 idque
3222 4961 3296 5019 ex_
3353 4944 3762 5019 themate__seu

2114 5013 2308 5090 positu
2342 5020 2604 5073 siderum
2635 5016 2901 5090 innatali
2929 5013 3261 5090 urbis‘eum
3283 5013 3765 5090 indicasseLHinc

2111 5084 2290 5146 verba
2307 5090 2501 5146 Nostri
2524 5093 2690 5159 potes
2708 5087 3062 5159 intelligere.
3087 5085 3251 5152 Quod
3273 5085 3344 5159 de
3368 5089 3556 5138 morte
3574 5084 3763 5159 Crispi

2113 5162 2351 5225 dicitur,
2384 5155 2602 5215 menda
2632 5175 2752 5212 non
2783 5155 3012 5212 videtur
3032 5173 3254 5212 vacare.
3297 5156 3540 5210 Constat
3568 5170 3638 5208 ex
3669 5155 3761 5208 hi-

2113 5234 2346 5288 storicis
2377 5248 2511 5286 eum
2538 5229 2687 5285 falso
2720 5244 2755 5283 a
2781 5245 3033 5283 noverca
3085 5229 3299 5282 Fausta
3350 5225 3614 5280 delatum
3645 5225 3764 5280 cri-

2112 5304 2271 5358 mine
2313 5301 2481 5372 quasi
2506 5299 2848 5372 pudicitiam
2882 5300 3008 5372 ejus
3042 5296 3563 5372 tentasset,capite
3588 5294 3761 5372 dam-

2111 5363 2550 5429 natum'fuisse.
2587 5373 2655 5423 Et
2683 5370 2826 5440 quid
2858 5363 2969 5424 sibi
3004 5369 3138 5423 velit
3170 5363 3461 5441 στεφθεῖσα
3483 5363 3551 5420 δι’
3586 5364 3759 5423 ὄπτα-

2111 5445 2251 5511 σίας,
2287 5460 2403 5497 non
2435 5442 2576 5496 satis
2599 5441 2803 5511 liquet.
2864 5441 3006 5495 Vide
3067 5441 3374 5510 Nicephor.
3410 5448 3527 5505 vni,
3562 5444 3651 5495 29.
3699 5442 3766 5496 Et

2154 5515 2267 5569 uod
2292 5514 2541 5569 obscure
2572 5528 2639 5566 ac
2685 5511 2921 5566 concise
2981 5512 3190 5565 Noster
3247 5511 3318 5565 de
3377 5512 3671 5567 Armeniis
3704 5519 3760 5567 et

2156 5587 2380 5641 eridate
2410 5584 2607 5649 referi,
2642 5582 2938 5654 intelliges
2995 5599 3067 5637 ex
3119 5583 3329 5638 eodem
3385 5601 3434 5637 ο.
3477 5600 3642 5638 xxxv.
3676 5586 3756 5637 De

2109 5658 2302 5713 Persis
2331 5657 2490 5712 idem
2521 5654 2747 5727 prolixe
2775 5655 3236 5727 capasequenti,
3268 5654 3371 5710 ubi
3402 5655 3756 5711 Usthazanes

2112 5729 2329 5785 dicitur
2357 5728 2456 5799 qui
2488 5722 2690 5782 nostro
2723 5722 2987 5794 Οὒθᾶξάδ.
3014 5722 3154 5782 XYL.
