4118 6276
400 369 522 428 543
1751 365 2067 428 GEORGII

2175 369 2461 433 EDRENI
3697 365 3844 425 ’5η

402 502 555 558 498
615 501 932 571 omniaque
966 500 1244 570 restituit,
1277 504 1335 554 et
1376 500 1601 572 templa
1632 499 1705 554 iis
1735 500 1884 555 locis
1911 501 2056 555 aadi-

2175 501 2357 575 Ξιγίους
2392 503 2592 566 τόπους
2643 504 2990 581 φανερώσασα
3044 504 3135 558 καὶ
3190 503 3282 558 τὸν
3341 502 3529 574 τίμιον
3585 497 3840 572 σταυρὸν

408 592 600 646 ﬁcavit
628 608 696 645 ac
745 589 1054 661 splendide
1117 590 1439 645 exornavit.
1472 591 1550 643 Eo
1613 595 1840 660 tempre
1897 589 2057 645 Con-

2175 593 2394 666 εὑροῦσα
2454 595 2624 650 πάντα
2680 595 2978 664 ἀνέστησε,
3029 593 3120 649 καὶ
3183 594 3346 654 ναοὺς
3405 587 3842 662 οἰκοδομήσασα

411 683 705 737 stantinus
745 680 932 736 eodem
982 681 1036 736 S.
1073 679 1322 750 SOPhize,
1383 680 1443 735 id
1501 685 1591 734 est
1635 679 1970 750 Sapientiae,
2003 685 2062 733 et

501 774 708 836 Irenaa,
740 769 802 824 id
833 775 924 824 est
973 769 1164 836 Pacis,
1197 774 1255 822 et
1307 769 1401 822 SS.
1461 768 1902 839 Apostolorum,
1933 773 2060 823 tum

405 861 718 916 beatorum
753 859 940 927 Mocii,
971 865 1029 914 et
1060 858 1432 930 Agathonici,
1466 864 1525 913 et
1571 859 1875 930 copiarum
1906 875 2063 930 prm-

407 951 546 1004 fecti
577 951 639 1004 in
673 948 900 1020 Anaplo
932 953 990 1002 et
1021 947 1331 1002 Sosthenio
1383 949 1708 1014 exstruxit;
1740 947 1840 1002 ubi
1881 947 2061 1002 etiam

411 1038 762 1095 miraculose
795 1036 1016 1092 audivit
1045 1036 1376 1091 divinarum
1417 1053 1622 1092 vocum
1654 1037 1852 1092 omina
1883 1041 2060 1106 atque

407 1129 570 1184 vidit.
603 1127 786 1182 Jussit
811 1127 986 1182 etiam
1033 1125 1368 1181 Graecorum
1424 1125 1761 1180 simulacris
1791 1126 2063 1182 dedicata

409 1220 549 1275 fana
579 1217 824 1280 destrui,
861 1231 1186 1284 eorumque
1221 1215 1444 1269 reditus
1487 1215 1729 1286 templis
1777 1215 2060 1270 Christia-

413 1323 627 1361 norum
677 1323 712 1360 a
765 1321 825 1360 se
877 1304 1183 1359 mdiiicatis
1236 1303 1480 1358 addixit.
1537 1306 1653 1358 lloc
1702 1304 2058 1374 imperatore

412 1394 586 1452 multi
653 1393 854 1465 populi
941 1391 1334 1447 Christianam
1397 1391 1746 1464 religionem
1803 1391 2060 1462 amplexi

412 1489 571 1551 sunt,
603 1483 900 1538 Celtarum
949 1487 1010 1536 et
1037 1481 1339 1536 Gallorum
1399 1481 1879 1548 occidentalium,
1936 1487 2060 1535 tum

409 1573 540 1630 Indi
590 1571 907 1627 interiores
965 1571 1283 1640 Iberesque
1339 1574 1396 1624 et
1456 1569 1740 1636 Armenii,
1791 1569 2059 1624 Teridate

410 1665 539 1734 ejus
569 1663 654 1718 rei
685 1661 970 1733 principe.
1003 1662 1163 1716 Tunc
1215 1661 1376 1716 enim
1431 1661 1740 1732 Gregorius
1792 1677 2058 1729 magnus,

408 1751 704 1806 Armenia:
721 1766 948 1822 magna)
980 1749 1312 1820 episcopus,
1347 1767 1414 1804 ex
1456 1749 1705 1804 terribili
1757 1749 1868 1803 isto
1927 1748 2059 1804 lacu

2163 679 2218 734 ἓν
2313 681 2497 746 αὐτοῖς
2576 688 2886 760 περιφανῶς
2967 682 3192 744 τούτους
3267 677 3668 740 ἐκαλλώπισεν.
3741 678 3838 733 Ἐν

2164 769 2381 835 τούτοις
2407 777 2524 834 τοῖς
2555 776 2770 846 καιροῖς
2796 773 2888 826 τὸν
2921 773 3049 827 ναὸν
3086 779 3186 840 τῆς
3223 768 3412 846 Ἀγίας
3467 769 3705 845 Σοφίας,
3738 766 3837 820 καὶ

2159 865 2262 923 τῆς
2293 859 2481 934 Ἀγίας
2524 861 2784 936 Είρήιης,
2813 861 2906 916 καὶ
2934 865 3042 916 τῶν
3067 861 3268 936 Ἀγίων
3302 856 3681 924 Ἀποστόλων,
3737 855 3835 909 καὶ

2161 952 2261 1002 τοῦ
2292 949 2478 1022 Ἀγίου
2511 950 2756 1021 Μωκίου,
2787 950 2876 1006 καὶ
2907 955 3004 1005 τοῦ
3043 950 3226 1024 Ἀγίου
3286 945 3673 1022 Ἀγαθονίκου,
3737 943 3837 998 καί

2161 1040 2260 1091 τοῦ
2291 1037 2734 1112 ἀρχιστρατήγου
2766 1042 2878 1112 (86)
2910 1037 2960 1093 ἐν
3020 1043 3101 1110 τῷ
3133 1035 3390 1109 Ἀνᾶπλῳ
3445 1035 3538 1090 καὶ
3601 1035 3834 1088 Σωσθε-

2164 1127 2283 1199 νίῳ,
2342 1123 2468 1192 ἔνθα
2528 1130 2618 1182 καὶ
2676 1130 2821 1192 θείας
2881 1131 3064 1206 ἀμφάς
3124 1131 3446 1200 θαυμαστῶς
3501 1124 3718 1193 ἥκουσέ
3775 1143 3838 1178 τε

2163 1216 2254 1270 καὶ
2317 1216 2584 1272 ἑθεάσατο
2624 1219 2652 1272 6
2705 1218 3068 1296 φιλόχριστος
3129 1215 3403 1291 βασιλεὺς,
3463 1211 3836 1286 ᾠκοδόμησε.

2164 1303 2304 1366 Τοὺς
2334 1303 2391 1360 δὲ
2415 1310 2526 1360 τῶν
2574 1303 2858 1377 Ἐλλήνων
2917 1303 3243 1366 εἶδωλικοῦς
3302 1302 3463 1364 ναοὺς
3522 1301 3840 1372 προσέταξε

2162 1392 2520 1448 καταλύεσθαι
2577 1394 2666 1450 καὶ
2731 1393 3024 1464 ἐκκλησίας
3092 1391 3524 1466 οἰκοδομεῖσθαι,
3581 1391 3680 1445 καὶ
3734 1389 3836 1450 τὰς

2163 1481 2368 1536 τούτων
2457 1481 2762 1559 προσόδους
2816 1483 3003 1545 αὐταῖς
3061 1481 3372 1553 δωρεῖσθαι*
3439 1483 3562 1538 Ἑπί
3623 1479 3837 1534 τούτου

2161 1575 2258 1624 τοῦ
2294 1571 2562 1646 βασιλέως
2619 1571 2805 1628 πολλὰ
2858 1577 2967 1627 τῶν
3023 1571 3188 1627 ἐθνῶν
3244 1572 3334 1626 τὸν
3391 1567 3838 1642 Χριστιανισμὸν

2160 1656 2545 1732 προσεδέξαντο
2579 1704 2592 1730 ,
2659 1660 2766 1716 ἀπό
2814 1681 2872 1716 τε
2939 1659 3160 1718 Κελτῶν
3219 1658 3312 1714 καὶ
3367 1657 3630 1713 Γαλατῶν
3719 1661 3834 1710 τῶν

2161 1748 2445 1822 ἑσπερίων
2477 1748 2626 1805 ἀλλὰ
2679 1751 2770 1806 καὶ
2828 1747 2989 1808 Ἰνδοὶ
3049 1751 3104 1805 οἱ
3153 1746 3439 1824 ἐνδοτέρω,
3487 1743 3729 1824 Ἴϐηρες
3779 1765 3840 1800 τε

409 1841 658 1895 eductus
690 1839 760 1894 ad
793 1855 990 1912 regem
1021 1839 1354 1894 Teridatem
1398 1839 1668 1905 accessit,
1702 1843 1759 1893 et
1786 1838 2062 1893 universa

2175 1837 2254 1892 ναὶ
2285 1839 2564 1912 Ἀρμένιοι
2609 1839 2790 1918 ἀρχὴν
2849 1838 2910 1894 ἐκ
2963 1836 3278 1913 Τηριδατου
3335 1832 3618 1898 λαϐόντες.
3683 1837 3840 1893 Τότε

408 1929 769 1984 Armeniain
801 1927 1017 1983 Christi
1045 1927 1224 1982 ﬁdem
1255 1927 1588 1994 concessit;
1630 1945 1740 1982 nec
1770 1944 1892 1982 non
1924 1928 2060 1982 Per-

417 2035 518 2085 sua,
551 2017 822 2072 Simeone
847 2017 1122 2088 episcopo
1155 2033 1254 2070 eos
1287 2017 1554 2072 docente.
1595 2015 1707 2071 Sed
1737 2022 1796 2070 et
1817 2017 2063 2072 Uthaxa-

411 2106 524 2161 dus
557 2105 885 2173 eunuchus,
915 2105 1152 2176 Saporis
1181 2107 1492 2160 Persarum
1512 2105 1666 2175 regis
1687 2105 2059 2177 paedagogus,

413 2197 488 2250 ob
519 2195 870 2250 Christiana:
901 2194 1205 2266 religionis
1235 2193 1674 2250 confessionem
1705 2194 1944 2264 capitali
1977 2199 2066 2248 est

421 2287 667 2341 affectus
701 2283 1010 2355 supplicio.

489 2557 911 2614 Constantinus
951 2573 1149 2628 porro,
1184 2573 1319 2611 cum
1377 2555 1431 2610 ei
1486 2555 1825 2627 philosophi
1883 2557 2065 2610 Graeci

421 2645 850 2718 exprobrarent
879 2644 1035 2715 quod
1079 2644 1421 2718 religionem
1464 2645 1824 2712 innovasset,
1857 2660 2064 2716 quem-

421 2736 558 2792 dam
591 2735 1080 2806 philosophorum
1103 2733 1174 2788 ad
1216 2733 1636 2804 disputandum
1667 2733 1738 2788 de
1786 2733 1900 2789 ﬁde
1932 2751 2066 2789 cum

419 2823 756 2878 Alexandro
789 2823 1064 2894 episcopo
1107 2822 1406 2894 produxit.
1466 2825 1604 2877 Erat
1659 2823 1706 2877 is
1738 2823 2070 2878 Alexander

415 2915 593 2969 homo
623 2913 882 2980 divinus,
908 2918 1188 2968 caeterum
1211 2913 1504 2968 indoctus.
1538 2914 1592 2967 Is
1623 2929 1756 2967 cum
1804 2913 2065 2984 philoso-

413 3003 598 3076 phum
628 3003 855 3057 videret
901 3001 1278 3073 garrientem,
1312 3002 1565 3072 Impero,
1598 3001 1808 3072 inquit,
1869 3001 1973 3056 tibi
2006 3004 2065 3056 in

411 3093 656 3148 nomine
685 3094 822 3148 Jesu
865 3092 1102 3158 Christi,
1159 3091 1280 3146 veri
1338 3092 1462 3160 Dei,
1516 3097 1582 3146 ut
1639 3091 1815 3147 sileas
1872 3109 2065 3162 neque

2165 1929 2270 2004 γὰρ
2295 1929 2324 1984 ὁ
2357 1929 2526 2006 μέγας
2583 1929 2882 2006 Γρηγύριος
2925 1929 2953 1984 ὁ
2983 1935 3084 1998 τῆς
3134 1927 3380 2002 μεγάλης
3438 1929 3751 2002 Ἀρμενίας
3783 1927 3842 1984 ἐκ

2163 2021 2260 2072 τοῦ
2313 2014 2548 2094 φοϐεροῦ
2600 2017 2806 2074 λάκκου
2877 2018 3082 2074 ἐκείνου
3140 2012 3474 2088 ἐκϐεϐληται
3530 2017 3624 2072 καὶ
3686 2019 3840 2073 κατὰ

2162 2108 2254 2162 τὸν
2291 2107 2517 2183 βασιλέα
2544 2105 2850 2183 Τηριδσὶτην
2889 2107 3115 2184 γίνεται,
3185 2107 3274 2162 καὶ
3331 2109 3362 2176 ἡ
3423 2111 3566 2168 πᾶςα
3624 2108 3840 2182 Ἀρμε-

2163 2195 2251 2252 νία
2320 2196 2398 2259 εἷς
2471 2198 2570 2265 τὴν
2622 2201 2720 2252 τοῦ
2771 2199 3001 2272 Χριστοῦ
3057 2198 3237 2251 πίστιν
3293 2195 3658 2269 μετατίθεται.
3731 2199 3839 2253 Καὶ

2177 2283 2376 2358 Πέρασι
2421 2286 2629 2358 ὁμοίως
2687 2283 2775 2340 ἐπὶ
2837 2287 3063 2358 Σιμεὼν
3122 2284 3446 2344 ἐπισκόπου.
3501 2283 3688 2342 Ἀλλὰ
3745 2286 3838 2340 καὶ

2167 2371 2410 2444 Ούθαξᾶδ
2459 2374 2728 2451 εὐνοῦχος
2777 2371 3126 2451 παιδαγωγὸς
3189 2374 3456 2450 Σαπώρου
3513 2370 3839 2448 ἐμαρτύρη-

2175 2482 2285 2519 σεν.

2239 2551 2414 2613 Οὗτος
2446 2553 2474 2608 6
2508 2553 2674 2630 μὲγας
2722 2552 2980 2628 βασιλεὺς
3021 2554 3125 2610 ὑπὸ
3158 2552 3474 2631 φιλοσόφων
3529 2553 3829 2625 Ἑλλήνων

2168 2637 2570 2714 ὀνειδιζόμενος
2601 2642 2675 2704 ὡς
2699 2644 3034 2717 νεωτερίζων
3085 2643 3186 2710 τήν
3247 2644 3562 2714 θρησκείαν,
3593 2641 3694 2698 ἕνα
3716 2649 3828 2698 τῶν

2167 2729 2484 2809 φιλοσόφων
2519 2731 2692 2786 αὐτῶν
2725 2731 3028 2805 παρέστησε
3061 2729 3424 2810 διαλεχθῆναι
3484 2731 3824 2806 Ἀλεξάνδρῳ

2167 2823 2247 2889 τῷ
2273 2818 2553 2892 ἐπισκόπῳ
2607 2821 2730 2894 περὶ
2781 2825 2882 2884 τῆτ
2939 2819 3191 2883 πίστεως,
3239 2824 3298 2878 Ὀ
3354 2819 3411 2876 δὲ
3461 2819 3816 2896 Ἀλέξανδρος

2167 2909 2312 2970 θεῖος
2345 2910 2440 2982 μὲν
2470 2911 2536 2978 ἦν
2565 2910 2723 2984 ἀνὴρ,
2757 2907 2933 2984 λόγων
2968 2909 3026 2965 δὲ
3053 2909 3302 2986 ἄπειρος.
3335 2913 3426 2974 Ὠς
3458 2909 3550 2966 οῦν
3590 2909 3695 2966 εἶδε
3721 2911 3811 2965 τὸν

2167 2997 2468 3076 φιλόσοφον
2500 2997 2988 3074 γλωσσαλγοῦντα,
3018 2993 3144 3078 ἔφη’
3179 3000 3486 3055 Ἐπὶτάττω
3517 3019 3603 3055 σοι
3625 2999 3676 3054 ἐν
3699 2999 3821 3054 ὀνό-

2173 3107 2299 3159 ματι
2339 3088 2520 3157 Ἰησοῦ
2550 3089 2787 3160 Χριστοῦ
2817 3091 2912 3142 τοῦ
2941 3085 3208 3156 ἀληθινοῦ
3239 3092 3372 3142 Θεοῦ
3403 3091 3568 3160 ἡμῶν
3615 3093 3827 3158 σιωπᾷν

412 3183 698 3252 loquaris.
735 3181 939 3236 Adhuc
971 3181 1126 3235 499
1157 3197 1226 3234 ea
1275 3181 1606 3236 Alexandro
1637 3181 1894 3245 dicente,
1925 3182 2059 3252 phi-

2175 3176 2258 3230 καί
2297 3177 2371 3248 μή
2407 3174 2726 3251 φθέγγεσθαι
2761 3176 2861 3231 Καὶ
2896 3175 3008 3247 ἅμα
3037 3181 3117 3248 τῷ
3148 3173 3300 3250 λόγῳ
3333 3175 3586 3254 ἐφιμώθη
3611 3176 3709 3231 καὶ
3741 3176 3832 3254 γὲ-

414 3272 698 3342 losophus
756 3270 1054 3325 obmutuit
1115 3269 1473 3340 verbumque
1529 3271 1723 3325 facere
1771 3271 2058 3342 nequivit.

417 3365 498 3418 Ea
521 3367 868 3432 tempestate
901 3362 960 3415 in
993 3361 1315 3432 Campania
1343 3363 1522 3417 urbes
1554 3364 1620 3416 13
1667 3368 1838 3418 terra:
1897 3369 2060 3418 motu

415 3456 728 3524 prostratae
761 3456 936 3515 sunt;
991 3454 1309 3520 tantusque
1364 3451 1476 3505 fuit
1531 3451 1674 3504 solis
1703 3451 1968 3506 defectus
1997 3459 2064 3506 ut

420 3539 670 3595 meridie
711 3537 898 3592 stellas
930 3537 1290 3592 viderentur.
1348 3541 1416 3592 Et
1447 3538 1505 3592 in
1540 3539 1814 3594 Melitena
1868 3540 2063 3593 omnis

417 3629 652 3700 generis
725 3643 946 3698 angues
1031 3627 1404 3695 exstiterunt,
1490 3613 1590 3698 qui
1673 3645 1735 3682 se
1810 3629 2063 3683 invicem

417 3717 734 3791 pugnando
794 3723 1198 3782 necaverunt,
1280 3733 1348 3772 ex
1407 3717 1596 3788 iisque
1640 3719 1828 3789 gravis
1877 3734 1946 3772 ea
2002 3718 2063 3772 in

415 3808 656 3878 regione
689 3812 779 3862 est
807 3805 1050 3861 obortus
1079 3806 1248 3861 fetor.
1282 3806 1514 3862 Iudaeos
1545 3823 1780 3878 quoque
1829 3824 2066 3862 rursum

417 3897 872 3958 tumultuantes,
890 3913 958 3950 ac
971 3895 1257 3967 templum
1272 3896 1564 3952 mdiﬁcare
1595 3902 1896 3962 conantes,
1921 3898 2068 3951 Con-

419 3984 721 4064 stantinus
743 3985 905 4039 ultus
927 3989 1036 4052 est,
1069 3989 1246 4055 atque
1276 3985 1574 4056 dispersit.

495 4075 672 4128 Beata
701 4079 904 4142 autem
957 4073 1180 4129 Helena
1209 4074 1632 4146 Hierosolymis
1674 4074 1915 4130 domum
1971 4091 2070 4130 re-

429 4179 615 4230 versa,
650 4177 784 4216 cum
812 4162 934 4216 ﬁlio
968 4162 1156 4217 multa
1185 4162 1256 4217 de
1281 4163 1613 4218 Christiana
1644 4164 1861 4234 pietate
1901 4180 2070 4220 man-

417 4253 644 4318 ‘dasset,
677 4251 856 4306 vitam
888 4251 1043 4305 ﬁniit
1071 4269 1230 4306 anno
1261 4251 1448 4306 etatis
1468 4254 1574 4319 80;
1605 4253 1953 4324 sepultaque
1985 4259 2070 4308 est

425 4342 490 4396 in
511 4342 734 4412 templo
758 4342 1192 4412 Apostolorum.
1217 4343 1391 4396 Beata
1422 4342 1532 4396 ista
1563 4342 1779 4396 mulier
1797 4341 2072 4397 omnibus

429 4435 638 4485 ornata
669 4431 1002 4492 virtutibus,
1031 4431 1244 4484 Christi
1275 4430 1606 4485 imitatione
1657 4432 1838 4487 etiam
1887 4427 2071 4487 animi

429 4519 790 4573 demissione
821 4534 928 4572 usa
949 4524 1038 4572 est
1067 4535 1199 4572 cum
1235 4535 1371 4589 erga
1400 4535 1608 4574 omnes
1643 4520 1916 4574 homines
1946 4527 2073 4576 tum

2170 3285 2328 3341 γονεν
2355 3261 2545 3329 ἄλλος.
2570 3265 2709 3322 Τότε
2733 3267 2816 3338 [Ρ.
2849 3267 2976 3338 285]
3009 3265 3230 3338 σεισμὸς
3259 3267 3450 3342 γὲγονε
3488 3266 3831 3336 τηλικοῦτος

2164 3351 2218 3407 ἐν
2253 3354 2550 3426 Καμπανίᾳ
2577 3353 2652 3415 ὡς
2689 3354 2752 3430 ιγ’
2781 3349 2974 3416 πόλεις
3006 3359 3210 3424 πεσεῖν,
3243 3355 3330 3410 καὶ
3364 3354 3530 3424 ἡλίου
3574 3350 3830 3430 ἔκλειψις

2163 3441 2388 3512 τοιαύτη
2416 3443 2490 3504 ὡς
2519 3441 2744 3514 ἀστέρας
2777 3448 3010 3520 φανῆναι
3037 3445 3092 3497 ἐν
3121 3444 3322 3517 ἡμέρᾳ.
3356 3443 3496 3500 Τότε
3515 3444 3611 3498 καὶ
3644 3440 3831 3522 ὄφεων

2165 3537 2417 3586 παντοῖον
2447 3531 2598 3606 γένος
2629 3533 2717 3587 ἐπὶ
2771 3535 2870 3604 τήν
2933 3533 3252 3604 Μελιτηνὴν
3307 3537 3558 3608 φανῆναι·
3617 3534 3675 3590 o'i'.
3733 3537 3829 3592 καὶ

2173 3623 2541 3696 μαχεσάμενοι
2569 3623 2908 3678 κατέκτειναν
2939 3624 3186 3692 ἑαυτοὺς,
3227 3627 3301 3687 ὡς
3359 3625 3449 3679 καὶ
3497 3627 3598 3696 τὴν
3629 3627 3829 3700 χώραν

2170 3708 2440 3780 ἒποζέσαι.
2501 3713 2602 3768 Καὶ
2658 3710 2952 3775 Ἰουδαὶους
3019 3713 3142 3788 περί
3201 3715 3295 3782 τὴν
3351 3711 3660 3790 οἱκοδομὴν
3729 3721 3832 3772 τοῦ

2173 3805 2300 3856 ναοῦ
2357 3802 2524 3857 πάλιν
2609 3803 2990 3872 στασιάζοντας
3083 3809 3485 3866 Κωνσταντῖνος
3566 3805 3594 3858 6
3644 3807 3836 3880 Μέγας

2175 3891 2636 3965 τιμωρησάμενος
2670 3889 3069 3967 διεσκόρπισεν.

2249 4073 2310 4128 ἹΙ
2361 4069 2420 4126 δὲ
2479 4072 2718 4146 μακαρία
2767 4070 2960 4142 Ἑλένη
3021 4069 3073 4142 ἐξ
3131 4070 3533 4146 Ἱεροσολύμων
3590 4071 3835 4129 ἐπανελ-

2179 4167 2368 4231 θοῦσα,
2398 4161 2486 4215 καὶ
2519 4158 2703 4216 πολλὰ
2729 4165 2808 4233 τῷ
2839 4161 2943 4232 υἱῷ
2974 4160 3142 4230 αὐτῆς
3172 4161 3261 4215 καὶ
3296 4157 3514 4235 βασιλεῖ
3558 4163 3686 4236 περὶ
3735 4169 3836 4229 τῆς

2180 4249 2255 4311 εἷς
2295 4251 2532 4325 Χριστὸν
2591 4250 2822 4310 πίστεως
2881 4247 3258 4321 ἐντειλαμένη,
3310 4247 3662 4319 ἐτελεύτησεν
3697 4252 3832 4306 ἒτων

2179 4342 2231 4395 π’
2261 4341 2348 4394 καὶ
2381 4340 2549 4418 ἐτσὶφη
2609 4338 2662 4394 ἐν
2711 4344 2790 4412 τῷ
2845 4345 2957 4411 ναῷ
3021 4343 3130 4394 τῶν
3191 4339 3390 4416 Ἁγίων
3448 4340 3830 4400 Ἀποστόλων.

2182 4429 2384 4490 "iam:
2436 4428 2616 4484 τοίνυν
2650 4431 2684 4498 ἡ
2721 4428 2956 4503 μακαρία
3011 4427 3224 4502 ἀρεταῖς
3285 4429 3676 4500 κεκοσμημένη
3719 4431 3829 4506 εἶχε

2179 4519 2268 4572 καὶ
2299 4521 2397 4587 τὴν
2433 4519 2883 4594 χριστομίμητον
2914 4516 3412 4591 ταπεινοφροσύνην
3451 4519 3586 4592 πρὸς
3633 4520 3826 4577 πάντας

431 4609 688 4665 maxime
719 4625 820 4665 eos
851 4609 952 4678 qui
984 4608 1310 4663 solitariam
1343 4611 1519 4664 vitam
1551 4615 1749 4681 agunt.
1786 4612 1930 4666 Nam
1959 4611 2067 4665 vir-

2191 4608 2308 4679 μὶν,
2343 4605 2623 4682 ἐξαιρέτως
2657 4603 2714 4661 δὲ
2743 4606 2878 4680 πρὸς
2919 4603 3044 4666 τοὺς
3107 4605 3458 4677 μοιᾶζοντας.
3525 4607 3820 4679 Συνάγουσα

429 4699 599 4769 gines
621 4713 834 4769 cogens
865 4703 922 4751 et
953 4697 1012 4750 in
1043 4697 1188 4751 toris
1219 4697 1541 4766 collocatis,
1573 4699 1700 4767 ipsa
1732 4699 1818 4753 eis
1847 4699 2079 4755 ancillas

431 4787 493 4841 in
525 4803 753 4842 morem
785 4785 1178 4853 ministrabat,
1208 4785 1371 4840 cibos
1401 4803 1707 4858 apponens
1765 4795 1822 4841 et
1869 4787 2082 4858 pocula

430 4877 741 4950 porrigens
780 4875 1176 4946 manibusque
1233 4891 1436 4928 earum
1497 4891 1713 4945 aquam
1747 4876 2078 4930 aﬁundens.

427 4969 514 5022 Ita
545 4972 604 5022 et
635 4965 922 5038 inclytum
957 4980 1130 5019 suum
1161 4963 1351 5018 filium
1401 4963 1772 5032 instituebat,
1811 4966 1896 5019 uti
1927 4965 2083 5019 fastu

437 5061 672 5113 vacaret
726 5055 1046 5124 virtutique
1081 5059 1284 5109 exacte
1337 5053 1618 5108 laudabili
1653 5053 1934 5119 studeret,
1971 5055 2084 5108 Do-

433 5147 717 5216 minoque
747 5161 882 5201 cum
920 5149 1080 5198 metu
1113 5147 1168 5196 et
1201 5148 1456 5197 tremore
1507 5143 1766 5198 serviret.
1802 5145 1992 5214 Atque
2033 5143 2083 5196 is

434 5236 640 5290 matris
671 5222 984 5306 praeceptis
1015 5237 1286 5288 accurate
1316 5248 1531 5304 parens
1564 5232 1907 5303 centuplum
1947 5249 2084 5304 pro-

434 5323 574 5378 tulit
591 5325 868 5378 fructum.

2192 4697 2297 4773 γὰρ
2326 4695 2619 4771 παρθένους
2651 4695 2740 4751 καὶ
2771 4695 2857 4750 ἐπὶ
2913 4690 3186 4750 στιϐάδων
3240 4694 3640 4750 κατακλίνουσα
3691 4694 3821 4761 αῦτη

2191 4783 2260 4840 δι’
2293 4787 2483 4855 εαυτῆς
2517 4785 2904 4860 καθυπούργει,
2966 4783 3072 4858 ὅψσ
3124 4786 3478 4859 παρατιθεῖσα
3537 4785 3629 4839 καὶ
3679 4781 3828 4839 κόλι-

2189 4897 2287 4939 κας
2318 4874 2580 4950 ὀρέγουσα
2609 4874 2697 4928 καὶ
2747 4872 2892 4947 ὕδωρ
2921 4879 3039 4934 ταῖς
3067 4873 3254 4948 χερσῖν
3285 4873 3459 4928 αὐτῶν
3518 4873 3832 4950 ἐπιχέουσα,

2191 4965 2517 5040 θεραπαίνης
2549 4962 2700 5040 ἔργον
2763 4961 3008 5036 ἐπλήρου
3089 4962 3248 5020 Οςτω
3281 4959 3337 5017 δὲ
3367 4961 3456 5017 καὶ
3486 4963 3578 5018 τὸν
3613 4963 3833 5036 ἀείμνη-

2192 5079 2316 5112 στον
2348 5055 2462 5110 ύὶὸν
2493 5054 2660 5122 αὐτῆς
2705 5049 3066 5126 ἒξεπαιδευσεν
3127 5053 3326 5130 ἄτυφον
3381 5050 3530 5130 ἔχειν
3563 5053 3833 5130 φρόνημα,

2191 5147 2389 5222 ἀρετῆς
2441 5144 2532 5198 καὶ
2598 5140 2880 5202 πολιτείας
2944 5134 3202 5214 ἀκριϐοῦς
3260 5141 3660 5214 ἐπιμελεῖσθαι,
3717 5141 3836 5198 80-J-

2193 5232 2371 5290 λεύειν
2433 5230 2490 5287 δὲ
2553 5235 2633 5304 τῷ
2691 5230 2872 5306 Κυρίῳ
2926 5230 3059 5302 μετὰ
3115 5224 3295 5309 φόϐου
3359 5231 3448 5285 καὶ
3503 5231 3740 5306 τρόμου.
3789 5233 3842 5296 ὃς

2195 5322 2482 5404 φυλάττων
2528 5317 2769 5398 ἀκριϐῶς
2827 5320 2921 5382 τὰς
2979 5319 3144 5388 αὐτῆς
3199 5317 3425 5382 ἐντολὰς
3481 5319 3842 5400 ἐκαρποφόρει

2195 5409 2728 5471 ὲκατονταπλασίως.

1640 5531 2006 5588 XYLANDRI
2043 5534 2130 5588 ET
2167 5533 2383 5588 GOARI
2423 5531 2644 5586 NOTAE.

512 5645 626 5718 (86)
648 5644 948 5718 Xylander
977 5649 1262 5718 copiarum
1275 5649 1534 5718 prterecti
1553 5646 1747 5702 vertit.
1775 5648 2039 5718 Quarum
2059 5647 2088 5701 ‘l

443 5715 681 5774 Rectius
707 5715 978 5785 dixisset,
1001 5716 1225 5772 caelestis
1267 5716 1495 5774 militiae
1549 5719 1845 5787 principis,
1905 5717 1966 5772 id
1996 5722 2088 5772 est

2195 5647 2496 5702 Michaelis
2515 5644 2852 5717 archangei.
2877 5643 3196 5717 Antiquam
3228 5642 3444 5698 exinde
3472 5659 3610 5716 erga
3639 5644 3842 5702 beatos

2193 5717 2439 5790 spiritus
2467 5713 2842 5773 devotionem
2873 5713 3104 5786 collige.
3137 5715 3312 5770 Goan.
