4118 6276
296 383 427 444 545

1471 377 2009 445 ΗιεΤΟιιιΑιιυΜ
2054 375 2614 443 COMPENDIUM.

3628 387 3751 445 546

386 518 491 588 Τῷ
555 518 603 572 κ’
672 513 790 573 ἔτει
852 517 1069 593 γέγονεν
1135 518 1171 585 ἡ
1236 513 1365 591 ἁγία
1456 514 1546 569 καὶ
1631 512 1983 585 οἶκουμενικὴ

2173 513 2345 568 Anno
2375 516 2747 571 Constantini
2777 517 3057 573 vicesimo
3075 521 3345 574 sanctum
3368 520 3748 592 primumque

325 609 520 686 πρώτη
553 606 785 671 σύνοδος
846 608 898 662 ἐν
953 608 1175 679 Νικαίᾳ,
1230 604 1594 671 συνελθόντων
1646 610 1755 660 τῶν
1819 604 1986 680 ἁγίων

332 701 439 770 τιη“
470 699 751 773 Πατέρων.
788 699 890 760 Ἢς
919 699 1155 771 ἡγοῦντο
1184 691 1524 771 Σιλϐέστρου
1557 696 1709 750 πάπα
1765 693 1990 766 Ῥώμης

332 788 738 863 τοποτηρηταὶ.
804 787 977 844 Βίτων
1057 785 1147 841 καὶ
1232 787 1523 842 Βικεντίων
1611 780 1989 861 πρεσϐύτεροι,

337 877 708 954 Μητροφάνης
757 879 855 932 τοῦ
925 874 1236 944 Βυζαντίου,
1321 872 1675 949 Ἀλέξανδρος
1735 871 1992 942 ’Λλεξαν-

339 964 546 1041 ὂρείας,
593 964 891 1026 Εὐστάθιος
941 965 1302 1039 Ἀντιοχείας,
1354 964 1634 1039 Μακάριος
1686 958 1989 1035 Ἱεροσολύ-

342 1076 486 1129 μων,
545 1055 683 1109 κατᾶ
739 1052 954 1128 Ἀρείου
1036 1047 1406 1127 πρεσϐυτέρου
1463 1052 1755 1129 γεγονότος
1811 1047 1994 1119 Ἀλεξ-

339 1142 614 1217 ανδρείας,
677 1140 1138 1216 βλασφημοῦντος
1212 1142 1305 1196 τὸν
1372 1143 1500 1196 Θεὸν
1554 1140 1730 1215 Λόγον
1788 1138 1993 1211 κτίσμα

339 1232 802 1307 καὶὲτεροούσιον
859 1235 959 1286 τοῦ
1016 1231 1249 1304 Πατρὸς,
1307 1230 1398 1285 καὶ
1458 1228 1543 1284 ὅτι
1590 1230 1656 1299 ἦν
1714 1250 1847 1284 ποτε
1903 1226 1993 1282 ὅτε

341 1325 448 1378 οὐκ
477 1325 545 1390 ἦν
579 1320 922 1393 δοξάζοντος,
977 1321 1074 1378 Ὃν
1133 1318 1437 1383 καθελοῦσα
1494 1319 1842 1391 ἀνεθεμάτισε
1895 1318 1989 1372 σὺν

339 1416 460 1473 τοῖς
491 1412 796 1487 ὁμόφροσιν
828 1410 1019 1480 αὐτοῦ,
1045 1409 1137 1463 τὸν
1171 1405 1228 1463 δὲ
1258 1409 1379 1463 Υιὸν
1410 1407 1704 1482 ὁμοούσιον
1744 1408 1834 1462 καὶ
1867 1427 1991 1461 συνο

342 1500 587 1578 άναρχον
654 1500 765 1571 (87)
819 1502 898 1569 τῷ
966 1497 1134 1572 ΙΙατρὶ
1189 1498 1280 1551 καὶ
1365 1498 1492 1552 Θεὸν
1587 1494 1846 1566 ἀληθινὸν
1902 1496 1990 1551 καὶ

344 1587 582 1658 Κτίστην
642 1587 857 1641 πάντων
939 1584 1279 1661 ἐδογμάτισε.
1363 1588 1512 1642 Μετὰ
1567 1591 1696 1663 γοῦν
1750 1586 1812 1640 τὸ
1870 1607 1990 1641 συν-

343 1684 708 1751 αθροισθῆναι
747 1675 952 1739 πάντας
981 1675 1108 1737 τοὺς
1171 1674 1431 1750 ῥηθέντας
1488 1682 1594 1744 τιη¹
1656 1673 1893 1750 Πατέρας
1937 1673 1991 1729 ἐν

340 1766 551 1838 Νικαίᾳ
582 1762 874 1838 δημοσίοις
928 1766 1231 1839 ὀχήμασιν,
1289 1764 1507 1843 ἀφίκετο
1555 1765 1644 1818 καὶ
1677 1764 1704 1818 ὁ
1740 1760 1992 1839 βασιλεὺς

2098 605 2532 658 cecumenicum
2565 606 2881 661 concilium
2914 607 3120 662 Nicaeae
3174 614 3372 663 actum
3419 608 3552 676 fuit,
3605 625 3750 664 con-

2098 693 2352 764 gregatis
2374 710 2441 748 eo
2465 695 2568 748 318
2592 696 2813 750 sanctis
2835 697 3123 753 Patribus.
3153 698 3530 752 Prasfuerunt
3551 699 3603 752 ei
3636 698 3750 752 Sil-

2097 781 2275 835 vestri
2310 781 2554 837 Romani
2572 800 2737 854 papa:
2752 784 2948 839 locum
2973 789 3241 840 tenentes
3255 786 3318 840 Vi
3331 791 3428 840 ton
3452 791 3510 839 et
3541 787 3747 841 Vicen-

2101 870 2216 923 tius
2284 870 2444 926 500
2519 873 2869 944 presbyteri,
2962 875 3373 945 Metrophanes
3468 876 3748 945 Byzantii,

2098 959 2432 1014 Alexander
2499 960 2882 1027 Alexandriae,
2968 963 3307 1018 Eustathius
3386 964 3735 1031 Antiochia),

2100 1048 2388 1102 Macarius
2436 1048 2858 1120 Hierosolyma:
2936 1051 3216 1122 episcopi.
3278 1055 3486 1107 Actum
3540 1059 3747 1107 contra

2099 1138 2327 1207 Arium,
2351 1138 2452 1208 qui
2481 1138 2864 1194 Alexandreae
2890 1141 3200 1212 presbyter
3221 1141 3735 1213 fuerat,impieque

2099 1228 2524 1299 pronuntiabat
2543 1229 2790 1284 Verbum
2808 1230 2908 1284 Dei
2927 1235 3259 1286 creaturam
3274 1247 3467 1302 neque
3485 1232 3744 1301 ejusdem

2101 1332 2236 1371 cum
2266 1319 2440 1371 Patre
2489 1319 2764 1373 essentia:
2814 1335 2964 1387 esse,
3014 1336 3082 1374 ac
3120 1320 3303 1375 fuisse
3352 1326 3584 1391 tempus
3629 1338 3745 1390 quo

2102 1408 2355 1462 Verbum
2389 1424 2510 1462 non
2539 1408 2734 1463 fuerit.
2768 1411 2915 1464 Eum
2937 1410 3257 1465 concilium
3277 1427 3413 1466 cum
3437 1411 3750 1466 sectatori-

2100 1496 2211 1550 bus
2232 1496 2361 1567 ejus
2382 1497 2779 1567 proscribens,
2807 1498 3061 1554 decrevit
3079 1499 3292 1554 Filium
3324 1516 3452 1555 esse
3470 1500 3741 1572 ejusdem

2101 1601 2236 1639 cum
2266 1586 2437 1639 Patre
2469 1587 2763 1654 essentiai,
2786 1586 3181 1659 similiterque
3203 1588 3495 1660 principio
3518 1605 3743 1656 carere,

2101 1678 2159 1729 et
2189 1691 2318 1729 esse
2347 1691 2550 1729 verum
2582 1676 2767 1731 Deum
2799 1680 2976 1746 atque
3024 1677 3291 1731 omnium
3342 1677 3741 1734 Conditorem.

2101 1762 2245 1817 Cum
2303 1762 2557 1818 Nicaeam
2602 1766 2703 1817 318
2756 1764 2850 1820 isti
2896 1767 3099 1820 Patres
3147 1765 3402 1837 publicis
3458 1766 3745 1822 vehiculis

340 1854 629 1932 ἐφιέμενος
661 1851 793 1909 ἰδεῖν
853 1854 953 1921 τὴν
989 1851 1203 1924 πληθὺν
1255 1858 1362 1907 τῶν
1406 1851 1724 1928 ἀρχιερέων.
1773 1851 1876 1909 Καὶ
1922 1848 1988 1921 δὴ

2107 1852 2525 1922 pervenissent,
2558 1852 2767 1907 eodem
2799 1853 2977 1908 etiam
3003 1853 3326 1925 imperator
3365 1872 3427 1910 se
3472 1855 3748 1923 contulit,

344 1945 503 1998 οἷκον
569 1944 824 2019 μέγιστον
885 1942 937 1997 ἐν
1011 1947 1127 2004 τοῖς
1218 1941 1515 2016 βασιλείοις
1596 1943 1994 2004 κατασκετάσας

346 2031 584 2107 θρόνους
626 2030 875 2095 πολλοὺς
934 2030 986 2086 έν
1051 2031 1198 2103 αὐτῷ
1263 2038 1486 2099 τεθῆναι
1541 2028 1854 2105 προσέταξε,
1909 2031 2001 2084 καὶ

347 2121 531 2182 οὕτως
559 2121 821 2185 εἰσελθεῖν
848 2119 974 2182 τοὺς
1030 2120 1308 2195 ἀρχιερεῖς
1366 2118 1674 2195 ἐπέτρεψεν.
1724 2121 2000 2194 Ἕσχατος

348 2209 411 2266 δὲ
444 2210 538 2265 σὺν
579 2209 791 2286 ὀλίγοις
829 2208 1089 2274 εἰσελθὼν
1146 2209 1235 2264 καὶ
1288 2210 1477 2277 αὐτὸς,
1521 2209 1611 2264 καὶ
1643 2209 1767 2272 στὰς
1819 2207 1871 2263 ἐν
1921 2214 2001 2281 τῷ

359 2301 537 2373 μέσῳ,
593 2301 964 2376 προετρέψατο
1041 2299 1244 2361 πάντας
1305 2299 1540 2358 καθίσαι.
1601 2300 1734 2356 Εἶτα
1812 2298 2001 2373 θρόνου

354 2394 562 2464 μικροῦ
644 2390 888 2450 τεθέντος
979 2389 1285 2449 κελευσθεὶς
1373 2390 1462 2443 ὑπ’
1518 2387 1694 2443 αὐτῶν
1760 2385 1999 2451 ἐκάθισεν

350 2477 590 2557 ἔσχατος
646 2482 884 2536 πάντων
959 2482 1192 2550 τοσαύτη
1254 2502 1335 2542 τις
1390 2477 1645 2536 εὐλάϐεια
1694 2481 1785 2535 καὶ
1832 2477 2001 2542 αἰδὼς

346 2579 460 2628 τῶν
495 2569 705 2647 ἀνδρῶν
772 2576 998 2646 κατεῖχε
1054 2572 1153 2626 τὸ)
1196 2570 1442 2646 βασιλέα.
1494 2571 1599 2628 Καὶ
1643 2572 1695 2626 οἱ
1744 2573 1838 2644 μὲν
1884 2575 2002 2632 τοῖς

342 2661 528 2727 ἄνθεσι
566 2667 676 2718 τῶν
736 2661 1024 2736 ἐγκωμίων
1076 2663 1175 2731 τὴν
1218 2659 1461 2740 κεφαλὴν
1518 2660 1683 2716 αὐτοῦ
1730 2662 2004 2737 στεφανώ-

343 2772 534 2814 σαντες
568 2753 668 2820 τὴν
700 2750 922 2826 περὶτὰ
953 2756 1069 2813 θεῖα
1118 2752 1205 2823 [Ρ.
1255 2752 1382 2823 586]
1432 2747 1673 2819 σπουδὴν
1724 2748 2003 2826 εὐλογίαις

339 2841 685 2915 ἠμείψαντοο
723 2841 751 2893 6
786 2836 844 2894 δὲ
888 2837 1016 2900 τοὺς
1059 2838 1183 2913 περὶ
1240 2845 1341 2908 τῆς
1397 2839 1659 2910 ὁμονοίας
1713 2838 1804 2894 καὶ
1862 2860 1999 2911 συμο

343 2930 558 3008 τρωνίας
589 2929 959 3005 προσαγαγὼν
1020 2925 1224 3004 λόγους
1261 2925 1509 2990 πολλοὺς
1561 2928 1656 3001 μὲν
1704 2926 2004 3006 ἐφιλοφρο-

341 3016 557 3087 νήσατο
590 3017 680 3072 καὶ
721 3017 913 3092 λόγοις
952 3017 1043 3071 καὶ
1105 3016 1325 3092 δώροις,
1382 3015 1597 3081 πολλὰς
1640 3014 1697 3071 δὲ
1747 3014 2003 3078 στιϐάδας

348 3106 660 3182 προστάξας
756 3106 1172 3181 εὐτρεπισθῆναι
1264 3104 1351 3161 ἐπὶ
1437 3105 1500 3160 τὸ
1579 3105 1712 3160 αὐτὸ
1797 3106 2000 3167 πάντας

356 3195 587 3267 έστίασε,
654 3197 782 3256 τοὺς
853 3195 949 3268 μὲν
1036 3193 1505 3270 ἀξιολογωτέρους
1595 3194 2000 3269 ὁμοτραπέζους

362 3280 570 3354 λαϐὼν,
622 3285 752 3347 τοὺς
813 3283 872 3339 δὲ
929 3282 1164 3348 λοιποὺς
1221 3284 1297 3345 εἷς
1354 3284 1450 3346 τὰς
1509 3283 1686 3347 ἂλλας
1741 3284 2009 3360 τραπέζας

373 3370 563 3431 διεῖλε,
590 3374 931 3447 Θεασάμενος
963 3371 1021 3428 δέ
1048 3393 1199 3437 τινας
1244 3373 1371 3435 τοὺς
1419 3370 1623 3442 δεξιοὺς
1682 3375 2009 3455 ἀφθαλμοὺς

375 3457 821 3531 ἐκκεκομμένους,
881 3458 971 3512 καὶ
1061 3457 1245 3530 μαθὼν
1314 3458 1388 3519 ὡς
1446 3458 1550 3513 ὑπὸ
1610 3460 2008 3534 Διοκλητιανοῦ

368 3547 455 3601 καὶ
513 3548 856 3620 Μαξιμιῃνοῦ
930 3543 1019 3601 διὰ
1102 3547 1204 3616 τήν
1271 3547 1346 3609 είς
1404 3548 1642 3623 Χριστὸν
1701 3554 2008 3631 ὁμολογίαν

353 3641 519 3693 τοῦτο
561 3638 888 3706 πεπόνθασι,
916 3636 984 3690 τὰ
1031 3636 1199 3711 χείλη
1246 3641 1363 3699 τοῖς
1411 3638 1684 3712 τραύμασι
1736 3647 2010 3717 προσενή-

346 3744 481 3800 νοχε
511 3726 1014 3799 κατασπαζόμενος,
1073 3724 1315 3782 ἑλκύσειν
1367 3725 1565 3791 ἐκεῖθεν
1615 3729 1872 3807 εὐλογίαν
1929 3738 2008 3807 τῷ

351 3815 637 3892 φιλήματι
696 3812 987 3870 πιστεύων·
1046 3814 1220 3877 οὓτως
1266 3815 1332 3884 ἦν
1392 3817 1420 3870 ὁ
1482 3821 1785 3891 θαυμάσιος
1868 3822 2006 3900 ἀνήρ

348 3904 557 3966 ἐκεῖνος
614 3898 872 3975 εὐλαϐείᾳ
935 3904 1023 3959 καὶ
1108 3904 1285 3959 πίστει
1381 3906 1467 3960 καὶ
1567 3898 2003 3989 μετριοφροσύνῂ

350 3992 870 4070 λελαμπρυσμένος.
908 3997 988 4068 Τῇ
1045 3991 1102 4049 δὲ
1156 3992 1417 4070 ἐπαύριον
1472 3995 1764 4055 ἐπίσκοποι
1811 4003 2008 4065 πάντες

351 4083 444 4137 καὶ
478 4084 508 4137 6
543 4080 802 4157 βασιλεὺς
831 4082 906 4144 εἷς
939 4078 1031 4137 ἕνα
1058 4081 1227 4138 τόπον
1253 4082 1597 4148 συνελθόντες
1638 4087 1866 4143 καλοῦσι
1912 4090 2004 4144 τὸν

354 4173 582 4246 Ἀρειον
615 4170 707 4225 σὺν
748 4177 865 4233 τοῖς
908 4171 1212 4249 ὁμόφροσιν
1258 4171 1425 4228 αὐτοῦ
1473 4173 1549 4236 εἷς
1597 4178 1696 4244 τὴν
1752 4175 2004 4245 σύνοδον,

356 4261 736 4334 ἐπιτρέποντες
768 4263 917 4333 αὐτῴ
957 4268 1213 4331 συστῆναι
1266 4267 1383 4325 τοῖς
1429 4262 1658 4326 οἰκείοις
1709 4263 2005 4340 δόγμασιν.

353 4352 456 4407 Ἦν
490 4348 550 4405 δὲ
603 4349 672 4404 τά
712 4348 960 4424 δόγματα
1015 4354 1113 4404 τοῦ
1169 4346 1393 4412 ἀσεϐοῦς
1432 4352 1521 4405 καὶ
1578 4356 2006 4428 τρισκαταράτου

357 4439 573 4514 Ἀρείου
621 4442 811 4495 ταῦτα.
864 4437 980 4496 Οὐκ
1027 4438 1107 4492 ἀεὶ
1138 4439 1166 4492 6
1206 4439 1336 4502 Θεὸς
1387 4441 1572 4515 Πατὴρ
1618 4441 1704 4513 ἦν,
1756 4442 1881 4498 ἀλλ’
1938 4445 2004 4513 ἦν

354 4529 445 4582 ὅτε
474 4527 608 4589 Θεὸς
651 4527 836 4600 Πατὴρ
898 4528 1001 4582 οὐκ
1056 4526 1146 4596 ἧν.
1198 4526 1313 4584 Οὐκ
1366 4526 1444 4582 ἀεὶ
1504 4529 1573 4598 ἧν
1632 4530 1660 4583 ὁ
1718 4529 1815 4585 τοῦ
1873 4535 2007 4586 Θεοῦ

2109 1941 2354 2011 cupiens
2374 1940 2571 1995 videre
2594 1958 2723 1996 eam
2738 1958 3106 1998 summorum
3120 1943 3468 2014 pontiﬁcum
3483 1944 3653 1998 multi
3665 1950 3754 1998 tu-

2109 2030 2332 2086 dinem.
2353 2032 2602 2086 Domum
2621 2032 2684 2085 in
2709 2033 2871 2103 regia
2891 2033 3319 2104 amplissimam
3344 2035 3552 2105 positis
3584 2034 3751 2089 soliis

2110 2120 2385 2174 adornari
2417 2120 2599 2191 inque
2630 2137 2761 2176 eam
2793 2123 2994 2177 Patres
3025 2123 3342 2178 convenire
3382 2124 3583 2194 jussit.
3616 2125 3746 2194 Ipse

2111 2228 2245 2266 cum
2273 2213 2475 2283 paucis
2501 2217 2837 2283 postremus
2867 2214 3126 2282 intravit,
3160 2214 3341 2287 inque
3381 2215 3578 2270 medio
3610 2216 3754 2269 asti—

2112 2301 2200 2368 tit,
2224 2317 2292 2356 ac
2314 2301 2621 2356 considere
2641 2304 2847 2357 Patres
2869 2303 3188 2371 mandavit,
3216 2304 3509 2376 jussuque
3544 2320 3752 2359 eorum

2110 2390 2306 2462 posita
2337 2389 2488 2444 sella
2515 2390 2763 2445 ultimus
2793 2392 3061 2447 omnium
3092 2392 3282 2459 sedit;
3313 2397 3547 2448 tantum
3572 2393 3756 2464 impe-

2112 2485 2272 2534 rator
2293 2478 2565 2534 Patribus
2586 2482 2929 2535 reverentiae
2951 2497 3019 2536 ac
3040 2481 3282 2536 honoris
3307 2480 3629 2537 deferebat.
3673 2484 3756 2537 Ac

2110 2571 2313 2625 Patres
2335 2570 2574 2641 quidem
2598 2571 2847 2626 floribus
2868 2571 3279 2628 laudationum
3302 2578 3477 2644 caput
3495 2572 3572 2628 im
3580 2589 3754 2644 pera-

2110 2658 2255 2713 toris
2275 2660 2869 2729 coronantes,faustis
2891 2661 3466 2731 comprecationibus
3493 2662 3755 2717 studium

2112 2746 2240 2818 ejus
2269 2763 2470 2802 rerum
2519 2764 2753 2803 sacrum
2805 2755 3357 2821 compensaverunt.
3407 2752 3755 2822 Imperator,

2109 2834 2312 2891 habita
2336 2836 2623 2901 oratione,
2657 2853 2774 2907 qua
2803 2853 2902 2891 eos
2932 2837 3006 2891 ad
3045 2838 3424 2893 concordiam
3456 2844 3513 2893 et
3543 2839 3761 2893 unani-

2111 2924 2378 2979 mitatem
2411 2925 2843 2994 exhortaretur,
2878 2926 3096 2982 multos
3153 2926 3418 2998 ipsorum
3462 2927 3655 2983 verbis
3685 2943 3755 2982 ac

2110 3012 2457 3067 muneribus
2488 3018 2856 3084 prosecutus,
2888 3014 3111 3069 multos
3150 3020 3309 3071 toros
3326 3016 3520 3087 parari
3545 3015 3752 3087 jussit,

2109 3116 2436 3170 omnesque
2467 3101 2542 3156 ad
2571 3118 2755 3156 unum
2787 3102 3117 3158 convivium
3147 3104 3390 3171 vocavit,
3424 3106 3505 3160 ita
3531 3110 3763 3176 utprm-

2117 3190 2433 3246 stantiores
2466 3206 2587 3245 sum
2618 3208 2840 3247 mensas
2862 3192 3192 3261 adhiberet,
3214 3193 3478 3265 reliquos
3498 3194 3561 3249 in
3584 3199 3758 3249 caste-

2117 3295 2214 3335 ras
2235 3295 2469 3335 mensas
2498 3279 2899 3336 distribueret.
2938 3281 3151 3337 Videns
3180 3288 3378 3338 autem
3402 3283 3760 3355 quibusdam

2115 3367 2355 3423 oculum
2388 3368 2658 3423 dextrum
2692 3385 2821 3424 esse
2853 3375 3110 3440 erutum,
3155 3372 3575 3444 accipiensque
3604 3374 3752 3429 ὕοι

2112 3456 2171 3511 id
2202 3473 2303 3513 eos
2361 3473 2396 3513 a
2432 3457 2799 3513 Diocletiano
2848 3464 2907 3514 et
2952 3460 3300 3516 Maximiano
3344 3478 3550 3532 passos
3600 3462 3760 3533 quod

2113 3545 2410 3601 Christum
2441 3552 2643 3603 essent
2672 3548 2947 3618 confessi,
2980 3549 3284 3606 cicatrices
3324 3567 3532 3606 eorum
3580 3550 3755 3606 labiis

2111 3634 2366 3691 admotis
2387 3635 2765 3693 deosculatus
2796 3644 2902 3708 est,
2936 3655 3182 3709 sperans
3231 3638 3451 3695 osculis
3498 3639 3637 3694 inde
3689 3656 3752 3695 se

2112 3724 2456 3780 felicitatem
2477 3726 2830 3782 hausturum
2855 3743 2868 3780 ε
2904 3732 3135 3782 tantum
3155 3727 3344 3781 fuitin
3371 3728 3481 3782 isto
3508 3729 3755 3798 impera-

2113 3818 2237 3869 tore
2269 3814 2428 3882 ﬁdei,
2462 3814 2849 3871 observantiae
2882 3832 3021 3888 erga
3046 3821 3283 3871 sanctos
3314 3822 3372 3871 et
3418 3815 3751 3872 modestia).

2112 3902 2402 3958 Postridie
2434 3904 2695 3975 episcopi
2726 3905 2984 3959 universi
3015 3909 3074 3959 et
3102 3905 3427 3976 imperator
3456 3905 3516 3959 in
3569 3921 3756 3960 unum

2112 3991 2308 4046 locum
2341 3992 2574 4047 collecti
2606 3993 2813 4048 Arium
2845 3993 2919 4047 ad
2968 4010 3030 4048 se
3077 3999 3286 4049 vocant
3329 3995 3391 4048 in
3434 3993 3750 4049 concilium

2111 4096 2247 4135 cum
2278 4080 2398 4135 suis
2423 4081 2832 4150 sectatoribus,
2867 4082 3039 4152 eique
3071 4098 3207 4138 suas
3247 4084 3558 4153 opiniones
3589 4099 3756 4138 asse-

2109 4169 2282 4223 rendi
2314 4172 2667 4239 potestatem
2700 4170 2938 4225 faciunt.
2978 4172 3108 4226 Haec
3139 4176 3337 4226 autem
3365 4177 3534 4227 erant
3590 4171 3759 4242 impii

2111 4266 2288 4331 atque
2311 4260 2655 4316 exsecrandi
2681 4260 2801 4316 Arii
2820 4262 3235 4335 decreta.Deus
3257 4278 3378 4317 non
3401 4262 3762 4333 semperfuit

2112 4348 2416 4417 Pater,sed
2430 4348 2540 4404 fuit
2552 4366 2685 4405 cum
2702 4352 2853 4405 Deus
2868 4367 2984 4406 non
2999 4354 3355 4406 essetPater.
3382 4353 3506 4406 Non
3519 4367 3757 4421 semper

2110 4437 2222 4493 fuit
2252 4438 2507 4493 Verbum
2538 4439 2663 4504 Dei,
2698 4440 2800 4494 sed
2831 4457 2900 4495 ex
2941 4457 3009 4495 eo
3040 4441 3200 4511 quod
3231 4440 3381 4494 nihil
3413 4445 3559 4507 erat,
3593 4457 3759 4496 crea-

2116 4532 2240 4582 tum
2254 4533 2370 4583 est:
2391 4530 2544 4583 Deus
2559 4530 2718 4583 enim
2732 4530 2833 4599 qui
2850 4530 3052 4599 erat,is
3065 4531 3250 4585 Deum
3265 4531 3365 4600 qui
3380 4546 3500 4585 non
3512 4534 3657 4597 erat,
3686 4546 3755 4584 ex

355 4616 554 4690 Λόγος,
610 4615 739 4671 ἀλλ’
785 4614 838 4686 ἐξ
886 4616 985 4670 οὐκ
1036 4613 1202 4670 ὄντων
1262 4614 1499 4692 γέγονεν’
1534 4617 1562 4670 ὁ
1600 4618 1700 4693 γὰρ
1750 4616 1825 4673 ὥν
1876 4619 2000 4681 Θεὸς

2114 4615 2302 4670 nihilo
2318 4616 2893 4687 creavit.Aliquando
2909 4618 3088 4690 igitur
3100 4617 3354 4673 Verbum
3367 4634 3489 4673 non
3500 4617 3764 4673 fuitznam

352 4710 442 4763 τὸν
476 4709 554 4780 μὴ
589 4703 718 4762 ὄντα
743 4705 804 4761 ἐκ
829 4711 927 4762 τοῦ
961 4707 1037 4779 μὴ
1069 4702 1223 4769 ὄντος
1279 4706 1571 4777 πεποίηκε.
1629 4710 1722 4763 Διὸ
1752 4709 1819 4776 ἧν
1869 4731 2004 4765 ποτε

355 4799 445 4853 ὅτε
474 4798 578 4852 οὐκ
617 4797 706 4866 ἦν’
766 4796 968 4870 κτίσμα
1025 4796 1127 4872 γάρ
1186 4796 1296 4851 ἐστι
1349 4798 1437 4852 καί
1491 4798 1712 4872 ποίημα
1768 4799 1796 4853 6
1854 4800 2001 4861 Υἱὸς·

354 4885 494 4943 Οῧτε
525 4882 585 4939 δὲ
625 4883 818 4959 ὅμοιός
874 4883 1016 4941 ἐστιν
1051 4886 1078 4939 ὁ
1110 4886 1233 4945 Υἰὸς
1275 4889 1354 4956 τῷ
1414 4888 1584 4961 Ηατρί
1629 4893 1747 4941 κατ’
1792 4887 2002 4947 οὐσίαν.

355 4971 496 5032 Οὔτε
555 4971 622 5042 δὴ
678 4972 939 5045 ἀληθινὸς
1000 4973 1090 5029 καὶ
1142 4974 1295 5048 φύσει
1360 4977 1458 5028 τοῦ
1535 4975 1746 5049 Πατρὸς
1830 4976 2007 5053 Λόγος

355 5060 525 5134 ἐστὶν,
592 5057 717 5116 οὔτε
769 5059 1008 5131 ἀληθινή
1078 5060 1240 5139 σοφία
1297 5062 1463 5116 αὐτοῦ
1518 5060 1677 5117 ἐστιν’
1747 5061 1874 5119 ἁλλ’
1932 5065 2005 5128 εἶς

358 5151 453 5222 μὲν
512 5153 622 5204 τῶν
682 5151 1011 5223 ποιημάτων
1067 5151 1161 5204 καὶ
1211 5150 1470 5224 γεννητός
1527 5149 1662 5222 ἐστι,
1713 5172 2003 5229 καταχρη-

353 5243 554 5300 στικῶς
584 5236 641 5293 δὲ
672 5236 886 5315 λέγεται
935 5238 1115 5313 Λόγος
1180 5238 1271 5293 καὶ
1337 5238 1517 5317 σοφία,
1574 5241 1866 5316 γενόμενος
1913 5242 2005 5298 καὶ

349 5332 513 5396 αὐτὸς
536 5334 614 5401 τῷ
645 5327 772 5402 ἰδίῳ
809 5332 906 5384 τοῦ
936 5328 1069 5385 Θεοῦ
1099 5328 1263 5403 Λόγῳ
1293 5329 1382 5384 καὶ
1432 5329 1486 5384 ἐν
1530 5334 1609 5403 τῷ
1645 5336 1763 5403 Θεῳ
1819 5330 2003 5408 σοφία,

2113 4705 2294 4759 Filius
2324 4709 2595 4760 creatura
2624 4712 2729 4772 est,
2766 4711 2823 4760 et
2844 4724 2939 4762 res
2962 4708 3189 4763 effecta.
3215 4709 3412 4779 Neque
3442 4725 3577 4762 vero
3601 4708 3759 4779 quod

2114 4794 2187 4849 ad
2228 4794 2546 4850 essentiam
2578 4795 2810 4863 attinet,
2842 4796 3024 4851 Filius
3052 4797 3210 4851 Patri
3239 4797 3450 4851 similis
3481 4802 3572 4852 est
3599 4815 3614 4863 ;
3654 4814 3764 4851 ne-

2074 4908 2077 4911 ·
2121 4900 2236 4954 que
2268 4884 2591 4956 genuinum
2625 4890 2684 4939 et
2711 4891 2938 4940 naturae
2971 4886 3241 4957 ejusdem
3272 4902 3406 4940 cum
3438 4890 3609 4940 Patre
3634 4887 3769 4939 Ver-

2113 4973 2257 5029 bum
2281 4979 2390 5042 est,
2424 4992 2618 5046 neque
2644 4991 2779 5030 vera
2808 4977 2937 5046 ejus
2982 4976 3290 5047 sapientia.
3341 4974 3452 5029 Sed
3504 4973 3757 5028 Verbum

2115 5069 2204 5120 est
2233 5063 2306 5118 de
2336 5079 2584 5119 numero
2618 5070 3022 5119 creaturarum
3080 5064 3383 5135 genitum:
3436 5061 3759 5133 improprie

2114 5157 2312 5208 autem
2346 5152 2599 5207 Verbum
2659 5156 2719 5207 et
2761 5152 3053 5224 sapientia
3089 5153 3324 5216 dicitur,
3374 5167 3509 5206 cum
3559 5151 3756 5222 ipsum

2113 5261 2349 5315 quoque
2381 5245 2684 5300 conditum
2718 5244 2858 5307 sita
2886 5242 3124 5314 proprio
3165 5241 3265 5296 Dei
3308 5239 3497 5295 Verbo
3551 5246 3611 5297 et
3662 5259 3759 5298 sa-

2114 5333 2339 5403 pientia
2369 5349 2502 5403 quae
2533 5333 2593 5387 in
2627 5333 2745 5387 Deo
2777 5338 2884 5399 est,
2919 5348 3034 5402 qua
3063 5348 3097 5385 a
3125 5332 3242 5385 Deo
3275 5329 3476 5385 omnia
3521 5335 3582 5386 et
3615 5333 3759 5386 Ver-

1553 5479 1920 5534 XYLANDRI
1961 5479 2048 5532 ET
2086 5478 2292 5532 GOARI
2334 5478 2553 5532 ΝΟΤίΕ.

418 5597 530 5663 (87)
563 5601 654 5652 An
684 5595 768 5651 ita
796 5595 1005 5666 Filius,
1031 5594 1183 5651 sicut
1211 5596 1385 5649 Pater
1414 5591 1676 5666 ἄναρχος,
1722 5610 1844 5666 non
1891 5595 1993 5663 ita,

352 5667 457 5723 sed
486 5666 675 5754 Filius
704 5682 943 5740 quoque
971 5663 1231 5739 ἄναρχος,
1272 5667 1412 5737 quia
1459 5663 1599 5722 licet
1642 5665 2004 5738 principium

2106 5592 2377 5666 originis,
2409 5610 2532 5649 non
2564 5594 2845 5666 temporis
2877 5598 3075 5649 tamen
3106 5598 3210 5650 aut
3228 5594 3546 5651 creationis
3571 5610 3763 5666 agno-

2117 5664 2245 5722 scit.
2275 5665 2588 5739 Gregorius
2619 5664 2963 5738 Theologus.
2997 5667 3171 5723 Cosa.
