4118 6288
376 385 494 444 54⁸7

1691 381 2004 444 GEORGII
2047 385 2396 446 CEDBENI

3662 391 3784 450 568

374 515 519 571 bum
549 531 785 586 quoque
809 514 1006 584 ipsum
1026 513 1184 568 facta
1213 517 1370 567 sunt.
1401 511 1540 568 Ideo
1567 515 1822 569 Verbum
1845 515 2016 570 etiam

2137 511 2190 567 ἐν
2217 515 2256 585 ᾗ
2281 513 2464 570 καὶτὰ
2505 513 2680 571 πάντα
2728 516 2820 570 καὶ
2879 515 3038 572 αὐτὸν
3104 518 3397 588 πεποίηκεν
3423 519 3452 572 ὁ
3483 519 3633 580 Θεός.
3686 522 3778 576 Διὸ

379 602 666 658 mutabile
693 607 784 657 est
815 618 884 656 ac
914 606 1147 656 natura:
1193 600 1536 672 alterabilis,
1598 603 1772 658 sicuti
1830 603 2016 658 omnia

2139 603 2230 657 καὶ
2260 605 2490 678 τρεπτός
2523 603 2636 661 ἐστι
2667 606 2756 661 καὶ
2816 603 3130 667 ἀλλοιωτὸς
3185 609 3286 676 τὴν
3345 607 3524 686 φύσιν,
3577 609 3652 672 ὡς
3687 611 3778 666 καὶ

378 693 606 748 ratione
653 690 938 762 prmdita;
998 689 1382 762 alienumque
1430 696 1521 746 est
1568 691 1822 746 Verbum
1861 708 1897 746 a
1925 691 2030 747 Dei

379 779 730 845 substantia,
784 778 856 834 ab
919 795 1106 850 eaque
1165 779 1533 836 distinctum.
1584 782 1783 852 Neque
1830 780 2029 835 videre

376 875 576 941 potest
603 871 840 926 Patrem
871 869 1076 939 Filius,
1125 885 1320 940 neque
1369 869 1627 941 perfecte
1678 874 1737 924 et
1782 869 2030 940 praecise

381 976 515 1016 eum
546 976 905 1033 cognoscere
933 976 1128 1032 neque
1156 959 1353 1015 videre
1398 963 1614 1032 potest.
1663 962 1808 1015 Nam
1857 974 2027 1014 suam

382 1049 573 1120 ipsius
598 1065 832 1120 quoque
852 1049 1246 1105 substantiam
1275 1065 1396 1104 non
1419 1049 1602 1116 novit,
1633 1048 1928 1119 quomodo
1953 1047 2030 1102 sit

376 1139 580 1195 Filius.
606 1141 856 1210 Propter
884 1156 994 1194 nos
1027 1139 1187 1194 enim
1219 1139 1407 1194 factus
1438 1143 1546 1206 est,
1579 1143 1645 1192 ut
1668 1140 1822 1194 Deus
1873 1139 2026 1196 502

375 1245 486 1284 nos
517 1229 703 1300 ipsius
760 1233 1046 1300 tanquam
1103 1228 1482 1284 instrumenti
1540 1244 1720 1300 opera
1775 1233 2024 1298 crearet,

376 1335 571 1388 neque
603 1318 848 1372 omnino
881 1318 1208 1374 exstitisset
1236 1318 1356 1372 nisi
1389 1319 1542 1372 Deus
1573 1333 1682 1372 nos
1705 1317 1898 1373 facere
1926 1335 2022 1373 vo-

376 1407 606 1462 luisset.
692 1409 1095 1480 Interrogatus
1173 1407 1350 1462 etiam
1421 1407 1597 1462 Arius
1649 1423 1684 1462 θ.
1741 1408 2020 1478 quodam,

377 1500 658 1568 possetne
689 1495 948 1550 Verbum
978 1495 1216 1560 mutari,
1268 1494 1567 1566 quomodo
1612 1495 1885 1550 diabolus
1933 1501 2025 1551 est

373 1590 656 1655 mutatus,
689 1600 812 1640 non
843 1585 1063 1640 veritus
1093 1589 1179 1639 est
1229 1583 1524 1640 affirmare
1556 1601 1728 1656 posse
1777 1583 1838 1638 id
1889 1601 2022 1640 mu-

371 1676 521 1730 tari:
559 1691 688 1731 esse
723 1677 884 1730 enim
915 1675 1219 1730 mutabilis
1249 1679 1476 1732 naturae
1521 1680 1725 1746 utpote
1755 1676 2022 1749 geni-tum

375 1769 434 1820 et
461 1770 746 1820 creatum.

445 1853 736 1909 Caeterum
765 1853 1123 1910 miraculum
1154 1869 1222 1909 eo
1254 1855 1315 1909 in
1355 1853 1608 1910 concilio
1641 1853 1860 1910 factum
1884 1855 2022 1926 jure
2053 1885 2098 1952 Β

373 1943 748 2015 praetermitti
773 1943 1010 1998 silentio
1061 1960 1182 1998 non
1223 1949 1434 2016 potest.
1483 1943 1745 1999 Novitate
1798 1943 2020 1999 decreti

377 2033 754 2104 imperatoris
777 2033 924 2088 moti
946 2037 1348 2088 convenerant
1376 2033 1449 2088 ad
1474 2032 1794 2088 concilium
1827 2032 2020 2104 philo-

371 2122 540 2194 sophi
555 2127 941 2194 oratoresque
963 2122 1106 2178 artis
1128 2121 1458 2178 disserendi
1478 2123 1844 2194 peritissimi.
1859 2123 2023 2178 Inter

371 2227 472 2266 eos
505 2211 748 2282 quidam
781 2216 910 2266 erat
940 2213 1175 2267 Graacus
1205 2211 1266 2266 in
1299 2212 1569 2268 omnium
1601 2211 2016 2278 admiratione,

367 2307 429 2358 et
465 2301 538 2356 ad
569 2302 744 2373 cujus
774 2301 1210 2372 disputationes
1239 2318 1456 2374 magna
1475 2301 1788 2357 hominum
1821 2319 2022 2358 accur-

367 2395 527 2444 reret
557 2389 898 2445 multitudo.
931 2392 1130 2460 Neque
1165 2390 1324 2445 enim
1359 2407 1492 2446 cum
1526 2391 1830 2446 confutare
1860 2391 2017 2446 vale-

365 2480 510 2534 bant
531 2479 815 2550 episcopi,
850 2495 987 2534 cum
1017 2485 1077 2534 et
1104 2479 1388 2535 facillime
1409 2481 1719 2552 quibusvis
1742 2481 2021 2552 objectio-

367 2567 546 2622 nibus
577 2573 938 2635 occurreret,
972 2573 1030 2622 et
1059 2575 1261 2640 argute
1292 2569 1642 2625 dissolveret
1691 2570 2012 2642 proposita,

367 2656 671 2727 instarque
703 2655 979 2729 anguillaa
993 2657 1417 2729 comprehendi
1435 2659 1732 2729 nequiret,
1756 2659 1860 2715 sed
1881 2676 2015 2714 cum

365 2749 622 2804 maxime
649 2747 954 2804 videretur
991 2750 1371 2821 constrictus,
1406 2750 1742 2807 elaberetur
1767 2768 1834 2808 ac
1872 2751 2016 2807 vali-

371 2837 503 2892 dius
534 2837 786 2892 instaret
815 2837 1192 2894 adversario:
1227 2844 1389 2894 tanta
1419 2840 1480 2894 in
1512 2856 1580 2895 eo
1617 2845 1746 2896 erat
1793 2840 2015 2913 ingenii

363 2927 472 2996 vis,
504 2927 936 2998 verborumque
957 2927 1127 3000 copia
1149 2934 1207 2983 et
1227 2929 1570 2984 volubilitas
1591 2929 1828 3000 lingua),
1863 2929 2016 2984 Deus

372 3021 573 3071 tamen
602 3021 745 3072 tunc
767 3017 1029 3072 ostendit
1058 3033 1307 3090 regnum
1343 3033 1516 3074 suum
1547 3036 1670 3074 non
1699 3019 1892 3074 verbis
1913 3019 2016 3074 sed

367 3109 659 3176 potestate
689 3106 818 3160 niti.
861 3106 1109 3171 Quidam
1158 3108 1315 3162 enim
1365 3107 1436 3164 de
1479 3109 1718 3180 sanctis,
1773 3108 2015 3164 nomine

362 3195 679 3266 Spyridon,
715 3195 1026 3266 episcopus
1057 3197 1534 3265 Trimithuntius,
1566 3198 2012 3270 simplicissima

364 3284 603 3355 ingenio
635 3300 703 3338 ac
733 3284 1064 3339 disserendi
1098 3286 1284 3352 rudis,
1315 3287 1486 3356 petiit
1515 3287 1625 3342 sibi
1660 3303 1794 3342 cum
1815 3288 2011 3359 philo-

358 3374 555 3444 sopho
583 3373 696 3427 isto
719 3373 1058 3444 disputandi
1079 3373 1273 3430 locum
1298 3375 1572 3444 concedi;
1597 3377 1870 3448 nihilque
1887 3394 2016 3432 mo-

358 3466 524 3516 ratus
561 3461 786 3529 Patres,
820 3461 922 3530 qui
951 3461 1083 3532 ejus
1113 3461 1434 3518 ruditatem
1464 3468 1522 3518 et
1569 3465 2016 3535 simplicitatem

363 3550 622 3605 scientes
647 3549 1061 3620 prohibebant,
1085 3567 1396 3624 aggressus
1426 3569 1562 3608 eum
1604 3569 1618 3607 :
1649 3556 1717 3608 In
1748 3555 2010 3623 nomine,

363 3639 581 3710 inquit,
611 3640 747 3694 Jesu
777 3639 1015 3708 Christi,
1039 3640 1202 3707 audi,
1233 3641 1606 3714 philosophe,
1628 3643 1890 3699 veritatis
1913 3644 2013 3698 de-

361 3733 541 3783 creta.
577 3729 796 3784 Unicus
829 3733 917 3784 est
954 3728 1130 3799 Deus,
1163 3730 1264 3800 qui
1296 3731 1449 3787 508
1473 3731 1686 3787 cmlum
1705 3737 1765 3787 et
1791 3738 2013 3788 terram

363 3818 602 3888 creavit,
635 3823 694 3872 et
724 3817 1028 3873 hominem
1059 3835 1130 3874 ex
1160 3824 1318 3875 terra
1340 3820 1531 3891 ﬁnxit,
1557 3826 1614 3877 et
1639 3821 1869 3892 reliqua
1887 3838 2013 3877 om-

365 3907 466 3961 nia
498 3912 616 3962 tam
650 3923 782 3978 qum
811 3907 1000 3962 visum
1030 3907 1263 3980 fugiunt
1293 3926 1468 3981 quam
1523 3926 1654 3981 quae
1704 3911 1764 3966 in
1811 3911 2014 3966 oculos

366 3994 699 4062 incurrunt,
737 3995 925 4050 Verbo
959 3997 1302 4070 Spirituque
1333 4016 1440 4054 suo
1489 3999 1770 4054 condidit.
1824 3999 2013 4072 Hujus

358 4083 616 4140 Verbum
638 4102 748 4140 nos
766 4085 986 4142 scimus
1005 4087 1220 4143 Filium
1247 4089 1351 4144 Dei
1375 4089 1783 4161 esse,ideoque
1799 4089 2010 4146 adora-

357 4189 512 4242 mus,
543 4173 854 4232 credentes
879 4181 1098 4232 nostra)
1122 4178 1332 4234 salutis
1352 4195 1532 4235 causa
1552 4195 1686 4235 eum
1709 4184 2011 4252 postremo

357 4269 627 4336 tempore
653 4281 724 4320 ex
755 4267 991 4338 Virgine
1023 4271 1252 4338 natum,
1280 4269 1593 4341 supplicio,
1620 4274 1810 4325 morte
1833 4274 2011 4340 atque

361 4353 426 4408 in
455 4353 634 4410 vitam
663 4355 860 4410 reditu
925 4372 1032 4412 suo
1080 4357 1408 4413 humanum
1453 4373 1642 4430 genus
1681 4358 2006 4426 liberasse;

359 4443 756 4514 eumdemque
773 4461 1082 4516 speramus
1103 4447 1460 4515 rediturum,
1477 4448 1760 4520 justeque
1781 4448 2012 4504 univer-

366 4549 463 4586 sos
487 4531 920 4602 judicaturum.
952 4533 1233 4590 Credisne
1271 4535 1418 4606 huic,
1468 4536 1822 4609 philosophe
1843 4537 1872 4592 ?
1898 4537 2005 4592 Ille

2135 693 2309 748 πάντα
2339 694 2406 748 τὰ
2449 691 2667 770 λογικά.
2719 698 2888 756 Ξένος
2938 715 2997 750 τε
3028 696 3115 750 καὶ
3177 694 3478 770 ἀλλότριος
3532 697 3623 753 καὶ
3673 699 3778 756 ἀπο

2135 783 2542 858 εσχοινισμένος
2596 783 2738 840 ἐστὶν
2776 786 2804 840 6
2845 785 3024 861 Λόγος
3081 791 3185 854 τῆς
3238 791 3373 842 Θεοῦ
3425 786 3630 858 οὐσίας,
3686 791 3779 846 καὶ

2132 869 2364 944 ἀόρατος
2421 875 2450 928 6
2509 876 2696 948 Πατὴρ
2756 878 2834 946 τῷ
2889 874 3022 947 Υίῷ.
3076 873 3212 931 Οὔτε
3269 875 3375 952 γὰρ
3426 872 3630 938 τελέως
3685 879 3776 932 καὶ

2131 955 2373 1029 ἀκριϐῶς
2399 963 2653 1037 γινώσκει
2686 963 2714 1018 6
2746 962 2918 1037 Λόγος
2969 963 3062 1018 τὸν
3105 965 3336 1040 Πατέρα,
3393 961 3517 1020 οὔτε
3551 962 3776 1028 τελείως

2132 1046 2291 1104 αὐτὸν
2325 1051 2452 1126 ὁρᾷν
2486 1048 2727 1109 δύναται.
2767 1052 2873 1109 Καὶ
2903 1051 3007 1130 γὰρ
3047 1053 3238 1108 ἑαυτοῦ
3293 1053 3393 1122 τὴν
3449 1052 3628 1109 οὐσίαν
3680 1055 3778 1110 οὐκ

2132 1135 2282 1194 οἶδεν
2317 1139 2390 1202 ὡς
2448 1139 2570 1204 Υἱός
2625 1137 2758 1197 ἐστι·
2819 1137 2889 1195 δι¹
2945 1142 3094 1215 ἡμᾶς
3152 1143 3256 1218 γὰρ
3313 1141 3631 1214 πεποίητᾶι,
3687 1141 3782 1199 ’ἕνα

2129 1228 2282 1300 ἡμᾶς
2313 1225 2382 1282 δι’
2412 1229 2576 1285 αὐτοῦ
2607 1231 2682 1292 ὡς
2713 1227 2784 1286 δι’
2815 1230 3044 1306 ὀργάνου
3073 1232 3232 1306 κτίσῃ
3267 1232 3294 1286 ὁ
3326 1232 3478 1294 Θεός·
3528 1233 3623 1288 καί
3677 1234 3780 1288 οὐκ

2131 1317 2194 1370 ἄν
2255 1317 2476 1390 ὑπέσνη,
2535 1319 2582 1374 εἰ
2644 1319 2720 1394 μὴ
2779 1322 2928 1393 ἡμᾶς
2983 1319 3471 1391 ἠθέλησενὸθεὸς
3525 1329 3774 1392 ποιῆσαι.

2131 1409 2442 1484 Ἠρώτησεν
2475 1409 2569 1466 οῦν
2601 1433 2684 1474 τις
2715 1411 2912 1476 αὐτοὺς
2940 1412 2986 1467 εἰ
3018 1411 3240 1468 δύναται
3273 1414 3302 1468 6
3330 1419 3428 1468 τοῦ
3487 1413 3620 1470 Θεοῦ
3670 1415 3778 1470 Λό-

2127 1518 2226 1572 γος
2286 1506 2580 1573 τραπῆναι,
2665 1501 2740 1564 ὡς
2835 1501 3040 1577 ἐτράπη
3103 1504 3132 1558 6
3191 1499 3470 1568 διάϐολος·
3530 1505 3619 1558 καὶ
3681 1504 3778 1560 οὐκ

2127 1583 2475 1663 ἐφοϐήθησαν
2509 1589 2700 1662 εἰπεῖν,
2734 1588 2820 1646 ὅτι
2853 1591 2980 1660 Nai,
3035 1587 3256 1646 δύναται
3311 1595 3598 1668 τραπῆναι·
3649 1615 3780 1668 τρε-

2127 1682 2270 1745 πτῆς
2323 1677 2424 1753 γάρ
2482 1675 2594 1732 ἐστι
2647 1678 2880 1757 φύσεως,
2938 1681 3200 1756 γεννητὸς
3257 1681 3346 1736 καὶ
3401 1683 3617 1744 κτιστὸς
3670 1684 3777 1739 ὑπο

2125 1763 2337 1838 ἄρχων.

2200 1851 2380 1909 Ἀλλᾶ
2437 1855 2500 1910 τὸ
2557 1854 2693 1912 κατὰ
2747 1857 2847 1924 τὴν
2907 1853 3133 1912 σύνοδον
3191 1859 3409 1934 γεγονὸς
3473 1864 3654 1935 θαῦμα
3717 1862 3779 1916 ού

2131 1939 2336 1998 δίκαιον
2366 1947 2550 2018 σιωπῇ
2581 1946 2959 2020 παραπέμψαι.
3021 1947 3161 2022 Πρὸς
3217 1947 3322 2024 γὰρ
3363 1948 3427 2004 τὸ
3467 1947 3780 2024 παράδοξον

2127 2035 2226 2087 τοῦ
2258 2031 2551 2107 βασιλικοῦ
2597 2031 2963 2110 διατάγματος
3017 2035 3106 2090 καὶ
3165 2035 3460 2116 φιλόσοφοι
3519 2039 3611 2094 καὶ
3673 2040 3780 2113 ῥή-

2127 2143 2285 2197 τορες
2340 2121 2392 2178 ἐν
2447 2127 2515 2198 τῇ
2576 2122 2781 2198 συνόδῳ
2831 2133 3100 2199 παρῆσαν,
3182 2123 3532 2198 διαλεκτικῆς
3588 2125 3780 2201 ἐμπει-

2129 2215 2370 2288 ρότατον
2419 2215 2472 2270 ἐν
2528 2216 2612 2278 οἷς
2675 2217 2891 2290 ὑπῆρχέ
2944 2237 3028 2280 τις
3081 2216 3292 2286 Ἕλλην
3349 2217 3496 2293 παρᾶ
3551 2219 3773 2274 πάντων

2127 2303 2290 2366 αὐτὸς
2323 2304 2755 2378 θαυμαζόμενος,
2789 2305 2930 2360 ὥστε
2963 2304 3210 2382 μεγάλην
3249 2305 3508 2380 ἀκρόασιν
3563 2305 3620 2362 ἐκ
3667 2315 3773 2376 τῆς

2129 2387 2420 2467 συμϐολῆς
2476 2393 2713 2470 γενέσθαι
2768 2391 3020 2464 πλήθους
3077 2393 3578 2473 ἐπισυντρέχοντος.
3629 2393 3774 2453 Οὗδὶ

2125 2480 2237 2557 γᾶιπ
2262 2481 2376 2536 οἷοί
2405 2502 2465 2536 τε
2494 2481 2631 2551 ἦσαν
2666 2483 2717 2536 οἱ
2765 2479 3054 2537 ἐπίσκοποι
3082 2482 3173 2537 τὸν
3235 2481 3536 2562 φιλόσοφόν
3581 2503 3640 2538 τε
3677 2483 3770 2538 καὶ

2127 2572 2336 2646 ῥήτορα
2364 2573 2682 2647 περιτρέψαι
2711 2571 2850 2635 τέως
2906 2569 3312 2648 διαλεγόμενον,
3370 2575 3454 2646 [Ρ.
3509 2576 3636 2648 287]
3687 2576 3770 2630 δτι

2125 2665 2254 2714 πᾶσι
2283 2665 2400 2722 τοῖς
2455 2658 2818 2737 ἐπαγομένοις
2872 2661 3038 2736 ῥᾷστα
3091 2663 3476 2738 προσεφέρετο,
3536 2661 3776 2719 ἐπιλύων

2127 2748 2336 2826 εὐφυῶς
2364 2749 2433 2805 τὰ
2459 2751 2852 2825 προτεινόμενα
2888 2748 2979 2805 καὶ
3036 2746 3193 2819 δίκην
3252 2749 3517 2825 ἐγχέλυος
3573 2751 3770 2807 amand-

2128 2857 2326 2914 σχετος
2361 2838 2760 2914 εὑρισκόμενος.
2795 2839 2881 2894 Ἐν
2910 2839 2997 2901 οἷς
3046 2839 3148 2916 γὰρ
3211 2836 3386 2893 ἐδόκει
3434 2833 3762 2914 συνέχεσθαι,

2127 2924 2511 2982 διολισθαίνων
2605 2926 3064 3002 ἐπικρατεστέρως
3144 2927 3466 3006 ἀντεφέρετο
3537 2933 3599 3003 τῇ
3654 2933 3758 2982 τῶν

2123 3017 2416 3090 νοημάτων
2457 3012 2732 3086 δεινότητι
2777 3015 2867 3070 καὶ
2909 3015 3172 3092 ῥημάτων
3219 3015 3528 3092 εὖγλωττίᾳ
3571 3037 3627 3072 τε
3667 3017 3760 3071 καὶ

2127 3103 2436 3179 στωμυλίᾳ.
2465 3101 2620 3162 Ἀλλ’
2647 3104 2738 3160 ἳνα
2769 3101 2914 3179 δείξῃ
2975 3105 3004 3159 6
3034 3105 3165 3167 Θεὸς
3224 3104 3307 3160 ὅτι
3361 3105 3462 3161 οὐκ
3499 3105 3554 3160 ἐν
3612 3104 3764 3182 λόγῳ

2127 3196 2160 3263 ἡ
2197 3193 2448 3268 βασιλεία
2473 3197 2570 3248 τοῦ
2602 3198 2757 3264 Θεοῦ,
2791 3191 2918 3248 ἀλλ’
2971 3192 3022 3248 ἐν
3069 3191 3315 3267 δυνάμει,
3355 3191 3640 3270 ἅνθρωπός
3682 3215 3764 3257 τις

2123 3285 2186 3339 Ex
2211 3287 2322 3338 τῶν
2373 3281 2545 3360 ἁγίων
2582 3282 2806 3352 ὀνόματι
2866 3280 3169 3356 Σπυρίδων,
3218 3282 3512 3344 ἐπίσκοπος
3570 3287 3770 3360 Τριμι-

2126 3371 2388 3441 θυόντων,
2427 3370 2804 3432 ἀπλούστατος
2837 3368 2895 3426 δὲ
2921 3373 3022 3441 τήν
3055 3370 3211 3448 φύσιν
3257 3372 3347 3426 καὶ
3405 3370 3633 3443 ἴδιώτης
3676 3373 3770 3428 τὸν

2129 3459 2316 3536 λόγον,
2349 3460 2579 3516 αἰτεῖται
2609 3461 2798 3538 χώραν
2828 3459 2976 3532 αὐτῷ
3005 3457 3232 3530 δοθῆναι
3292 3459 3582 3532 διαλέξεως
3627 3463 3770 3537 πρὸς

2121 3549 2213 3602 τὸν
2259 3546 2588 3626 φιλόσοφον.
2653 3548 2720 3606 Οἱ
2780 3545 2837 3602 δὲ
2894 3547 3124 3623 Πατέρες
3181 3549 3242 3604 τὸ
3300 3546 3508 3604 ἆπλοῦν
3563 3569 3623 3604 τε
3667 3551 3760 3605 καὶ

2125 3636 2401 3694 ἰδιωτικὸν
2431 3643 2529 3694 τοῦ
2561 3635 2753 3713 ἀνδρὸς
2783 3635 2984 3701 εἰδότες
3012 3635 3256 3696 ἐκώλυον
3305 3639 3487 3696 αὐτόν.
3549 3643 3663 3697 Τοῦ
3716 3639 3784 3696 δὲ

2127 3729 2202 3800 μὴ
2265 3726 2624 3806 ἀνεχομένου,
2666 3728 2912 3801 πρόσεισι
2969 3732 3052 3800 τῷ
3105 3725 3257 3803 ἀνδρὶ
3313 3728 3403 3784 καί
3443 3749 3632 3807 φησιν’
3687 3731 3780 3786 Ἐν

2125 3815 2350 3890 ὀνόματι
2391 3821 2488 3871 τοῦ
2549 3818 2732 3888 Ἰησοῦ
2790 3819 3053 3892 Χριστοῦ,
3123 3815 3375 3890 ἄκουσον,
3410 3818 3455 3872 ὦ
3486 3815 3780 3896 φιλόσοφε,

2121 3904 2189 3960 τὰ
2245 3911 2346 3974 τῆς
2401 3903 2659 3976 ἀληθείας
2719 3901 2988 3982 δόγματα.
3049 3905 3177 3968 Θεὸς
3234 3907 3308 3968 εἷς
3373 3904 3538 3974 ἐστιν,
3594 3907 3624 3960 6
3678 3907 3777 3961 τὸν

2123 3994 2352 4068 οὐρανὸν
2407 3993 2497 4049 καὶ
2555 3997 2658 4066 τήν
2715 4001 2818 4070 γῆν
2870 3995 3183 4065 ποιήσας,ὁ
3213 3994 3302 4050 καὶ
3367 3994 3655 4071 ἄνθρωπον
3717 3995 3777 4050 ἐκ

2125 4089 2230 4158 γῆς
2263 4080 2590 4151 διαπλάσας,
2620 4082 2806 4138 καὶτὰ
2863 4083 3029 4158 ὁρατὰ
3088 4085 3259 4139 πάντα
3287 4083 3380 4138 καὶ
3431 4083 3636 4153 ἀόρατα
3693 4088 3774 4154 τῷ

2123 4173 2287 4246 Λόγῳ
2317 4170 2482 4227 αὐτοῦ
2513 4172 2602 4227 καὶ
2632 4176 2712 4244 τῷ
2762 4171 3035 4246 Πνεύματι
3093 4171 3520 4246 συστησάμενος.
3563 4175 3768 4230 Τοῦτον

2119 4261 2212 4318 τὸν
2244 4263 2421 4338 Λόγον
2471 4264 2636 4336 ἡμεῖς
2694 4263 2818 4318 Υἱὸν
2872 4261 3011 4318 Θεοῦ
3077 4260 3279 4326 εἰδότες
3331 4266 3769 4337 προσκυνοῦμεν,

2120 4351 2465 4415 πιστεύοντες
2494 4349 2584 4406 διὰ
2605 4351 2706 4421 τήν
2743 4352 3012 4427 ἡμετέραν
3061 4351 3335 4425 σωτηρίαν
3389 4351 3473 4407 ἐπ’
3515 4349 3768 4426 ἐσχάτων

2123 4439 2184 4496 ἐκ
2239 4447 2340 4511 τῆς
2393 4439 2662 4515 Παρθένου
2717 4442 3003 4516 τεχθῆναι,
3058 4441 3150 4496 καὶ
3210 4437 3300 4496 διὰ
3385 4445 3620 4515 σταυροῦ
3675 4439 3764 4495 καὶ

2120 4530 2347 4585 θανάτου
2375 4529 2464 4585 καὶ
2494 4529 2834 4592 ἀναστάσεως
2862 4528 3290 4604 ἠλευθερωκέναι
3329 4532 3391 4584 τὸ
3445 4527 3602 4606 γένος
3661 4532 3768 4583 τῶν

358 4635 515 4686 vero,
548 4619 728 4675 veluti
759 4621 808 4676 si
841 4637 1153 4692 nunquam
1184 4623 1488 4694 disputare
1509 4625 1831 4695 didicisset,
1857 4626 2008 4682 muti

2125 4619 2442 4696 ἀνθρώπων·
2485 4617 2542 4674 ὅν
2591 4620 2676 4674 καὶ
2739 4617 3034 4692 ἐλπίζομεν
3085 4617 3313 4675 ἐλθόντα
3358 4616 3526 4674 πάλιν
3585 4622 3754 4692 κρῖναι

360 4707 554 4762 instar
581 4707 848 4778 obticuit,
881 4711 992 4765 hoc
1023 4727 1208 4766 unum
1237 4712 1394 4768 fatus
1423 4729 1436 4778 ;
1471 4713 1610 4767 Mihi
1651 4731 1886 4785 quoque
1923 4716 2008 4771 ita

356 4811 453 4850 res
482 4795 702 4852 habere
723 4797 978 4855 videtur.
1001 4801 1146 4855 Tum
1174 4816 1356 4856 senex
1377 4801 1699 4873 Spyridon:
1724 4807 1893 4875 Ergo,
1921 4803 2006 4859 inc

358 4885 509 4956 quit,
545 4902 741 4959 surge,
773 4891 831 4942 et
859 4903 954 4942 me
985 4887 1059 4943 ad
1091 4889 1378 4961 templum
1411 4907 1680 4961 sequere,
1716 4891 1796 4946 ibi
1827 4896 2007 4948 tesse-

357 4990 484 5030 ram
516 4973 654 5030 ﬂdei
705 4975 884 5048 hujus
937 4982 1306 5049 accepturus.
1359 4979 1756 5052 PhilosOphus
1807 4985 2004 5037 autem

355 5080 559 5120 versus
585 5063 658 5120 ad
677 5065 1002 5138 discipulos
1028 5083 1166 5123 suos
1189 5083 1203 5120 :
1226 5067 1460 5138 Audite,
1484 5069 1598 5124 ait:
1626 5070 1897 5134 Quandiu
1911 5087 2005 5126 res

346 5155 542 5212 verbis
569 5155 870 5229 agebatur,
904 5156 1063 5213 dicta
1091 5157 1266 5214 dictis
1300 5159 1572 5231 opposui,
1607 5163 1852 5233 arteque
1879 5160 2008 5218 dis-

351 5243 586 5299 serendi
617 5245 852 5318 objecta
881 5246 1150 5302 refutavi.
1177 5249 1495 5320 Postquam
1518 5253 1714 5305 autem
1739 5267 1848 5322 pro
1873 5268 2006 5308 ver-

352 5331 446 5386 bis
483 5333 568 5388 vis
599 5335 871 5404 quaedam
903 5353 971 5391 ex
1001 5352 1105 5391 ore
1161 5335 1343 5410 hujus
1395 5338 1552 5394 senis
1597 5340 1792 5411 exivit,
1850 5341 2008 5397 nihil

351 5419 636 5476 adversus
695 5423 813 5479 vim
861 5425 1040 5482 verba
1085 5425 1370 5483 valuere:
1419 5444 1541 5484 non
1591 5429 1754 5485 enim
1810 5436 2009 5502 potest

351 5509 532 5564 homo
568 5511 846 5567 resistere
897 5515 1035 5569 Deo.
1087 5516 1290 5586 Itaque
1338 5515 1386 5572 si
1440 5517 1574 5587 quis
1615 5522 1868 5574 vestrum
1925 5521 2006 5577 ita

349 5601 551 5667 potest
577 5597 912 5670 intelligere
943 5601 1029 5655 uti
1061 5618 1188 5674 ego,
1221 5604 1272 5658 is
1315 5604 1375 5658 in
1423 5605 1722 5661 Christum
1780 5609 2004 5676 credat,

346 5701 716 5760 mecumque
743 5703 950 5744 senem
983 5688 1142 5744 hunc
1174 5695 1476 5762 sequatur,
1510 5691 1681 5763 cujus
1707 5709 1809 5749 ore
1854 5697 2008 5755 Deus

2115 4707 2319 4770 πάντας
2357 4705 2411 4762 ἐν
2441 4704 2776 4782 δικαιοσύνῃ.
2833 4707 3110 4772 Πιστεόεις
3161 4708 3401 4779 τούτοις,
3461 4707 3752 4784 φιλόσοφε;

2113 4800 2176 4856 Ὀ
2202 4795 2280 4870 δὲ,
2313 4798 2386 4860 ὡς
2417 4795 2480 4852 ἂν
2526 4818 2609 4862 τις
2669 4795 2946 4871 μηδέποτε
2998 4804 3188 4874 πεῖραν
3245 4796 3428 4875 λόγων
3489 4793 3632 4873 ἔχων
3685 4793 3760 4858 εἲς

2115 4885 2402 4956 ἀντίθεσιν,
2437 4887 2751 4958 ἆπηνεώθη,
2783 4886 2874 4941 καὶ
2905 4887 2981 4949 ὡς
3009 4889 3193 4966 κωφὸς
3219 4887 3310 4942 καὶ
3359 4885 3568 4950 ἃλαλος
3623 4885 3760 4940 ἀπο-

2117 4978 2398 5046 σιωπήσας
2426 4981 2592 5032 τοῦτο
2645 4975 2810 5050 μόνον
2871 4975 3184 5055 ἐφθέγξατο,
3243 4975 3328 5031 ὅτι
3367 4976 3548 5050 Κάμοὶ
3597 4978 3765 5028 ταῦτα

2116 5065 2290 5128 οὓτως
2349 5058 2500 5136 ἔχειν
2559 5061 2728 5120 δοκεῖ,
2790 5065 2892 5122 Καὶ
2945 5065 2975 5119 6
3033 5063 3206 5142 γέρων
3294 5063 3480 5142 φησίνο
3557 5061 3765 5122 Οὐκοῦν

2114 5153 2343 5216 ἀναστὰς
2395 5149 2686 5209 ἀκολούθει
2747 5173 2842 5226 μοι
2896 5153 3033 5228 πρὸς
3115 5153 3214 5223 τὴν
3296 5151 3616 5224 ἐκκλησίαν,
3675 5149 3766 5206 καὶ

2116 5244 2270 5320 λήψῃ
2360 5243 2425 5299 τὸ
2501 5248 2732 5317 σημεῖον
2813 5249 2914 5314 τῆς
2988 5243 3226 5306 πίστεως
3305 5247 3528 5314 ταύτης.
3592 5242 3653 5300 Ὁ
3711 5237 3769 5294 δὲ

2115 5333 2442 5412 φιλόσοφος,
2495 5331 2846 5411 ἐπιστραφεὶς
2892 5331 3042 5408 λέγει
3091 5337 3210 5395 τοῖς
3259 5333 3530 5406 μαθηταῖς
3581 5330 3768 5400 αὐτοῦ,

2115 5423 2433 5496 Ἀκούσατε,
2491 5423 2536 5477 ὦ
2592 5419 2806 5497 ἄνδρες·
2864 5423 3010 5484 “Eum
3069 5420 3158 5476 ὅτε
3217 5422 3400 5498 λόγων
3459 5419 3770 5494 ἐποιούμην

2116 5513 2382 5586 σπουδὴν,
2411 5513 2607 5590 λόγους
2640 5511 2828 5590 λόγοις
2874 5513 3182 5570 ἆντετίθουν
3228 5513 3317 5570 καὶ
3365 5513 3432 5570 τὰ
3481 5512 3770 5590 προτεινὸο

2119 5625 2250 5680 μενα
2304 5605 2473 5680 τέχνῃ
2534 5603 2634 5658 τοῦ
2714 5599 2889 5678 λέγειν
2948 5601 3252 5677 ἀνέτρεπον,
3343 5605 3474 5660 ⁸Ὀτε
3533 5598 3592 5656 δὲ
3645 5599 3768 5656 ἀντὶ

2117 5689 2298 5769 λόγων
2341 5689 2576 5766 δύναμίς
2613 5711 2698 5754 τις
2743 5688 2964 5766 ἐξῆλθεν
3015 5689 3078 5746 ἐκ
3133 5695 3231 5748 τοῦ
3277 5693 3554 5768 στόματος
3603 5686 3764 5746 τοῦδε
