4118 6276
322 313 454 375 ΜΩ

1466 314 2012 378 HISTORIARUM
2054 314 2613 377 COMPENDIUM.

3631 314 3748 374 550

327 452 432 505 τοῦ
461 446 753 524 γέροντος,
786 451 887 505 οὐκ
907 448 1144 529 ’ίσχυσαν
1174 451 1226 506 οἱ
1255 449 1411 527 λόγοι
1443 457 1512 526 τῇ
1568 450 1793 526 δυνάμει
1837 452 1990 507 ἀντι-

2109 459 2192 508 est
2218 453 2474 508 locutus.
2508 452 2628 506 Hoc
2676 451 2849 506 modo
2904 449 3297 521 philosophus
3354 448 3748 504 Christianam

328 538 613 608 τάξασθαι·
671 536 798 594 οὐδὶ
849 540 952 613 γὰρ
1011 539 1126 602 οἷός
1179 539 1237 595 τέ
1300 539 1444 595 ἐστιν
1511 538 1794 615 ἅνθρωπος
1852 543 1991 596 ἀντι-

2109 543 2384 614 pietatem
2418 540 2728 611 amplexus
2759 556 2819 595 se
2852 556 2887 595 a
2918 556 3059 596 sene
3107 540 3219 594 isto
3258 538 3477 594 victum
3515 538 3747 611 gavisus

333 634 529 697 στῆναι
561 632 700 701 Θεῷ.
741 629 838 683 Διὰ
866 649 950 684 τοι
987 633 1152 686 τοῦτο
1191 627 1245 685 εἷ’
1266 651 1350 692 τις
1409 631 1561 705 ὑμῶν
1621 629 1840 687 δύναται
1874 652 1996 685 συν-

2102 635 2211 686 est.

338 718 474 773 ιὲναι
530 717 605 779 ὡς
664 717 815 792 κάγὼ
848 764 864 789 ,
920 717 1194 773 πιστεύσει
1250 718 1327 782 είς
1377 721 1469 775 τὸν
1530 722 1781 795 Χριστὸν,
1839 720 1929 775 καὶ
1980 716 2354 781 ἀκολουθείτω
2414 716 2508 770 σὺν
2567 713 2692 788 ἒμοὶ
2762 719 2844 787 τῷ
2908 716 3122 790 γέροντι
3175 715 3379 787 τούτῳ,
3435 713 3486 768 έν
3534 712 3580 785 ᾧ
3626 711 3750 768 ἒλάσ

332 827 502 877 κησεν
535 808 565 861 ὁ
615 806 768 869 Θεός.
800 805 998 880 Τούτῳ
1051 809 1144 862 οὖν
1200 813 1281 881 τῷ
1332 809 1522 884 τρόπῲ
1563 808 1856 886 γενόμενος
1917 810 1946 864 ὁ
2001 805 2302 887 φιλόσοφος
2358 805 2689 881 Χριστιανὸς
2741 800 2963 882 ἔχαιρεν
3027 805 3282 875 ἡττηθεὶς
3342 802 3447 858 ὑπὸ
3502 807 3599 857 τοῦ
3656 804 3750 878 γέ-

337 917 501 970 ροντο
509 917 552 958 ς.

337 988 528 1059 Παρῆν
584 981 641 1040 δὲ
722 990 1017 1052 τηνικαῦτα
1070 988 1157 1042 καὶ
1219 986 1250 1042 6'
1304 992 1448 1052 θεῖος
1503 987 1839 1066 Παφνούτιος
1893 989 1981 1043 καὶ

334 1072 698 1147 τερατουργὸς
729 1074 821 1130 καὶ
867 1073 1246 1150 ὁμολογητής,
1279 1076 1343 1130 οὗ
1371 1077 1465 1132 τὸν
1499 1074 1671 1149 δεξιὸν
1703 1075 1983 1156 ὀφθαλμὸν

337 1160 677 1233 Μαξιμιανὸς
764 1160 1039 1238 ἐξώρυξεν.
1116 1166 1212 1226 Ὃς
1293 1173 1395 1235 τῆς
1480 1163 1709 1221 συνόδου
1770 1165 1982 1220 κανονί-

336 1271 425 1305 σαι
481 1253 595 1325 (88)
646 1251 912 1323 θελούσης
979 1250 1119 1309 ὥστε
1173 1252 1442 1330 κληρικὸν
1501 1256 1578 1328 μή
1629 1253 1984 1330 συνέρχεσθαι

334 1341 551 1415 γυναικὲ
603 1341 742 1416 πρὸς
796 1342 994 1417 γάμον,
1053 1343 1128 1406 ὡς
1164 1344 1329 1419 βαρὺν
1360 1345 1454 1399 τὸν
1487 1342 1652 1420 λόγον
1709 1344 1983 1417 ἀνέτρεψε,

334 1428 431 1483 καὶ
481 1429 670 1500 μόνοις
727 1427 1043 1492 ἐπισκόποις
1109 1428 1351 1487 ἑτύπωσε
1405 1437 1571 1488 τοῦτο
1629 1428 1987 1507 παραφυλάτ-

334 1518 545 1575 τεσθαι.

410 1606 568 1661 Μετὰ
611 1609 741 1680 γοῦν
799 1604 1020 1676 πολλὴν
1076 1614 1179 1678 τῆς
1224 1609 1462 1683 σκέψεως
1519 1603 1797 1680 ἀκρίϐειαν
1835 1606 1989 1677 ἐδοξε

335 1698 503 1748 πᾶσιν
561 1694 702 1767 ὁμοῦ
760 1691 868 1749 δεῖν
928 1696 1209 1770 ὁρίσασθαι
1260 1699 1324 1753 τὸ
1392 1697 1685 1769 ὁμοούσιον
1741 1698 1830 1752 ἐπὶ
1886 1704 1986 1767 τῆς

338 1783 638 1862 ὀρθοδόξου
674 1788 930 1858 πίστεως,
978 1789 1222 1845 τουτέστι
1274 1793 1375 1855 τῆς
1432 1790 1602 1860 αὐτῆς
1662 1788 1848 1853 οὐσίας
1897 1789 1986 1844 καὶ

2161 986 2435 1043 Interfuit
2465 985 2518 1041 ei
2541 986 2792 1042 concilio
2823 987 3004 1042 etiam
3053 985 3284 1041 divinus
3338 982 3744 1055 Paphnutius,

2092 1077 2382 1132 mirificus
2417 1077 2597 1132 homo
2645 1080 2697 1131 et
2729 1077 3052 1141 confessor,
3085 1074 3179 1130 cui
3210 1074 3598 1129 Maximianus
3623 1073 3759 1126 dex-

2093 1171 2251 1220 trum
2291 1170 2529 1221 eruerat
2561 1165 2824 1221 oculum.
2885 1165 2957 1230 ls,
3020 1180 3155 1220 cum
3210 1162 3389 1218 vellet
3430 1162 3752 1217 concilium

2094 1258 2252 1314 504
2299 1256 2622 1312 decernere
2682 1261 2749 1311 ut
2811 1253 3013 1311 clerici
3079 1254 3303 1327 nuptiis
3362 1252 3751 1320 abstinerent,

2096 1362 2227 1399 eam
2271 1346 2628 1401 sententiam
2685 1349 2751 1399 ut
2806 1345 3017 1399 duram
3070 1342 3369 1410 refutavit,
3428 1345 3753 1411 auctorque

2092 1435 2207 1502 fuit
2284 1439 2353 1489 ut
2435 1434 2743 1490 cmlibatus
2803 1434 2945 1488 solis
3030 1434 3441 1506 injungeretur
3524 1430 3752 1502 episco~

2096 1523 2212 1594 pis.

2171 1612 2248 1666 Re
2280 1612 2726 1667 accuratissime
2760 1611 3191 1678 examinata,ea
3212 1609 3325 1665 fuit
3345 1608 3614 1664 omnium
3628 1623 3758 1663 sen-

2098 1702 2515 1766 tentia,veram
2543 1702 2722 1757 fidem
2754 1705 3011 1756 statuere
3042 1699 3258 1755 Filium
3285 1697 3761 1754 consubstantia-

2104 1788 2244 1857 lem,
2272 1790 2384 1845 hoc
2416 1796 2505 1844 est
2534 1790 2806 1861 ejusdem
2828 1806 2964 1844 cum
3021 1790 3195 1844 Patre
3253 1785 3525 1842 essentiae
3579 1790 3759 1856 atque

335 1860 552 1954 ιῥύσεως
580 1881 660 1949 τῷ
693 1877 968 1953 Ππρίκαὶ
988 1878 1079 1933 τὸν
1113 1879 1237 1933 Υἱὸν
1271 1877 1587 1952 ὁμολογεῖν.
1620 1880 1722 1936 ’Ἦν
1752 1880 1836 1952 [Ρ.
1869 1881 1991 1950 288]

2109 1881 2356 1932 naturae.
2410 1860 2956 1933 Eamisententiam
3011 1877 3262 1931 ﬁrmiter
3318 1892 3527 1930 omnes
3575 1880 3754 1943 atque

336 1962 408 2032 δή
458 1965 551 2019 καὶ
627 1965 765 2020 κατὰ
846 1968 1055 2041 κράτος
1135 1967 1229 2022 καί
1288 1968 1595 2045 συμφώνως
1645 1962 1995 2035 ἐϐεϐαίωσαν,

331 2053 503 2125 παρὲξ
537 2053 752 2128 Ἀρείου
807 2060 905 2110 τοῦ
961 2051 1197 2118 ἀσεϐοῦς
1258 2057 1347 2111 καὶ
1399 2056 1593 2132 ἑτέρων
1652 2050 1704 2127 ἕξ
1751 2055 1996 2132 ὁμοφρά-

331 2164 445 2198 νων
475 2143 644 2216 αὐτῷ,
677 2144 771 2206 οὕς
819 2144 1335 2218 ἀναθεματισθέντας
1373 2146 1477 2201 ὑπὸ
1537 2150 1643 2202 τῶν
1701 2144 1859 2210 θείων
1890 2145 1998 2217 τίη“

333 2234 596 2306 Πατάρων
628 2234 657 2288 ὁ
693 2233 948 2308 βασιλεὺς
987 2232 1230 2309 ἐξώρισε.

408 2322 563 2379 Μετὰ
593 2318 652 2377 δὲ
678 2327 849 2378 ταῦτα
885 2323 1377 2399 φιλαπεχθήμονες
1410 2322 1593 2399 ἄνδρες
1651 2325 1786 2381 κατά
1831 2346 1995 2380 τινων

334 2411 652 2468 ἐπισκόπων
710 2411 1008 2489 ἐγγραφους
1067 2411 1340 2469 ἐπέδωκαν
1422 2419 1502 2486 τῷ
1590 2413 1815 2471 Βασιλεῖ
1867 2434 1993 2473 κατ-

337 2501 591 2577 ηγορίας.
624 2503 688 2559 Ὁ
739 2499 798 2556 δὲ
849 2503 1045 2565 ταύτας
1103 2500 1387 2578 δεξάμενος
1443 2504 1532 2559 καὶ
1583 2501 1858 2578 δεσμήσας
1905 2504 1995 2558 καὶ

336 2595 420 2662 τῷ
503 2588 782 2664 δακτυλίῳ
840 2591 1232 2666 σημηνάμενος
1312 2592 1556 2650 ἐκέλευσε
1612 2593 1994 2673 φυλάττεσθαι.

336 2682 477 2738 Εἶτα
507 2681 646 2755 πρὸς
681 2680 900 2754 εἰρήνην
956 2682 1155 2744 αὐτοὺς
1204 2682 1294 2737 καὶ
1341 2673 1599 2755 ὁμόνοιαν
1653 2678 1994 2755 συμϐιϐασας

331 2769 544 2832 ταύτας
577 2768 810 2824 ἐνώπιον
836 2770 1054 2825 πάντων
1103 2771 1443 2843 κατέκαυσεν,
1498 2770 1645 2846 ὅρκῳ
1702 2769 1995 2850 πληροφο-

332 2863 512 2935 ρήσας
595 2858 790 2922 αὐτοὺς
882 2858 1052 2935 μηδὲν
1135 2860 1438 2937 ἀναγνῶναι
1507 2866 1613 2917 τῶν
1696 2860 1748 2916 ἐν
1809 2861 1996 2923 αὐτοῖς

325 2949 751 3024 γεγραμμένων.
786 2945 922 3004 Ούδὶ
953 2949 1060 3025 γὰρ
1097 2943 1198 3026 ἔφη
1260 2957 1462 3025 χρῆναι
1521 2951 1589 3004 τὰ
1644 2946 1993 3022 πλημμελή-

338 3058 484 3110 ματα
514 3041 629 3091 τῶν
692 3035 880 3111 ἱερέων
939 3035 1085 3106 δῆλα
1131 3038 1373 3114 γενέσθαι
1426 3043 1545 3103 τοῖς
1595 3036 1853 3105 πολλοῖς,
1904 3037 1995 3092 ἳνα

339 3127 419 3197 μὴ
503 3122 812 3181 σκανδάλου
896 3127 1164 3205 πρόφασιν
1275 3126 1511 3192 ἐντεῦθεν
1618 3123 1994 3199 λαμϐάνοντες

2105 1984 2226 2023 uno
2284 1984 2384 2022 ore
2441 1968 2863 2039 approbarunt,
2929 1971 3174 2037 excepto
3255 1965 3439 2036 impio
3505 1963 3643 2018 Ario
3695 1965 3757 2016 et

2108 2073 2207 2110 sex
2264 2056 2399 2111 aliis
2473 2072 2608 2111 cum
2666 2073 2734 2110 eo
2782 2054 3194 2110 sentientibus.
3256 2055 3411 2119 Quos
3486 2069 3520 2107 a
3592 2051 3753 2106 divi-

2107 2145 2202 2199 nis
2231 2145 2335 2199 318
2365 2145 2637 2201 Patribus
2684 2145 3048 2216 proscriptos
3102 2142 3427 2214 imperator
3484 2140 3754 2196 exsulare

2098 2235 2300 2307 jussit.

2178 2323 2517 2380 Secundum
2549 2324 2690 2389 haec,
2725 2339 2859 2379 cum
2890 2322 3344 2378 inimicitiarum
3371 2319 3760 2375 serendarum

2108 2415 2356 2471 studiosi
2387 2416 2660 2471 homines
2688 2416 2935 2487 scriptas
2963 2420 3168 2471 contra
3224 2415 3531 2486 episcopos
3588 2428 3759 2483 quos-

2107 2505 2244 2561 dam
2275 2506 2683 2561 accusationes
2742 2505 3082 2576 imperatori
3137 2503 3539 2566 tradidissent,
3575 2501 3626 2555 is
3657 2516 3757 2554 eas

2105 2600 2378 2665 acceptas
2419 2594 2711 2666 colligavit
2758 2610 2984 2665 suoque
3033 2594 3258 2649 annulo
3290 2592 3630 2665 obsignatas
3661 2606 3755 2645 as—

2105 2685 2322 2740 servari
2346 2685 2548 2755 jussit.
2572 2686 2781 2739 Postea
2824 2684 3136 2739 discordiis
3183 2682 3594 2755 pacificatione
3652 2696 3760 2735 sua

2108 2774 2379 2839 sublatis,
2429 2790 2530 2829 eas
2588 2774 2998 2829 accusationes
3027 2774 3089 2827 in
3136 2776 3455 2843 conspectu
3494 2771 3756 2825 omnium

2106 2862 2405 2932 cremavit,
2459 2863 2806 2934 juramento
2838 2862 3018 2916 fidem
3048 2861 3273 2916 faciens
3322 2860 3474 2914 nihil
3507 2876 3568 2913 se
3599 2859 3661 2912 in
3690 2858 3761 2911 iis

2102 2952 2385 3023 scriptum
2420 2951 2655 3023 legisse.
2698 2950 2827 3005 Non
2860 2950 3045 3017 enim,
3098 2949 3355 3016 dicebat,
3415 2946 3634 3002 debent
3664 2963 3760 3000 sa-

2103 3040 2411 3096 cerdotum
2457 3040 2676 3097 delicta
2702 3038 3073 3094 multitudini
3108 3037 3346 3109 exponi,
3380 3053 3454 3092 ne
3481 3035 3757 3090 homines

2102 3130 2240 3187 inde
2272 3129 2513 3184 offensae
2546 3132 2783 3200 sumpta
2811 3126 3125 3183 occasione
3158 3127 3288 3182 sine
3315 3129 3752 3197 metupeccent.

342 3211 512 3277 ἀδεῶς
545 3216 949 3287 ἁμαρτάνωσιν.
985 3216 1134 3292 Ἐγὼ
1184 3213 1241 3271 δὲ
1297 3217 1347 3271 εἴ
1404 3216 1678 3287 αὐτόπτης
1733 3213 1991 3292 ἐγενόμην

2109 3220 2225 3291 Ego
2258 3218 2306 3273 si
2337 3217 2487 3273 meis
2508 3217 2695 3272 oculis
2714 3216 2977 3272 viderem
3007 3216 3081 3271 ab
3104 3216 3379 3286 episcopo
3394 3213 3755 3269 adulterium

348 3300 635 3357 ἐπισκόπου
662 3303 839 3378 γάμον
868 3302 1160 3380 ἀλλότριον
1193 3301 1593 3379 διορύττοντος,
1652 3303 1989 3378 συνεκάλυψα

352 3387 826 3472 ἃντῇποριρυρίδι
878 3414 982 3466 μου
1039 3393 1208 3468 ταύτῃ
1266 3394 1329 3449 τὸ
1376 3396 1710 3468 παρανόμως
1764 3395 1990 3468 γινόμε-

347 3499 456 3550 νον,
492 3480 565 3542 ὡς
593 3482 654 3535 ἆν
716 3483 794 3555 μὴ
854 3482 1083 3557 βλάψειε
1137 3484 1263 3545 τοὺς
1323 3487 1628 3558 θεωμένους
1680 3489 1790 3540 τῶν
1848 3481 1989 3558 δρω-

340 3566 520 3640 μένων
551 3571 586 3638 ἡ
619 3565 766 3644 ὄψις.
800 3569 960 3629 Οὕτω
1016 3570 1198 3627 τοίνυν
1255 3570 1384 3634 τοὺς
1445 3575 1542 3645 μὶν
1608 3570 1668 3627 εὖ
1728 3569 1986 3648 λέγοντας

333 3656 729 3731 ἀνακηρύττων
759 3702 773 3729 ,
829 3659 957 3721 τοὺς
1011 3657 1069 3715 δὲ
1125 3658 1505 3735 ἀντιλέγοντας
1563 3660 1990 3736 παρακλητικιῖκ

335 3744 415 3805 εἰς
476 3746 746 3819 ὁμόνοιαν
802 3745 1044 3803 ἐλαύνων
1075 3790 1090 3816 ,
1146 3748 1274 3810 τοὺς
1330 3748 1531 3812 πάντας
1589 3749 1988 3825 ὁμογνώμονας

331 3834 425 3888 καὶ
494 3832 801 3907 ὁμοδόξους
856 3841 972 3899 τοῖς
1025 3833 1568 3914 ἀμφισϐητουμένοις
1650 3838 1812 3894 ’ἅπασι
1860 3860 1989 3894 κατ-

332 3944 554 3994 εστησε.
616 3925 722 3983 Καὶ
779 3924 922 3980 οὕτω
974 3928 1298 4001 παραινέσας
1346 3928 1566 4000 πάντας,
1623 3928 1711 3982 καὶ
1769 3928 1992 3995 πολλῆς

330 4020 510 4085 τιμῆς
550 4032 610 4067 τε
638 4012 729 4068 καὶ
788 4010 995 4086 δωρεᾶς
1048 4013 1302 4087 ἀξιώσας,
1348 4013 1573 4072 ἕκαστον
1630 4017 1992 4092 παρηγγύησε

331 4096 668 4158 καταλαϐεῖν
723 4102 825 4171 τήν
894 4100 1037 4158 ἰδίαν
1076 4103 1306 4177 ποίμην.
1364 4105 1639 4162 Ἐτύπωσε
1685 4103 1742 4160 δὲ
1797 4107 1887 4161 καὶ
1929 4107 1992 4160 τὸ

335 4192 495 4267 ἅγιον
540 4191 736 4267 Πάσχα
791 4193 1063 4267 ἑορτάζειν
1097 4194 1243 4266 ἡμᾶς
1274 4193 1412 4249 κατὰ
1467 4196 1566 4264 τήν
1621 4200 1710 4248 νῦν
1758 4200 1988 4270 κρατοῦ-

334 4302 433 4336 σαν
463 4283 777 4352 συνήθειαν*
827 4282 972 4344 τινὶς
1026 4283 1130 4359 γὰρ
1186 4287 1296 4338 τῶν
1337 4283 1531 4359 πρώην
1582 4285 1719 4339 κατὰ
1769 4286 1867 4353 τὴν
1925 4282 1990 4339 ιδ’

337 4377 442 4439 τῆς
480 4367 724 4441 σελήνης
771 4371 1064 4446 ἑώρταζον.

412 4457 569 4515 Μετά
625 4455 685 4514 δέ
735 4480 858 4514 τινα
911 4459 1111 4535 χρόνον
1170 4460 1276 4515 ὑπὸ
1338 4467 1439 4530 τῆς
1497 4463 1761 4537 θυγατρὸς
1826 4463 1994 4518 αὐτοῦ

2100 3307 2415 3373 committi,
2448 3306 2537 3361 vel
2562 3322 2825 3378 purpura
2855 3321 2988 3361 mea
3016 3304 3230 3360 vellem
3260 3303 3550 3375 ﬂagitium
3592 3302 3759 3355 obte-

2099 3412 2339 3470 gere,ne
2371 3395 2499 3468 ejus
2530 3400 2884 3467 conspectus
2914 3394 3348 3451 alioslsederet.
3386 3395 3472 3448 lta
3501 3398 3627 3447 tum
3657 3390 3763 3446 im-

2099 3491 2339 3558 perator
2359 3503 2459 3541 eos
2487 3487 2588 3557 qui
2618 3490 2779 3541 recte
2810 3485 3107 3542 sentirent
3124 3484 3374 3539 victores
3406 3481 3760 3553 praedicans,

2101 3576 2332 3631 veritati
2378 3581 2777 3648 repugnantes
2835 3575 3068 3647 placide
3134 3575 3209 3630 ad
3257 3570 3756 3629 consentiendum

2101 3665 2422 3720 adhortans
2453 3664 2651 3720 effecit
2679 3665 2765 3719 uti
2797 3665 3059 3719 universi
3093 3664 3164 3719 de
3194 3663 3375 3718 rebus
3423 3666 3758 3716 controver-

2103 3754 2185 3810 sis
2210 3754 2368 3809 idem
2400 3755 2709 3809 sentirent.
2743 3754 2931 3824 Atque
2990 3753 3072 3808 ita
3127 3751 3491 3806 collaudatos
3543 3765 3755 3803 omnes

2101 3843 2429 3899 honoribus
2460 3843 2610 3899 505
2655 3858 2723 3896 ac
2754 3841 2923 3896 donis
2954 3845 3306 3913 prosecutus
3327 3839 3403 3895 ad
3435 3855 3608 3895 suum
3632 3839 3757 3893 sin-

2104 3932 2272 4003 gulos
2303 3947 2538 4003 gregem
2561 3930 2755 3985 redire
2790 3929 2990 4001 jussit.
3025 3929 3345 3984 Constituit
3372 3929 3551 3984 etiam
3581 3932 3645 3982 ut
3672 3944 3761 3982 sa«

2106 4036 2275 4073 crum
2306 4020 2531 4074 Pascha
2563 4036 2654 4081 eo,
2689 4035 2805 4088 quo
2853 4035 3011 4073 nunc
3064 4024 3371 4090 receptum
3421 4022 3529 4087 est,
3579 4016 3757 4071 modo

2104 4108 2513 4164 celebraretur
2544 4125 2556 4162 :
2591 4112 2728 4163 ante
2761 4108 2920 4163 enim
2948 4107 3192 4178 quidam
3227 4110 3293 4161 14
3332 4107 3477 4161 luna
3532 4105 3592 4159 id
3623 4121 3762 4176 age-

2104 4197 2268 4253 bant.

2178 4466 2497 4538 Aliquanto
2528 4469 2664 4537 post
2696 4469 2984 4536 tempore,
3019 4480 3199 4520 suasu
3229 4463 3588 4519 Constantia:
3620 4464 3758 4519 filia;

343 4548 728 4603 Κωνσταντίασ
780 4546 1154 4624 παρακληθεὶς
1237 4549 1402 4618 ἀνῆκε
1464 4551 1556 4606 τὸν
1615 4552 1828 4626 Ἀρειον
1884 4552 1991 4608 ἀπὸ

2109 4574 2250 4625 sum,
2280 4557 2484 4612 Arium
2506 4556 2578 4612 ab
2613 4555 2823 4611 exsilio
2876 4554 3119 4610 domum
3177 4553 3372 4609 redire
3404 4570 3614 4626 passus
3647 4558 3755 4620 est,

339 4645 439 4707 τῆς
477 4636 691 4711 ἰξορίας
751 4638 829 4701 ὡς
875 4635 1033 4707 δῆθεν
1087 4641 1507 4713 μετανοήσαντα.
1567 4640 1645 4698 Οὗ
1696 4662 1992 4718 παραγενο·

347 4725 533 4801 μένου,
565 4728 659 4782 καὶ
688 4726 1055 4802 ἐρωτηθέντος
1090 4730 1195 4785 ὑπὸ
1218 4734 1316 4785 τοῦ
1358 4729 1629 4805 βασιλέως
1679 4732 1725 4786 εί
1783 4739 1999 4808 στοιχεῖ

341 4823 459 4881 τοῖς
486 4819 641 4891 ὅροις
692 4818 784 4872 καὶ
831 4821 901 4891 τῇ
959 4817 1162 4873 ἐκθέσει
1217 4826 1319 4889 τῆς
1376 4818 1431 4875 ἐν
1488 4822 1684 4892 Νικαίᾳ
1741 4820 1992 4891 συνόδου,

344 4907 582 4980 παρευθὺ
612 4906 867 4970 κατᾶθετο
906 4906 1175 4962 πιστεύειν
1235 4907 1429 4969 οὕτως.
1487 4909 1544 4962 Ὃ
1602 4906 1660 4963 δὲ
1715 4912 1995 4983 θαυμάσας

343 4995 507 5069 ’ὁρκον
556 4992 821 5069 ἐπήνεγκε
853 4995 928 5067 μή
962 4999 1178 5071 φρονεῖν
1237 4995 1447 5050 ἐναντία
1503 4999 1573 5069 τῇ
1629 4995 1856 5070 συνόδῳ·
1902 4999 1991 5054 καὶ

342 5087 507 5138 τοῦτο
561 5084 798 5153 ποιήσας
854 5080 1120 5137 ἀπέλυσεν
1184 5082 1348 5139 αὐτὸν
1409 5084 1642 5156 εἰρηκὼς
1703 5087 1874 5160 αὐτῷ.
1927 5088 1991 5145 Ei

348 5173 441 5245 μὶν
473 5174 615 5248 ὁρθις
677 5174 774 5226 σού
831 5170 973 5228 ἐστιν
1003 5174 1040 5242 ἡ
1071 5173 1276 5242 πίστις,
1319 5172 1508 5238 λαλῶς
1558 5172 1803 5249 ὤμοσας·
1836 5176 1889 5232 εἶ’
1935 5176 1994 5234 δὶ

345 5258 549 5332 ἀσεϐής
599 5261 690 5317 καὶ
740 5257 1162 5337 διεστραμμένη,
1218 5261 1400 5337 κρίναι
1457 5262 1710 5341 Κύριοςὸ
1738 5265 1869 5328 Θεὸς
1925 5267 1993 5321 τὰ

2105 4646 2425 4718 resipuisse
2469 4662 2601 4700 eum
2631 4650 2870 4717 putans.
2904 4644 3083 4699 Arius
3109 4660 3379 4699 reversus
3405 4643 3477 4699 ab
3510 4643 3763 4715 impera-

2108 4743 2233 4792 tore
2258 4743 2345 4791 est
2375 4736 2770 4807 interrogatus
2831 4750 2987 4789 anne
3021 4734 3259 4789 decreto
3290 4740 3348 4789 et
3404 4733 3759 4805 expositioni

2104 4825 2339 4881 concilii
2363 4824 2583 4880 Nicaani
2609 4827 2810 4879 staret.
2845 4822 3175 4892 Statimque
3224 4822 3336 4876 hoc
3366 4822 3470 4876 ille
3495 4822 3759 4876 affirma-

2103 4915 2377 4981 vit.Quod
2392 4914 2719 4970 admiratus
2751 4913 3076 4983 imperator
3098 4914 3441 4981 juramento
3460 4910 3757 4977 adactum,

2103 5021 2224 5059 non
2257 5003 2572 5058 dissentire
2605 5002 2677 5056 ab
2705 5017 2771 5055 eo
2802 4999 3425 5069 concilio,dimisit,ita
3442 4998 3596 5053 fatus
3624 5013 3637 5050 :
3671 4997 3762 5051 Si-

2102 5093 2343 5163 quidem
2372 5097 2535 5147 recta
2565 5094 2655 5145 est
2683 5089 2831 5151 ﬁdes
2863 5094 2985 5156 tua,
3009 5088 3161 5143 bene
3171 5087 3387 5159 jurasti
3417 5103 3431 5141 :
3455 5087 3549 5141 sin
3576 5086 3760 5156 impia

2104 5187 2162 5237 et
2180 5197 2474 5252 perversa,
2508 5179 2783 5235 celeriter
2810 5177 2874 5232 in
2912 5182 2968 5232 te
3026 5178 3181 5231 Deus
3213 5180 3451 5231 statuat.
3505 5175 3762 5230 Proinde

2103 5268 2526 5325 Constantinus
2562 5283 2597 5322 a
2625 5281 2840 5337 magno
2873 5264 3052 5321 etiam
3083 5263 3408 5319 Athanasio
3438 5264 3763 5337 postulavit

1548 5410 1908 5468 XYLANDRI
1947 5412 2034 5469 ET
2072 5411 2286 5468 GOARI
2327 5411 2551 5468 NOTAE.

421 5523 789 5602 g88g)gCanone
818 5523 969 5602 edito
996 5530 1252 5602 statuere.
1286 5524 1560 5581 Padnutii
1591 5525 1772 5594 dicto,
1804 5527 1901 5581 cui
1938 5528 2096 5585 velut
2124 5527 2340 5584 fabulas
2371 5526 2490 5595 alii,
2522 5524 2828 5582 Cedrenus
2851 5532 2917 5582 ut
2944 5527 3210 5583 historiae
3269 5529 3591 5585 verissimae
3626 5546 3763 5602 per-

352 5596 526 5652 hibet
549 5593 978 5651 testimonium.
1010 5596 1181 5653 Gesn.
