4118 6288
397 351 512 410 551

1747 335 2068 398 GEORGII
2110 335 2457 402 CEDRENI

3685 345 3808 406 552

395 491 463 543 ut
493 501 628 540 eum
661 481 838 537 veluti
869 477 970 549 qui
1003 475 1351 548 resipuisset
1379 475 1705 546 reciperet;
1733 477 1946 529 etcum
1976 471 2038 526 id

2153 470 2292 527 κατᾶ
2318 493 2376 528 σε
2431 473 2642 538 θάττον.
2699 474 2876 550 Ταύτῃ
2903 496 2988 531 τοι
3045 475 3135 532 καὶ
3192 477 3284 532 τὸν
3337 477 3506 553 μέγαν
3573 477 3802 541 Ἀθανά-

397 577 702 630 recusaret
725 570 944 641 quippe
976 565 1099 622 Arii
1148 564 1596 638 perversitatem
1653 562 2044 636 perspiciens,

401 661 580 716 ﬁdem
613 656 902 713 adhibens
917 653 1274 708 Arianorum
1295 649 2046 722 calumniis,quibusAtha-

397 749 633 806 nasium
667 743 1057 818 impetebant,
1092 742 1436 814 episcopatu
1475 741 1669 811 ejecit.
1729 741 1927 810 Neque
1987 737 2048 792 id

395 837 615 893 mirum
645 835 776 890 fuit.
809 834 974 904 Saepe
1006 832 1164 887 enim
1197 832 1377 886 etiam
1408 829 1591 885 divini
1624 829 1916 896 homines,
1949 845 2050 882 ca-

394 924 654 982 lumnias
683 923 798 995 piis
831 922 1150 977 intentatas
1181 937 1242 975 re
1265 935 1385 974 non
1411 918 1715 990 explorata
1731 917 2050 972 admitten—

393 1021 544 1081 tes,a
573 1029 708 1068 vero
739 1011 1166 1068 aberraverunt
1193 1009 1439 1080 piosque
1471 1005 1710 1078 injuriis
1729 1021 1796 1060 ac
1815 1003 2048 1058 damnis

392 1105 741 1159 affecerunt.
766 1099 1068 1166 Quomodo
1120 1099 1298 1154 etiam
1325 1097 1557 1152 divinus
1589 1097 1766 1150 homo
1796 1085 2048 1150 Davidus

395 1211 430 1248 a
461 1209 626 1248 servo
655 1191 792 1246 Siba
849 1191 1152 1260 deceptus,
1184 1187 1282 1258 qui
1314 1185 1464 1242 falso
1509 1183 2045 1256 Memphibosthum

396 1281 706 1337 dominum
737 1294 910 1335 suum
941 1277 1243 1333 deferebat
1271 1275 1440 1348 quasi
1469 1276 1516 1330 is
1538 1273 1842 1330 Absalomi
1861 1272 2049 1344 parti-

395 1374 505 1427 bus
535 1387 596 1426 se
628 1369 973 1436 addixisset,
1022 1367 1332 1422 facultates
1380 1365 1619 1420 domino
1677 1363 1897 1434 injuste
1929 1361 2046 1417 eri-

394 1462 524 1534 puit
565 1475 850 1530 servoque
907 1457 1283 1529 mancipavit.
1320 1457 1510 1522 Quare
1569 1458 1802 1526 oportet
1833 1467 2048 1524 magna

396 1568 536 1607 cum
565 1549 892 1606 attentione
934 1547 1121 1602 animi
1179 1552 1352 1618 atque
1405 1543 1834 1600 deliberatione
1892 1541 2044 1598 506

392 1640 646 1696 crimina
679 1638 1010 1710 explorare,
1061 1650 1257 1706 neque
1310 1640 1534 1690 temere
1594 1631 2046 1688 accusatoribus

393 1729 658 1794 credere,
686 1734 988 1797 utcunque
1012 1726 1052 1780 ii
1075 1725 1188 1780 ﬁde
1210 1723 1372 1796 digni
1403 1721 1832 1779 habeantur.ln
1865 1737 2046 1792 quam

2154 582 2268 616 σιον
2323 560 2400 625 εἷς
2484 563 2770 619 κοινωνίαν
2833 565 2994 622 αὐτὸν
3063 562 3309 638 δέξασθαι
3366 564 3800 642 παρεκελεύσατο

2155 650 2228 712 ὡς
2284 652 2377 707 ἅτε
2438 655 2864 726 μετανοήσαντα.
2921 659 3026 709 Τοῦ
3085 651 3141 710 δὲ
3201 656 3278 728 μή
3343 652 3808 731 καταδεχομένου,

2153 740 2514 816 γινώσκοντος
2539 737 2780 818 ἀκριϐῶς
2815 743 2915 812 τήν
2974 741 3192 812 ’Δρείου
3250 740 3598 818 δυστροπίαν,
3631 743 3806 819 ἐξορί-

2154 833 2234 898 ζει
2262 834 2360 884 τοῦ
2390 831 2582 904 θρόνου
2641 831 2732 886 τὸν
2793 830 2971 906 ἅγίον,
3029 831 3318 895 πιστεύσας
3384 831 3473 887 καὶ
3530 833 3628 894 τὰς
3687 836 3807 888 κατ’

2153 917 2322 973 αὐτοῦ
2350 921 2646 995 γενομένας
2671 921 2774 976 ὑπὸ
2834 925 2944 976 τῶν
2997 921 3286 996 Ἀρείανῶν
3344 918 3647 996 λοιδορίας.
3697 923 3810 978 Καὶ

2152 1005 2213 1061 οὐ
2241 1009 2440 1082 θαῦμαο
2474 1007 2744 1070 πολλάκις
2773 1011 2875 1085 γὰρ
2929 1010 3021 1065 καὶ
3087 1012 3224 1065 θεῖοι
3282 1007 3472 1086 ἄνδρες
3526 1011 3665 1066 κατά
3719 1031 3808 1066 τι-

2151 1119 2257 1151 νων
2291 1092 2525 1152 εὐσεϐῶν
2559 1093 2824 1168 διαϐολήν
2879 1099 3114 1173 ἀκρίτως
3171 1097 3630 1174 παραδεξάμενοι·
3658 1121 3798 1177 παρ·

2151 1186 2456 1260 ετράπησαν
2483 1194 2584 1256 τῆς
2609 1187 2869 1260 ἀληθείας
2899 1189 2991 1243 καὶ
3047 1188 3176 1251 τοὺς
3232 1183 3470 1251 εὐσεϐεῖς
3523 1185 3807 1264 παρέϐλα-

2151 1276 2254 1348 ψάν
2316 1295 2376 1330 τε
2425 1276 2517 1330 καὶ
2569 1276 2980 1350 παρελύπησαν,
3033 1274 3217 1354 ὥσπερ
3277 1277 3370 1332 οὗν
3427 1277 3518 1332 καὶ
3549 1279 3578 1333 ὁ
3608 1279 3802 1333 θεσπέ-

2153 1385 2269 1429 σιος
2299 1359 2466 1419 Δαϐἰδ
2497 1363 2851 1437 ἑξᾶπατηθεὶσ
2881 1366 2983 1421 ὑπὸ
3029 1371 3129 1421 τοῦ
3187 1366 3400 1422 οῗκέτου
3459 1363 3619 1434 Σιϐὰ,
3669 1368 3812 1424 κατὰ

2149 1457 2246 1508 τοῦ
2278 1451 2541 1509 δεσπότου
2575 1449 2930 1532 Μεμφιϐοσθὲ
2967 1452 3444 1531 ψευδηγοροῦντος
3492 1456 3568 1518 ὡς
3623 1456 3711 1512 ὅτι
3741 1457 3806 1510 τὰ

2149 1547 2248 1598 τοῦ
2286 1542 2549 1618 τυράννου
2605 1539 2935 1618 Ἀὄεσαλὼμ
3001 1550 3190 1624 φρονεῖ
3242 1550 3434 1600 τοῦτον
3487 1539 3810 1620 παρέϐλαψε

2150 1632 2239 1686 καὶ
2268 1636 2377 1686 τῶν
2411 1628 2564 1686 ἰδίων
2606 1631 3000 1706 ἀποστερήσας.
3033 1635 3123 1708 ξΡ.
3156 1635 3282 1706 289]
3313 1636 3394 1704 τῷ
3423 1631 3607 1707 οἰκέτῃ
3638 1652 3809 1708 προσ-

2152 1718 2464 1794 εκλήρωσεν
2493 1761 2509 1778 .
2565 1722 2724 1778 Ὅθεν
2785 1723 2896 1797 χρὴ
2956 1723 3092 1795 μετά
3146 1720 3366 1792 πολλης
3415 1717 3696 1798 ἀκριϐείας
3751 1743 3812 1777 τε

393 1819 753 1876 sententiam
802 1815 1158 1872 Nicodemus
1214 1830 1451 1885 quoque
1510 1813 1764 1884 injustos
1810 1810 2042 1866 Iudaeos

2149 1810 2242 1864 καὶ
2301 1809 2539 1884 σκέψεως
2613 1810 2824 1886 έρευνᾷν
2881 1810 2977 1874 τὰς
3034 1810 3388 1886 κατηγορίας,
3439 1809 3532 1866 καὶ
3583 1812 3660 1884 μὴ
3729 1810 3807 1872 ὠς

396 1905 652 1982 graviter
681 1906 974 1978 objurgat,
997 1903 1294 1976 inquiens,
1327 1903 1623 1957 Numnam
1655 1900 1814 1972 leges
1843 1904 2042 1954 vestra:

2156 1896 2319 1975 ἔτυχε
2375 1901 2648 1955 πιστεύειν
2700 1905 2817 1962 τοῖς
2883 1905 3274 1975 κατηγοροῦσι,
3329 1897 3424 1955 κᾶν
3485 1900 3615 1976 ἄγαν
3673 1900 3809 1954 ὦσιν

397 1997 664 2068 aliquem
696 1995 922 2050 indicta
943 2009 1121 2049 causa
1151 1997 1210 2046 et
1249 2007 1372 2046 non
1402 1989 1706 2062 explorata
1760 2005 1825 2044 re
1882 1988 2042 2043 dam-

2156 1988 2480 2058 ἀξιόπιστοι.
2516 1989 2609 2044 Διὸ
2641 1985 2708 2058 δὴ
2749 1988 2838 2044 καὶ
2895 1987 3213 2063 Νικόδημος
3263 1987 3402 2065 πρὸς
3455 1989 3586 2052 τοὺς
3630 2009 3811 2062 παραυ

394 2092 543 2143 nant
567 2086 611 2122 ⁰⁸
635 2086 662 2141 ‘?
694 2084 984 2140 Nimirum
1017 2089 1076 2138 et
1104 2082 1337 2154 profani
1368 2077 1708 2151 philosophi
1757 2077 1916 2132 idem
1944 2095 2042 2149 per

2153 2079 2356 2152 νόμους
2409 2077 2708 2142 Ἰουδαίους
2767 2084 3150 2156 καταφορικῶς
3185 2099 3246 2134 τε
3300 2079 3391 2134 καὶ
3447 2080 3818 2152 ἓντρεπτικῶς

402 2177 608 2249 spicue
633 2175 868 2242 docent,
901 2174 984 2229 ita
1018 2171 1434 2244 praacipientes
1471 2185 1484 2223 :
1515 2169 1571 2224 Si
1630 2183 1874 2224 causam
1906 2183 2042 2222 con-

2155 2163 2282 2244 ἔφη»
2345 2169 2495 2237 Μήὁ
2529 2167 2698 2242 νόμος
2759 2167 2911 2240 ὑμῶν
2969 2169 3145 2242 κρίνει
3202 2167 3295 2222 τὸν
3357 2167 3666 2243 ἄνθρωπον,
3728 2161 3818 2222 Ean

397 2265 690 2321 troversia
719 2264 1029 2333 disceptat,
1062 2258 1481 2332 suspendatur.
1511 2257 1568 2313 Si
1589 2255 2044 2327 judicium,pro-

395 2354 667 2411 bationes
724 2352 1128 2423 explorentur.
1205 2348 1261 2402 Si
1315 2347 1694 2418 quaestiones,
1772 2343 1834 2398 id
1890 2343 2048 2415 quod

399 2459 638 2515 mquum
661 2448 751 2498 est
781 2438 1519 2514 prmscribatur,tenninus
1548 2435 1882 2504 deﬁniatur,
1900 2435 2048 2490 scri-

396 2539 498 2606 pta
527 2538 654 2588 rata
684 2533 840 2597 sint;
874 2547 1005 2602 qua;
1037 2528 1186 2584 scita
1216 2532 1453 2595 sunt,ea
1481 2527 1636 2582 facto
1667 2524 2046 2596 impleantur.

397 2625 482 2679 Ita
513 2624 707 2677 omnis
736 2620 980 2676 tollatur
1035 2617 1359 2681 contentio,
1424 2630 1751 2686 rursusque
1783 2613 2051 2668 amicitia

399 2713 682 2768 obtineat.
716 2711 860 2766 Tum
882 2709 943 2763 in
973 2706 1314 2780 apostolicis
1341 2703 1868 2761 constitutionibus
1903 2701 2048 2756 divi-

395 2818 540 2857 num
563 2799 819 2856 Verbum
839 2798 924 2853 sic
953 2796 1197 2852 mandat
1223 2793 1436 2851 :Judex
1465 2799 1590 2850 esto
1613 2809 1830 2848 vacuus
1841 2808 2048 2864 perso-
2090 2825 2093 2828 -

395 2906 612 2946 narum
643 2885 1056 2960 reputationis,
1082 2884 1182 2956 qui
1214 2899 1409 2956 neque
1440 2882 1682 2938 divitem
1711 2885 2050 2936 revereatur

393 2983 496 3034 aut
524 2976 800 3033 aduletur
829 2991 998 3046 aequo
1029 2972 1510 3044 amplius,neque
1541 2969 1788 3042 pauperi
1817 2971 2041 3040 parcat.

397 3067 696 3139 Scriptum
728 3071 818 3121 est
850 3065 1044 3120 enim:
1079 3063 1205 3118 Non
1233 3061 1518 3133 respicies
1547 3059 1622 3116 ad
1674 3059 1933 3130 potentis
1962 3057 2046 3112 di-

391 3157 707 3230 gnitatem,
735 3171 929 3224 neque
960 3151 1344 3208 miseraberis
1365 3165 1687 3222 pauperem
1709 3149 1771 3202 in
1787 3147 2037 3219 judicio.

2153 3151 2490 3222 ωπόΑηπτος
2533 3196 2548 3224 ,

391 3245 496 3300 Dei
530 3245 688 3301 enim
711 3243 1008 3315 judicium
1032 3241 1195 3312 juste
1245 3239 1546 3312 justitiam
1602 3242 1994 3310 persequetur
2027 3251 2040 3301 ;

394 3351 589 3404 neque
605 3334 770 3404 justo
802 3331 1128 3403 quidquam
1158 3329 1448 3401 injustam
1497 3327 1862 3399 probabitur.
1919 3328 2045 3380 Non

395 3440 532 3495 ergo
565 3421 773 3476 leviter
801 3418 1166 3475 credendum
1186 3423 1276 3472 est
1295 3416 1598 3487 quibusvis
1615 3414 2044 3471 criminationi-

391 3513 502 3568 bus
533 3526 596 3565 re
617 3526 738 3565 non
769 3506 1249 3580 explorata.Fieri
1281 3507 1437 3560 enim
1468 3509 1665 3576 potest
1693 3511 1760 3559 ut
1787 3505 1922 3560 odio
1944 3508 2047 3558 aut

394 3601 620 3658 invidia
649 3601 869 3672 aliquis
901 3599 1194 3671 impulsus
1223 3597 1467 3654 fratrem
1493 3596 1642 3652 falso
1674 3596 2042 3663 criminetur,

394 3693 550 3748 sicut
570 3692 900 3747 Susannam
931 3687 1048 3744 duo
1081 3703 1256 3744 senes
1313 3691 1374 3742 et
1423 3685 1742 3757 Josephum
1780 3685 2045 3757 Egyptia

394 3781 633 3837 mulier.
661 3782 744 3834 Tu
775 3778 1122 3852 ergo,homo
1145 3776 1271 3845 Dei,
1297 3774 1642 3847 hujusmodi
1673 3791 1749 3830 ne
1771 3780 2042 3846 prompte

391 3868 730 3936 admiseris,
763 3882 838 3922 ne
871 3867 1170 3920 insontem
1228 3862 1464 3919 occidas
1522 3867 1580 3918 et
1605 3861 1928 3917 interﬁcias
1941 3861 2038 3933 ju-

392 3963 570 4025 stum,
595 3972 790 4027 neque
812 3953 986 4010 donis
1000 3959 1055 4009 te
1073 3952 1147 4008 ad
1167 3952 1503 4008 necandum
1525 3951 1824 4023 corrumpi
1844 3951 2005 4007 sinas
2026 3967 2038 4005 :

390 4061 529 4100 nam
550 4060 803 4100 munera
833 4046 1134 4098 excaacant
1181 4040 1384 4096 oculos
1432 4041 1756 4113 justorum,
1789 4044 1848 4095 et
1889 4039 2038 4112 justi

390 4131 770 4190 sermonibus
800 4131 948 4188 501
981 4130 1272 4186 ofﬁciunt.
1319 4129 1377 4184 Si
1409 4144 1546 4201 ergo
1578 4126 1803 4183 nullam
1837 4128 2038 4198 cujus-

385 4240 566 4295 quam
599 4239 866 4295 personm
895 4221 1192 4278 rationem
1223 4219 1511 4274 habentes
1552 4217 1784 4290 judicia
1839 4217 2037 4284 obitis,

386 4311 844 4384 deprehendelis
875 4327 1010 4366 eum
1063 4309 1162 4380 qui
1217 4307 1366 4364 falso
1427 4307 1674 4362 crimine
1701 4306 2038 4378 proximum

387 4418 560 4457 suum
592 4400 948 4473 oppugnavit
975 4417 990 4465 ;
1010 4414 1264 4468 eumque
1285 4395 1596 4452 calumniae
1619 4395 1950 4450 convictum
1969 4412 2037 4450 eo

386 4491 541 4545 malo
563 4489 857 4555 afﬁcietis,
882 4487 1042 4558 quod
1073 4486 1169 4542 ille
1218 4485 1389 4540 alteri
1447 4483 1691 4540 molitus
1720 4483 1832 4540 fuit
1863 4499 1878 4550 ;
1911 4501 2038 4539 ma-

384 4578 770 4648 litiosumque
803 4575 1024 4632 tolletis
1051 4591 1082 4629 e
1113 4574 1332 4638 medio,
1366 4573 1466 4644 qui
1499 4577 1786 4644 quantum
1811 4573 1872 4628 in
1905 4573 2035 4644 ipso

384 4667 518 4735 fuit,
551 4667 796 4721 auribus
848 4663 1072 4736 judicis
1130 4662 1430 4734 occupatis
1479 4661 1726 4716 fratrem
1783 4663 2030 4718 necavit.

389 4755 689 4826 Scriptum
716 4759 806 4809 est
837 4753 998 4809 enim
1028 4769 1041 4806 :
1073 4751 1183 4818 Qui
1215 4751 1565 4822 sanguinem
1597 4749 1836 4820 fuderit,
1896 4767 2030 4804 eum

387 4845 628 4919 proprio
660 4844 945 4916 sanguine
977 4843 1122 4899 luat.
1149 4844 1352 4912 Neque
1373 4841 1617 4896 omnino
1647 4840 1826 4895 unius
1845 4840 2033 4895 homi-

385 4953 528 4993 num
563 4935 970 4992 testimonium
1001 4937 1209 4988 contra
1237 4931 1438 4998 alium,
1470 4935 1772 5001 utcunque
1803 4929 1919 4985 ﬁde
1951 4929 2032 4985 di-

384 5027 506 5098 gni,
535 5042 643 5098 pro
662 5029 822 5081 certo
854 5021 1192 5079 habendum
1221 5025 1328 5075 est.
1360 5021 1622 5075 Duorum
1653 5018 2036 5090 enim,inquit

386 5116 692 5180 Dominus,
715 5120 817 5170 aut
847 5114 1026 5168 trium
1057 5110 1297 5166 testium
1326 5126 1426 5165 ore
1461 5109 1680 5180 quaevis
1701 5126 1796 5164 res
1825 5110 2036 5165 conﬁr-

384 5205 604 5260 manda
633 5209 740 5260 est.
760 5201 926 5268 Quod
940 5202 989 5257 si
1016 5217 1152 5273 ergo
1180 5198 1420 5255 difﬁcile
1454 5197 1613 5253 estid
1636 5198 1794 5269 quod
1803 5198 2034 5270 justum

385 5294 462 5347 sit
500 5292 986 5360 invenire,adhuc
1017 5289 1320 5346 difﬁcilius
1339 5289 1642 5344 inventum
1673 5288 2034 5357 tueri,nemo

378 5380 672 5454 judicium
705 5381 1076 5452 praecipitare
1108 5378 1302 5434 debet.
1329 5379 1488 5432 Tunc
1519 5382 1717 5432 autem
1776 5383 1934 5432 recte
1967 5377 2034 5431 ﬁ-

385 5485 492 5524 nes
534 5469 786 5541 justitize
864 5473 1192 5535 servantur,
1253 5483 1385 5522 cum
1444 5483 1638 5522 causaa
1713 5467 2032 5538 judicium,

452 5609 498 5645 ⁸⁵
524 5609 690 5664 Joan.
723 5623 817 5674 vn,
853 5609 942 5662 51.

2158 2258 2234 2330 μὴ
2265 2256 2468 2332 ἀκούσῃ
2498 2257 2624 2333 παρ’
2683 2257 2848 2314 αὐτοῦ
2905 2261 3125 2332 πρῶτον
3183 2257 3274 2312 καὶ
3329 2261 3445 2332 γνῴ
3488 2255 3542 2311 τί
3599 2261 3810 2326 «nisi;

2151 2345 2381 2420 ’Δμέλει
2412 2347 2475 2424 γέ
2511 2369 2598 2402 τοι
2628 2349 2720 2404 καὶ
2752 2347 2804 2404 οἶ
2851 2352 2960 2404 τῶν
2988 2343 3090 2421 ἔξω
3145 2345 3305 2424 σοφοί
3358 2351 3524 2403 τοῦτο
3582 2344 3809 2422 προδή-

2155 2435 2266 2498 λως
2300 2436 2726 2514 ὑπεμφαίνοντες
2769 2437 2913 2492 οὓτω
2971 2438 3149 2516 φασίν’
3211 2437 3274 2492 Εἰ
3330 2437 3425 2512 μὲν
3485 2430 3812 2516 ἀμφιϐήτη-

2153 2547 2238 2588 σις
2267 2526 2460 2600 κρίνει,
2501 2527 2842 2601 ἀναρτάσθω,
2899 2525 2947 2581 εὶ
3001 2523 3060 2581 δί
3113 2527 3314 2602 κρίσις,
3363 2525 3494 2588 τοὺς
3543 2523 3813 2604 ἐλέγχους

2156 2615 2508 2691 βασανιζέτω,
2569 2616 2615 2670 εἰ
2672 2611 2729 2672 δὲ
2782 2615 3037 2690 βάσανος,
3092 2615 3156 2671 τὸ
3215 2613 3336 2670 δέον
3394 2615 3650 2689 ὁριζέτω·
3697 2612 3812 2669 ὁδὶ

2153 2702 2284 2777 ὅρος
2376 2704 2668 2780 γεγράφθω
2701 2747 2716 2775 ,
2769 2704 2836 2759 τὰ
2935 2701 2992 2758 δὲ
3066 2704 3420 2781 γεγραμμένα
3504 2702 3808 2778 κυρούσθω,

2149 2793 2217 2848 τὰ
2267 2790 2325 2849 δὲ
2405 2793 2720 2869 κυρωθέντα
2809 2789 3150 2870 βεϐαιούστω
3243 2798 3362 2857 τοῖς
3455 2788 3661 2868 ἔργοις,
3718 2793 3804 2847 καὶ

2151 2886 2296 2937 πᾶσα
2365 2882 2646 2957 ἀψιμαχὶα
2723 2881 2985 2958 οῗχέσθω,
3066 2881 3157 2938 καὶ
3248 2879 3416 2938 πάλιν
3487 2881 3644 2957 φιλία
3697 2900 3795 2955 χο-

2153 2968 2356 3048 ρεϐέτω
2387 3016 2401 3030 .
2486 2973 2588 3030 Καὶ
2675 2971 2730 3029 ἐν
2808 2979 2927 3036 ταῖς
2969 2972 3361 3036 ἀποστολικαῖς
3417 2971 3703 3044 διατάξεσιν
3760 2971 3788 3024 ὁ

2152 3065 2292 3124 θεῖος
2350 3063 2527 3138 Λόγος
2579 3062 2752 3126 οὕτως
2776 3063 2960 3142 φησίν·
2993 3065 3174 3120 Ἔστω
3213 3061 3271 3120 δὲ
3301 3065 3328 3119 ὁ
3359 3065 3555 3139 κριτὴς
3595 3064 3794 3138 ἀπροσ-

2655 3155 2794 3227 μήτε
2900 3152 3170 3212 πλούσιον
3279 3152 3664 3230 ἐντρεπόμενος
3760 3153 3796 3223 ἢ

2153 3240 2471 3298 κολακεύων
2520 3241 2670 3316 παρὰ
2723 3243 2786 3296 τὸ
2840 3245 3144 3318 προσῆκον,
3205 3243 3345 3315 μήτε
3399 3242 3634 3312 πένητος
3685 3262 3798 3318 φει-

2153 3327 2406 3404 δόμενος.
2439 3329 2512 3384 Ού
2539 3329 2696 3405 λήψῃ
2752 3331 2880 3406 γὰρ,
2937 3331 3092 3401 φησὶ,
3151 3332 3448 3408 πρόσωπον
3513 3327 3798 3397 δυνάστου,

2149 3419 2239 3474 καὶ
2300 3420 2508 3490 πένητα
2591 3419 2693 3474 οὐκ
2772 3417 3017 3490 ἐλεήσεις
3087 3417 3140 3474 έν
3229 3419 3423 3495 κρίσει.
3507 3422 3632 3478 ’Ότι
3707 3423 3802 3474 τοῦ

2151 3511 2285 3563 Θεοῦ
2321 3508 2553 3583 ἠκρίσις
2595 3505 2822 3570 δικαίως
2871 3508 2936 3564 τὸ
2967 3506 3178 3565 δίκαιον
3234 3506 3506 3582 διώξεται,
3563 3509 3658 3564 καὶ
3709 3507 3806 3563 οὐκ

2150 3595 2316 3672 ἀρέσῃ
2339 3601 2418 3669 τῷ
2483 3593 2680 3669 δικαίῳ
2745 3595 2900 3652 οὐδὲν
2959 3595 3167 3656 ἄδικον.
3222 3599 3378 3655 Ὅθεν
3433 3597 3496 3653 ού
3565 3595 3652 3652 δεῖ
3707 3620 3802 3653 πι-

2150 3684 2352 3740 στεύειν
2439 3684 2514 3748 ὠς
2566 3682 2727 3761 ἔτυχε
2775 3691 2896 3750 τοῖς
2952 3691 3352 3764 κατηγοροῦσιν
3417 3687 3658 3762 ἀκρίτως
3711 3687 3802 3742 καὶ

2149 3770 2539 3836 ἀϐασανίστως.
2592 3774 2864 3850 Ἑγχωρεῖ
2899 3775 3004 3852 γάρ
3055 3796 3206 3838 τινας
3257 3775 3350 3831 καὶ
3411 3773 3502 3830 διὰ
3559 3773 3733 3845 ζῆλον
3765 3775 3800 3846 ἢ

2147 3859 2348 3940 φθόνον
2394 3858 2529 3916 κατά
2603 3879 2754 3923 τινος
2819 3858 3060 3939 ἀδελφοῦ
3117 3855 3468 3933 ἔνστήσασθαι
3525 3858 3802 3938 ψευδηγο-

2149 3949 2288 4024 ρίαν,
2311 3949 2386 4012 ὠς
2422 3950 2473 4004 οἱ
2515 3946 2610 4004 δύο
2667 3945 3024 4027 πρεσϐύτεροι
3080 3951 3216 4006 κατὰ
3284 3951 3576 4022 Σωσάννης
3637 3950 3797 4020 καὶὴ

2143 4039 2417 4116 Αἰγυπτία
2445 4037 2534 4094 ἐπὶ
2579 4043 2681 4097 τοῦ
2709 4041 2938 4118 Ἰωσήφ.
2972 4039 3049 4096 Σὺ
3109 4041 3200 4096 οὗν
3259 4041 3334 4104 ὠς
3389 4045 3524 4097 Θεοῦ
3582 4038 3796 4119 ἅνθρω-

2143 4149 2248 4191 πος
2277 4129 2345 4184 τὰ
2397 4131 2624 4185 τοιαῦτα
2677 4129 2754 4202 μή
2810 4131 3130 4208 προχείρως
3184 4127 3525 4206 παραδέχου,
3583 4131 3790 4204 καὶμή

2145 4216 2343 4291 ἀνέλῃς
2371 4216 2462 4272 τὸν
2518 4215 2718 4287 ἀθῶον,
2751 4216 2842 4273 καί
2903 4219 2980 4291 μὴ
3029 4217 3360 4294 ἀποκτείνῃς
3410 4220 3503 4274 τὸν
3563 4216 3796 4290 δίκαιον,

2145 4303 2273 4361 οὐδὲ
2302 4303 2456 4380 λήψῃ
2480 4303 2631 4381 δῶρα
2659 4309 2844 4382 ψυχὴν
2877 4307 3126 4380 πατάξαι·
3185 4309 3253 4363 τὰ
3307 4309 3413 4386 γὰρ
3460 4305 3612 4382 δῶρα
3643 4308 3790 4364 ἐκτυ-

2144 4395 2372 4473 φλοῦσιν
2412 4393 2733 4470 ὀφθαλμοὺς
2792 4401 2974 4473 σοφῶν
3023 4397 3115 4452 καὶ
3155 4395 3517 4471 λυμαίνονται
3577 4399 3795 4473 ῥήματα

2146 4483 2351 4544 δίκαια.
2428 4483 2491 4541 Εἴ
2549 4485 2643 4539 οὗν
2701 4484 3234 4560 ἀπροσωπολήπτως
3283 4486 3513 4563 κρίνετε,
3570 4487 3794 4564 έπιγνώ·

2145 4577 2295 4629 σεσθε
2366 4575 2458 4628 τὸν
2537 4578 2948 4650 κατηγοροῦντα
2997 4577 3135 4632 κατά
3181 4580 3280 4632 τοῦ
3335 4575 3576 4648 πλησίον
3632 4577 3786 4632 αὐτοῦ

2147 4661 2443 4735 μαρτυρίαν
2473 4657 2668 4734 ψευδῆ·
2727 4662 2816 4716 καὶ
2876 4659 3253 4732 ἀποδείξαντες
3312 4662 3473 4719 αὐτὸν
3529 4662 3781 4738 συκοφάν-

2140 4770 2262 4818 την,
2320 4751 2584 4821 ποιήσατε
2650 4749 2798 4823 αύτῷ
2851 4753 2972 4816 καθ’
3018 4752 3078 4808 ὃν
3152 4752 3353 4828 τρόπον
3422 4751 3783 4826 έπονηρόσατο

2139 4841 2367 4909 ποιῆσαι
2417 4843 2499 4911 τῷ
2555 4838 2815 4910 πλησίον,
2872 4841 2965 4896 καὶ
3019 4839 3251 4918 έξαρεῖνε
3295 4841 3386 4898 τὸν
3442 4843 3681 4917 πονηρὸν
3733 4837 3788 4893 ἐκ

2145 4926 2310 5000 μέσου
2371 4928 2542 5001 ὑμῶν.
2616 4929 2782 5010 ιἶΟσον
2859 4929 2964 5004 γὰρ
3033 4927 3114 4984 ἐπ’
3173 4929 3342 5002 αὐτῷ,
3395 4929 3650 5007 ἐφόνευσε
3701 4929 3790 4982 τὸν

2142 5013 2398 5092 ἀδελφὸν,
2447 5011 2882 5092 προκαταλαϐὼν
2931 5017 2999 5072 τά
3027 5018 3140 5074 ὦτα
3166 5022 3264 5074 τοῦ
3320 5022 3532 5093 κριτοῦ.
3591 5019 3789 5093 Γέγραο

2140 5127 2267 5162 πναι
2297 5107 2424 5181 γάρ’
2453 5107 2514 5165 Ὀ
2548 5106 2756 5183 ἐκχέων
2802 5108 2944 5182 αἷμα
2983 5107 3297 5184 ἀνθρώπου,
3343 5108 3464 5164 ἀντὶ
3511 5113 3610 5164 τοῦ
3639 5105 3794 5180 αἳμα-

2141 5216 2234 5258 τος
2264 5194 2472 5251 ἐκείνου
2502 5194 2870 5275 ἐκχυθήσεται
2911 5195 2976 5252 τὸ
3029 5197 3170 5271 αἷμα
3226 5197 3414 5258 αὐτοῦ.
3446 5195 3620 5255 Ἀλλὰ
3656 5191 3793 5270 μηδέ

2143 5287 2222 5346 εἷς
2249 5282 2646 5364 παραδεχέσθω
2695 5290 2986 5362 μαρτυρῶν
3044 5287 3181 5342 κατὰ
3234 5307 3398 5357 τινος,
3457 5285 3556 5342 κᾶν
3609 5283 3730 5340 λίαν
3757 5281 3793 5348 ἦ

2142 5373 2476 5445 ἀξιόπιστος.
2511 5373 2636 5432 Ἐπὶ
2684 5373 2953 5448 πόματος
3002 5375 3108 5450 γὰρ
3149 5372 3245 5431 δύο
3292 5377 3327 5446 ἢ
3384 5380 3550 5452 τριῶν
3599 5371 3798 5450 μαρτύ-

2144 5483 2252 5538 ρων
2302 5468 2405 5519 πᾶν
2464 5464 2617 5538 ῥῆμα
2678 5459 3130 5540 βεϐαιωθήσεται.
3188 5465 3330 5520 εἶπεν
3395 5465 3423 5520 ὁ
3476 5465 3696 5540 Κύριος.
3729 5459 3797 5518 Εἴ
