4118 6288
270 337 395 400 553

1476 331 2020 396 HISTORIARUM
2066 334 2616 400 COMPENDIUM.

3574 337 3698 398 554

272 469 458 526 τοίνυν
484 469 548 525 τὸ
582 467 677 540 μὶν
721 466 894 542 εὗρεῖν
923 465 988 522 τὸ
1038 463 1248 520 δίκαιον
1296 461 1479 543 ἔργον,
1521 466 1586 520 τὸ
1613 462 1674 521 δὶ
1707 467 1781 538 μὴ
1817 463 1932 520 διά-

2072 468 2270 524 udicio
2325 470 2724 542 probationes,
2757 469 3210 542 probationibus
3231 472 3547 529 sententia.
3577 472 3697 528 ﬂa-

281 571 522 636 φθειρειν
563 554 962 631 ἐργωδέστερον
1015 551 1230 610 ἐπειδάν
1288 555 1502 631 εὑρεθῇ,
1536 555 1600 610 οὐ
1659 551 1742 609 δεῖ
1784 553 1941 631 imp-

283 649 501 725 ῥιπτειν
557 646 749 702 ἔαυτόν
802 666 923 700 τινα
974 649 1053 716 τῷ
1098 645 1322 716 κρίνειν.
1383 643 1520 702 Τότε
1579 648 1712 719 γοῦν
1769 643 1942 718 ὀρθῶς

2051 558 2175 630 gitii
2206 559 2478 632 qualitati
2502 560 2962 632 respondentem
2992 577 3228 632 pinnam
3259 560 3535 634 inﬂigens
3560 571 3704 620 suc-

2053 648 2229 706 cedit.

283 734 418 810 δρος
447 743 546 806 τῆς
577 733 928 804 δικαιοσύνης
961 732 1207 804 σώξεται,
1240 731 1367 788 ὅταν
1395 736 1464 805 τῇ
1499 733 1594 807 μὶν
1622 731 1771 805 αἰτίᾳ
1800 735 1835 803 ἡ
1869 729 2042 808 κρίσει
2075 735 2102 790 ὁ
2133 729 2392 815 ἔλεγχος,
2439 742 2520 810 τῷ
2565 734 2622 792 δὲ
2667 734 2883 813 ἐλέγχῳ
2913 738 2948 806 ἡ
2981 739 3166 814 ψῆφος
3195 739 3230 806 ἡ
3261 738 3399 813 πρὸς
3427 739 3663 809 ποιότητ

276 831 378 882 τοῦ
409 826 806 900 ἁμαρτήματος
834 825 936 893 τὴν
963 822 1236 897 τιμωρίαν
1273 821 1548 898 ὁρίζουσα.

352 930 436 1001 [Ρ.
466 929 594 998 290]
630 925 824 980 ἰστὲον
855 922 1042 979 τοίνυν
1073 922 1148 984 ὡς
1203 920 1258 976 ἐν
1319 925 1390 996 τῇ
1450 919 1666 992 Παλαιᾷ
1698 923 1942 997 Διαθήκῃ

281 1016 410 1091 περῖ
438 1021 540 1084 τῆς
588 1012 742 1090 ἀγίας
775 1012 865 1068 καὶ
926 1009 1223 1085 ὁμοουσίου
1253 1011 1344 1065 καὶ
1404 1015 1677 1080 ζωοποιοῦ
1708 1008 1944 1084 Τριάδος

287 1108 565 1178 μυστικῶς
620 1106 654 1173 ἡ
715 1099 1042 1159 διδασκαλία
1094 1099 1545 1175 ἐγκατεσπαρται,
1605 1102 1678 1164 ὡς
1717 1100 1808 1156 καὶ
1839 1100 1942 1156 Φί-

283 1193 439 1250 λωνα
467 1193 645 1248 καίτοι
705 1212 767 1269 γε
823 1187 1086 1249 Ἰουδαῖον
1140 1186 1310 1262 ἄνδρα
1375 1189 1691 1266 ὑπάρχοντα
1723 1190 1815 1245 καὶ
1847 1195 1941 1259 ζη-

284 1283 500 1350 λωτὴν,
553 1280 622 1338 δι’
670 1283 745 1336 ὧν
804 1277 1172 1336 καταλέλοιπε
1231 1279 1690 1354 συγγραμμάτων,
1724 1279 1946 1353 ἀπομά-

288 1382 486 1458 χεσθαι
515 1384 585 1454 τῇ
618 1378 793 1450 οῐκείᾳ
850 1376 1134 1452 θρησκείᾳ.
1195 1374 1502 1446 Βασανίζων
1559 1376 1658 1450 γὰρ
1696 1377 1758 1431 τὸ
1791 1375 1948 1450 εἶ’ρη..

292 1473 476 1543 μενον,
557 1470 642 1524 Ἐν
721 1467 889 1522 εἰκόνι
963 1468 1098 1522 Θεοῦ
1153 1461 1388 1535 ἐποίησα
1475 1466 1568 1519 τὸν
1644 1461 1942 1540 ἄνθρωπον,

289 1559 609 1635 ἠναγκάσθη
645 1557 748 1612 ὑπὸ
801 1562 902 1626 τῆς
961 1553 1221 1624 ἀληθείας
1279 1555 1368 1609 καὶ
1421 1549 1700 1625 ἐξεϐιάσθη
1733 1553 1942 1608 καὶτὸν

289 1662 393 1713 τοῦ
419 1659 557 1711 Θεοῦ
589 1655 765 1730 Λόγον
797 1654 1152 1729 θεολογῆσαι.
1211 1652 1278 1710 Τί
1333 1651 1436 1728 γὰρ
1477 1652 1524 1708 εἰ
1574 1652 1664 1707 καὶ
1696 1649 1942 1726 δεύτερον

290 1748 387 1802 τὸν
443 1741 722 1800 συναΐδιον
779 1742 956 1819 Λόγον
1029 1746 1110 1815 τῷ
1181 1741 1349 1815 Πατρὶ
1419 1741 1509 1796 καὶ
1561 1741 1796 1815 ἀριθμοῦ
1853 1741 1943 1796 καὶ

295 1836 514 1911 χρόνων
569 1833 835 1907 ἀνώτερον
884 1827 1014 1888 ὄντα
1049 1830 1233 1898 καλεῖ,
1266 1838 1370 1900 τῆς
1421 1829 1682 1901 ἀληθείας
1743 1833 1816 1904 μὴ
1853 1829 1947 1910 ἐφ-

296 1924 618 1998 ικνούμενος
649 1942 662 1992 ;
695 1923 891 1995 Ὅμως
943 1915 1146 1976 ἔννοιαν
1206 1914 1336 1995 ἔσχε
1390 1920 1480 1975 καὶ
1538 1920 1723 1994 ἑτερου
1772 1941 1947 1996 προσ-

296 2016 474 2069 ώπου.
507 2011 621 2068 υῦκ
651 2011 874 2066 ἐνταῦθα
926 2007 992 2079 δὴ
1047 2009 1212 2084 μόνον
1263 2003 1425 2064 ἔπαθε
1466 2011 1650 2076 τοῦτο,
1683 2007 1830 2064 ἀλλὰ
1857 2010 1947 2064 καὶ

293 2114 362 2167 τὸ
407 2111 537 2172 Θεὸς
595 2109 683 2164 καί
738 2110 802 2164 τὸ
862 2107 1058 2182 Κύριος
1112 2107 1438 2182 ἑρμηνεῦσαι
1481 2105 1816 2182 πειρώμενος
1847 2113 1946 2177 τῆς

302 2200 748 2278 βασιλικωτάτης
805 2194 1038 2272 Τριάδος
1091 2191 1298 2250 ἔννοιαν
1355 2190 1505 2274 ἔσχε.
1563 2200 1792 2250 Φάσκων
1845 2197 1947 2272 γάρ

299 2293 387 2347 ὅτι
421 2290 503 2350 εἷς
535 2286 676 2342 ἔστιν
707 2288 734 2340 ὁ
765 2287 916 2354 Θεὸς,
949 2285 1015 2339 οὗ
1063 2285 1202 2358 πρὸς
1251 2283 1342 2338 τὸν
1383 2283 1614 2358 ἀριθμὸν
1647 2282 1952 2359 κατέδραμε

298 2387 400 2449 τῆς
463 2373 719 2451 μονάδος,
783 2373 929 2429 ἀλλὰ
988 2373 1123 2448 πρὸς
1177 2373 1240 2428 τὸ
1301 2374 1604 2447 μυστήριον
1639 2380 1739 2443 τῆς
1797 2371 1951 2450 ἁγίας

300 2465 540 2541 Τριάδος
594 2467 657 2521 τὸ
719 2469 828 2519 τῶν
892 2465 985 2536 μὶν
1043 2462 1218 2532 πάντη
1275 2460 1562 2538 διαιρετῶν
1613 2462 1953 2537 ὲνικώτερον,

295 2571 406 2621 τῶν
470 2562 526 2621 δὲ
582 2560 752 2625 ὅντως
808 2559 1116 2635 μοναδικῶν
1202 2562 1600 2640 ἀφθονῳτερον.
1660 2561 1758 2616 Καὶ
1812 2559 1954 2616 οὕτω

297 2655 439 2711 κατᾶ
492 2654 691 2729 κράτος
751 2651 894 2707 εἷλεν
955 2650 1120 2706 αὐτοῦ
1178 2652 1277 2720 τήν
1337 2652 1522 2727 ψυχήν
1581 2651 1656 2716 ὡς
1719 2651 1956 2725 ἀναγκα-

289 2748 485 2810 σθῆναι
538 2738 847 2818 διαρῥηδην
907 2745 1069 2797 τοῦτο
1129 2739 1408 2817 φάναικαὶ
1439 2739 1491 2795 ἐν
1545 2742 1832 2816 γράμμασι
1862 2760 1956 2794 κα-

292 2831 581 2905 ταλεῖψαι.
615 2831 719 2884 Δύο
755 2829 848 2901 μὶν
901 2828 1004 2905 γὰρ
1059 2827 1178 2882 εἶπε
1233 2828 1326 2891 τὰς
1363 2831 1458 2882 τοῦ
1489 2827 1640 2889 ὄντος
1674 2823 1958 2900 δυτάμεις,

291 2922 369 2976 ὧν
411 2923 450 2990 ἡ
501 2919 598 2993 μὲν
657 2917 921 2986 ποιητική
981 2915 1072 2972 καὶ
1124 2915 1438 2993 εὐεργετική
1500 2914 1654 2995 φύσει
1711 2913 1956 2970 καλεῖται

291 3022 443 3086 θεὶς,
505 3020 541 3088 ἡ
601 3013 658 3072 δὶ
719 3013 979 3092 βασιλική
1037 3015 1125 3070 καὶ
1201 3015 1552 3089 τιμωρητική
1613 3012 1834 3084 Κύριος·
1896 3011 1958 3068 οὗ

298 3109 493 3186 πόῤῥω
555 3105 756 3182 βαίνων
792 3109 889 3159 τοῦ
946 3105 1239 3183 φήσαντος·
1276 3103 1512 3178 Χριστὸς
1545 3105 1678 3156 Θεοῦ
1734 3099 1960 3175 δύναμις

306 3198 400 3252 καὶ
430 3200 562 3250 Θεοῦ
608 3195 790 3273 σοφία·
852 3189 1082 3266 δόναμις
1138 3190 1238 3246 οὐκ
1293 3190 1680 3261 ἀνυπόστατος,
1723 3188 1850 3245 ἀλλ’
1881 3188 1960 3244 ἔν-

308 3285 622 3355 υπόστατος,
663 3284 753 3340 καὶ
811 3279 1246 3355 παντοδῦναμος,
1307 3282 1394 3336 καὶ
1454 3281 1802 3341 ὑποστάσεως
1860 3278 1962 3350 δη-

313 3373 600 3448 μιουργὸς,
649 3373 740 3428 καὶ
801 3371 1083 3442 ἷσοσθενὴς
1142 3369 1348 3425 ἐκείνου
1417 3370 1479 3423 οὗ
1541 3365 1768 3442 δύναμίς
1827 3367 1959 3424 ἐστι.

310 3463 412 3518 Καὶ
466 3461 620 3516 πάλιν
654 3464 681 3517 ὁ
729 3460 888 3522 αὐτὸς
947 3459 1134 3516 Φίλων
1184 3459 1308 3532 περὶ
1361 3461 1494 3515 Θεοῦ
1553 3456 1842 3532 θεάματος,
1899 3458 1961 3514 οὗ

303 3550 413 3608 εἶδε
476 3553 708 3620 Mucii-sic;
764 3549 816 3604 ἒν
875 3553 942 3624 τῇ
1029 3549 1200 3625 βάτῳ,
1261 3546 1540 3625 ἐκφράζων
1601 3542 1728 3622 ἔφη’
1783 3544 1965 3621 Θέαμα

297 3648 843 3721 ἐκπληκτικώτατον.
877 3647 1012 3705 Εἶτα
1066 3648 1168 3722 ὁρᾷ
1222 3647 1341 3721 μετ’
1401 3644 1590 3723 ὀλίγον
1634 3645 1770 3702 κατά
1803 3647 1962 3720 μέσον

296 3749 400 3810 τῆς
459 3739 666 3819 φλογὸς
730 3741 946 3818 μορφήν
1004 3758 1126 3793 τινα
1183 3735 1712 3812 περικαλλεστάτην,
1755 3737 1962 3814 ἐμφερῆ

302 3829 490 3886 οὐδενὶ
534 3833 643 3884 τῶν
697 3829 929 3901 ὁρατῶν,
994 3823 1394 3892 θεοειδέστατον
1450 3823 1694 3901 ἄγαλμα,
1722 3832 1838 3906 φῶς
1868 3825 1968 3880 αὖ·

301 3915 681 3997 γοειδέστερον
741 3921 838 3972 τοῦ
894 3917 1067 3990 πυρὸς
1125 3916 1636 3991 ἀπαστράπτουσαν’
1670 3915 1735 3984 ἢν
1770 3913 1856 3970 ἐάν
1885 3936 1969 3986 τις

303 4003 648 4078 ὑπετόπησεν
707 4005 884 4062 εῗκόνα
937 4011 1033 4062 τοῦ
1094 4001 1249 4070 ὄντος
1304 4006 1462 4076 εἶναι,
1512 4003 1698 4068 καλῶς
1736 4001 1969 4076 ὑπείλη-

303 4126 425 4186 φεν.
483 4104 544 4160 El
600 4100 658 4159 δέ
711 4124 796 4167 τις
845 4105 970 4180 περὶ
1029 4109 1128 4173 τῆς
1198 4101 1406 4164 εἰκόνος
1463 4095 1706 4178 ἀκριϐῶς
1783 4103 1970 4175 μαθεῖν

309 4191 600 4266 βούλεται,
652 4193 897 4248 ἀκουέτω
957 4189 1176 4248 Παύλου
1237 4189 1492 4266 λὲγοντος
1535 4191 1787 4262 περὶτοῦ
1820 4191 1967 4246 Υἱοῦο

309 4307 338 4334 ι(
375 4285 476 4344 ’Ὀς
509 4281 649 4336 ἔστιν
707 4281 867 4336 ε”κὼν
923 4284 1021 4336 τοῦ
1079 4284 1214 4336 Θεοῦ
1264 4283 1361 4335 τοῦ
1409 4279 1666 4353 ἀοράτου.
1701 4279 1969 4338 »Οὐκοῦν

310 4387 564 4444 κακεῖνος
618 4379 906 4457 θεολογίας
961 4377 1254 4455 ὀρθοδὸξου
1312 4378 1557 4434 ἅπτεται·
1592 4379 1685 4448 Μὴ
1739 4379 1841 4453 γὰρ
1872 4380 1972 4448 τήν

313 4465 594 4545 ἀκρίϐειαν
659 4471 806 4539 ζήτει
865 4469 1014 4542 παρὰ
1050 4472 1146 4524 τοῦ
1197 4466 1516 4538 δυνηθέντος
1549 4465 1697 4530 ὅλως
1730 4465 1819 4522 διὰ
1849 4466 1975 4521 σύν-

315 4582 427 4617 εσιν
457 4559 729 4634 εἰλικρινῆ
782 4561 1142 4614 κατοπτεῦσαι
1195 4559 1294 4627 τήν
1345 4556 1604 4628 ἀλήθειαν
1641 4557 1731 4612 καὶ
1762 4561 1831 4631 τῇ
1864 4554 1974 4629 ἰδίᾳ

309 4657 575 4733 θρησκείᾳ
605 4657 1009 4732 ἀπομάχεσθαι.
1068 4655 1229 4713 Ἀλλ’
1278 4656 1453 4711 ἑκεῖνο
1515 4655 1708 4726 ἒννόει,
1768 4657 1852 4712 δτι
1895 4655 1974 4718 εἷς

313 4746 372 4804 ’ἐν
431 4748 724 4819 πρόσωπον
776 4745 838 4801 οὐ
905 4743 1212 4801 συνέκλεισε
1266 4747 1367 4815 τήν
1428 4742 1741 4818 θεολογίαν,
1801 4745 1875 4806 ὡς
1921 4745 1976 4800 οἱ

314 4833 637 4892 ἀπαίδευτοι
666 4835 757 4890 καὶ
803 4831 1144 4913 κακόσχολοι
1200 4836 1308 4888 τῶν
1368 4831 1644 4892 Ἰουδαίων
1673 4833 1976 4908 καθηγηταί

316 4921 603 5000 προλήψει
663 4921 768 4978 τινὶ
823 4922 1188 4997 κατεχόμενοι
1255 4919 1688 4996 δογματίζουσιν.
1749 4922 1864 4980 Οὐκ
1919 4923 1979 4977 ὲκ

315 5013 533 5071 τούτων
589 5010 648 5068 δὶ
709 5011 889 5085 μόνων
949 5010 1417 5082 πληκτικωτάτων
1469 5007 1638 5066 ὄντων
1671 5011 1744 5074 εἰς
1774 5011 1978 5080 ταύτην

309 5100 611 5177 προήχθη,
643 5100 717 5163 ὣς
772 5121 836 5176 γε
877 5103 1150 5177 ἠγοῦμαι,
1208 5101 1308 5170 τὴν
1365 5094 1594 5168 ἔννοιαν,
1625 5098 1774 5156 ἀλλά
1801 5100 1892 5156 καὶ
1923 5100 1984 5156 in

305 5202 437 5255 τοῦ·
472 5223 500 5251 «
537 5200 862 5270 Ποιήσωμεν
894 5194 1178 5269 ἄνθρωπον
1212 5198 1328 5252 κατ’
1363 5197 1544 5252 εἰκόνα
1587 5198 1858 5272 ἡμετέραν
1891 5197 1981 5252 καὶ

311 5289 445 5352 καθ’
475 5288 766 5360 ὁμοίωσιν·
803 5309 832 5338 ››
901 5286 991 5342 καὶ
1044 5286 1105 5342 ὶκ
1161 5290 1280 5354 τοῦ,
1315 5311 1342 5339 ‹‹
1392 5281 1618 5361 Ἕϐρεξε
1649 5286 1845 5361 Κύριος
1876 5291 1982 5360 πῦρ

315 5379 472 5454 παρά
504 5379 723 5453 Κυρίου·
762 5401 790 5428 η
820 5377 910 5433 καὶ
944 5377 1004 5433 ὲκ
1022 5381 1139 5449 τοῦ,
1162 5402 1190 5430 ιι
1217 5376 1378 5434 Εἶπεν
1413 5378 1441 5432 ὁ
1472 5375 1673 5450 Κύριος
1697 5380 1775 5448 τῷ
1804 5376 1987 5450 Κυρίῳ

318 5498 458 5554 μου,
484 5475 664 5533 Κάθου
689 5474 750 5530 ix
770 5472 958 5545 δεξιῶν
996 5494 1126 5546 μου,
1153 5497 1180 5525 ι)
1210 5475 1300 5529 καὶ
1332 5474 1392 5529 ὲκ
1415 5475 1499 5547 [Ρ.
1529 5477 1658 5547 291]
1685 5477 1782 5528 τοῦ
1811 5493 1837 5527 ι
1863 5474 1987 5530 ’Ότι

318 5569 380 5625 δν
413 5565 499 5622 σοὶ
530 5567 558 5623 ὁ
589 5564 745 5633 Θεὸς,
771 5563 861 5619 καὶ
894 5563 956 5619 σὺ
1001 5563 1052 5619 εἴ
1102 5564 1130 5618 ὁ
1174 5562 1324 5626 Θεός.
1359 5587 1386 5616 »
1421 5563 1560 5625 Τοὺς
1592 5563 1696 5639 γὰρ
1726 5559 1989 5638 λέγοντας

393 5686 440 5723 ⁸⁸
468 5685 706 5744 Coloss.
737 5699 778 5753 ι,
811 5685 899 5741 ιδ.

666 5809 883 5867 nam.
928 5799 1051 5868 GR.
1095 5797 1304 5865 CXXI»

2127 925 2444 982 Sciendum
2476 942 2651 998 porro
2683 931 2773 982 est
2803 926 3068 982 etiamin
3101 926 3295 983 Veteri
3325 929 3699 984 Testamento

2055 1013 2126 1068 de
2160 1031 2328 1070 sacra
2343 1015 2838 1072 consubstantiali
2857 1021 2916 1070 et
2931 1016 3040 1070 vivi
3052 1016 3162 1071 {lca
3182 1015 3464 1072 Trinitate
3479 1018 3668 1073 doctri
3682 1047 3703 1060 ο

2053 1117 2191 1158 nam
2223 1120 2438 1159 arcane
2467 1105 2798 1177 dispersam
2831 1121 2984 1172 esse,
3015 1104 3194 1175 idque
3227 1104 3373 1160 adeo
3404 1113 3470 1162 ut
3532 1107 3701 1162 Philo

2054 1191 2496 1260 etiam,tametsi
2517 1194 2753 1249 Juda'us
2780 1199 2839 1249 et
2866 1193 3122 1249 Iudaicae
3154 1194 3456 1266 religionis
3477 1194 3706 1251 studio-

2054 1281 2343 1349 sissimus,
2371 1283 2431 1337 in
2463 1283 2588 1339 suis
2619 1290 2819 1339 tamen
2851 1283 3298 1339 commentariis
3329 1300 3478 1355 quos
3508 1290 3708 1356 poste-

2053 1371 2212 1426 ritati
2245 1371 2491 1443 reliquit
2541 1389 2708 1428 suam
2742 1373 2931 1444 ipsius
2987 1373 3337 1446 religionem
3385 1379 3709 1446 oppugnet.

2053 1461 2409 1530 Expendens
2441 1461 2601 1516 enim
2634 1461 2779 1517 illud
2813 1462 3059 1530 dictum,
3119 1461 3202 1517 Ad
3250 1463 3569 1536 imaginem
3609 1462 3713 1518 Dei

2053 1548 2359 1605 hominem
2392 1551 2650 1619 condidi,
2684 1551 2737 1605 vi
2768 1551 3032 1606 veritatis
3065 1567 3134 1606 eo
3161 1555 3250 1606 est
3280 1551 3621 1623 compulsus
3652 1555 3718 1605 ut

2053 1653 2173 1693 non
2204 1640 2466 1710 potuerit
2494 1657 2612 1695 non
2647 1640 2825 1696 etiam
2862 1640 3117 1696 Verbum
3142 1641 3242 1695 Dei
3270 1639 3713 1705 asserere.Quid

2057 1728 2218 1782 enim
2244 1730 2447 1796 refert,
2482 1729 2640 1800 quod
2673 1729 2732 1784 in
2767 1746 2835 1785 eo
2867 1730 3174 1784 veritatem
3207 1746 3326 1784 non
3360 1735 3450 1786 est
3473 1746 3714 1785 assecu-

1979 1787 2024 1851 Β
2061 1823 2178 1884 tus,
2210 1817 2350 1872 dum
2384 1787 2640 1873 verbum
2663 1821 2832 1875 Patre
2865 1836 3116 1874 numero
3150 1825 3208 1873 et
3237 1825 3719 1891 temporerrste-

2056 1907 2181 1962 rius
2229 1908 2481 1963 scribit?
2527 1907 2680 1965 508
2742 1909 2961 1965 Saltem
3026 1911 3088 1964 in
3135 1908 3379 1965 alterius
3435 1926 3564 1981 pen
3603 1925 3714 1964 mae

2057 1997 2330 2052 notitiam
2363 1998 2860 2070 pervenit.Neque
2899 1997 3047 2053 illud
3077 1998 3273 2069 ipsum
3294 2003 3583 2053 tantumm
3603 1997 3710 2054 odo

2057 2086 2261 2155 movit,
2285 2086 2389 2140 sed
2421 2092 2477 2142 et
2505 2087 2790 2143 vocabula
2819 2088 2973 2142 Deus
3005 2104 3071 2142 ac
3097 2088 3386 2143 Dominus
3415 2089 3596 2158 inteil
3620 2104 3712 2143 re-

2059 2175 2170 2235 tari
2202 2181 2448 2231 conatus
2478 2175 2872 2248 regiissimam
2903 2176 3252 2232 Trinitatem
3285 2177 3539 2249 agnovit.
3565 2176 3713 2233 Cum

2059 2264 2219 2319 enim
2252 2264 2501 2320 dixisset
2528 2281 2714 2320 unum
2753 2280 2882 2320 esse
2914 2267 3121 2332 Deum,
3181 2283 3300 2321 non
3358 2267 3431 2321 ad
3463 2263 3720 2321 unitatis

2058 2370 2398 2420 numerum,
2429 2353 2534 2409 sed
2565 2355 2637 2409 ad
2671 2355 2858 2409 sancti
2886 2355 3178 2410 ternionis
3205 2356 3469 2427 confugit
3490 2362 3714 2428 myste-

2060 2445 2255 2513 l‘ium;
2290 2443 2390 2516 qui
2425 2444 2497 2500 ad
2537 2444 2784 2499 unitatis
2851 2450 3127 2500 naturam
3185 2446 3428 2517 propius
3482 2446 3716 2502 accedit

2059 2549 2237 2605 quam
2268 2550 2340 2588 ea
2369 2550 2500 2604 qum
2533 2534 2778 2589 omnino
2834 2533 3012 2589 dividi
3069 2539 3338 2606 possunt.
3392 2540 3451 2590 et
3479 2536 3722 2592 uberior

2061 2631 2263 2680 tamen
2294 2628 2385 2678 est
2407 2639 2585 2694 quam
2617 2640 2747 2695 quas
2779 2640 3020 2694 prorsus
3043 2629 3181 2679 sunt
3211 2623 3498 2679 solitaria.
3533 2627 3719 2681 Tanta

2063 2719 2262 2768 autem
2283 2712 2335 2766 vi
2367 2713 2636 2767 animum
2669 2714 2796 2782 ejus
2827 2713 2941 2768 ista
2972 2713 3267 2768 sententia
3297 2715 3623 2784 occupavit,
3652 2719 3719 2769 ut

2064 2815 2194 2854 eam
2225 2797 2422 2870 palam
2453 2798 2719 2869 proﬁteri
2734 2814 2801 2852 ac
2815 2799 3094 2869 scriptam
3118 2815 3354 2870 quoque
3374 2799 3717 2870 relinquere

2065 2893 2305 2944 coactus
2335 2886 2532 2941 fuerit.
2579 2887 2731 2941 Duas
2758 2888 2918 2942 enim
2959 2887 3042 2941 ait
3093 2904 3220 2942 esse
3282 2886 3410 2958 ejus
3443 2888 3603 2958 quod
3631 2893 3722 2943 est

2068 2976 2402 3041 facultates,
2438 2992 2690 3046 quarum
2721 2975 2905 3030 altera
2926 2977 3192 3031 effectrix
3223 2980 3280 3032 et
3309 2976 3582 3032 benefica
3615 2993 3718 3033 na-

2066 3067 2364 3120 turaDeus
2386 3063 2932 3135 appelletur,altera
2949 3065 3110 3136 regia
3133 3069 3190 3119 et
3210 3065 3391 3120 ultrix
3411 3067 3721 3122 Dominus.

1992 3153 2034 3220 C
2073 3154 2237 3221 Quod
2258 3155 2387 3226 ejus
2419 3153 2643 3208 dictum
2675 3170 2795 3208 non
2826 3155 3031 3225 procul
3065 3155 3231 3209 abest
3253 3155 3324 3211 ab
3375 3171 3444 3210 eo
3472 3157 3629 3226 quod
3664 3157 3724 3212 in

2073 3242 2376 3312 Scriptura
2403 3239 2670 3294 Christus
2694 3241 2796 3295 Dei
2845 3241 3111 3313 potentia
3168 3248 3226 3298 et
3283 3241 3575 3313 sapientia
3625 3243 3725 3298 Dei

2073 3330 2308 3394 dicitur,
2342 3329 2608 3400 potentia
2639 3329 2868 3385 scilicet
2919 3347 3024 3385 seu
3083 3330 3334 3386 facultas
3366 3348 3486 3386 non
3519 3348 3728 3388 carens

2072 3420 2428 3486 substantia,
2463 3419 2566 3474 sed
2599 3419 3030 3484 substantialis,
3065 3422 3445 3494 omnipotens
3486 3439 3554 3479 ac
3587 3423 3729 3478 sub—

2075 3511 2427 3565 stantiarum
2447 3509 3138 3582 el'fectrix,ejusdemque
3171 3528 3306 3567 cum
3340 3528 3408 3567 eo
3442 3513 3725 3584 potentias

2074 3599 2244 3670 cujus
2276 3604 2366 3654 est
2395 3598 2664 3654 facultas.
2699 3601 2921 3655 Rursus
2953 3599 3110 3654 idem
3134 3601 3301 3655 Philo
3327 3602 3726 3672 spectaculum

2076 3689 2378 3760 explicans
2409 3689 2566 3760 quod
2598 3689 2656 3743 in
2685 3689 2833 3744 rubo
2866 3691 3052 3744 Moses
3103 3689 3268 3758 vidit,
3300 3691 3382 3745 ita
3412 3691 3678 3762 loquitur
3710 3709 3723 3747 :

2077 3779 2488 3850 Spectaculum
2511 3777 2655 3832 vidit
2708 3794 2885 3847 quam
2913 3778 3168 3833 maxime
3208 3779 3493 3835 terribile.
3528 3781 3729 3837 Cernit

2075 3869 2252 3942 paulo
2271 3873 2405 3940 post
2439 3867 2500 3922 in
2536 3867 2731 3922 medio
2773 3866 3029 3921 ﬂammae
3046 3868 3368 3938 quamdam
3395 3870 3728 3941 pulcherri-

2078 3974 2234 4013 mam
2251 3957 2526 4022 formam,
2560 3955 2760 4010 nullus
2777 3956 3024 4010 visibilis
3045 3957 3131 4012 rei
3163 3959 3444 4026 similem,
3479 3961 3727 4017 simula-

2078 4062 2244 4102 crum
2258 4046 2474 4099 divinas
2490 4044 2705 4116 speciei
2721 4044 3042 4099 admodum
3062 4047 3388 4112 conforme,
3424 4049 3618 4104 lucem
3633 4049 3726 4104 ni-

2079 4138 2296 4193 mirum
2336 4151 2467 4206 quaa
2495 4135 2624 4206 ipsa
2669 4132 2913 4190 flamma
2947 4135 3316 4206 splendidius
3364 4138 3681 4211 effulgebat
3711 4156 3726 4208 ;

2081 4242 2259 4297 quam
2291 4224 2339 4280 si
2369 4223 2501 4295 quis
2551 4222 2872 4294 imaginem
2933 4225 3060 4294 ejus
3115 4225 3214 4296 qui
3255 4231 3345 4281 est
3384 4226 3730 4294 arbitretur,

2081 4317 2131 4371 is
2183 4319 2342 4370 recte
2393 4312 2783 4385 judicaverit.
2855 4312 2979 4377 Qua
3035 4313 3107 4368 de
3174 4314 3434 4388 imagine
3495 4317 3543 4370 si
3599 4317 3734 4387 quis

2083 4409 2283 4460 exacte
2315 4403 2436 4458 vult
2465 4417 2842 4470 cognoscere,
2893 4402 2944 4457 is
2977 4402 3180 4459 audiat
3227 4405 3474 4461 Paulum
3525 4406 3608 4461 sic
3661 4406 3733 4462 de

2083 4491 2230 4546 Filio
2256 4490 2598 4562 loquentem
2643 4505 2720 4543 τα
2753 4490 2861 4555 Qui
2920 4496 3008 4546 est
3065 4491 3380 4548 invisibilis
3429 4493 3533 4549 Dei
3589 4495 3736 4551 ima-

2083 4598 2154 4654 go
2184 4578 2252 4634 9⁸.
2289 4601 2316 4629 ››
2347 4581 2546 4649 Neque
2578 4578 2730 4635 509
2778 4595 2914 4635 vero
2972 4580 3138 4636 Philo
3171 4582 3393 4638 veracis
3426 4583 3736 4657 theologia:

2083 4672 2322 4726 decreta
2377 4674 2683 4724 assecutus
2743 4674 2833 4724 est
2894 4685 2907 4734 ;
2965 4685 3158 4741 neque
3215 4677 3305 4727 est
3369 4689 3475 4728 cur
3529 4673 3603 4728 ab
3663 4689 3731 4729 eo

2085 4766 2308 4815 tantam
2341 4757 2766 4830 perfectionem
2795 4758 3084 4830 requiras,
3117 4765 3184 4816 ut
3230 4767 3400 4832 putes
3431 4778 3566 4819 eum
3599 4763 3730 4818 sin-

2085 4866 2222 4905 cera
2249 4847 2642 4922 intelligentia
2671 4848 3008 4918 perspicere
3047 4849 3352 4906 veritatem
3384 4852 3645 4922 potuisse
3677 4856 3737 4906 et

2087 4955 2254 4996 suam
2287 4937 2635 5009 religionem
2661 4937 2937 5007 abjicere.
2972 4937 3082 4992 Sed
3112 4939 3222 4994 hoc
3243 4939 3734 5010 considera,quod

2090 5027 2554 5098 disputationem
2585 5025 2658 5079 de
2708 5025 2826 5079 Deo
2860 5041 2978 5079 non
3035 5025 3107 5079 ad
3157 5027 3393 5081 unicam
3462 5027 3738 5082 astrinxit

2090 5133 2430 5189 personam,
2463 5115 2615 5168 sicut
2645 5113 2864 5169 indocti
2896 5129 2963 5168 ac
2992 5115 3146 5170 male
3177 5115 3368 5170 feriati
3399 5116 3736 5175 Judzeorum

2093 5205 2357 5278 magistri
2391 5203 2636 5268 faciunt,
2666 5218 2700 5256 a
2732 5203 3060 5275 majoribus
3091 5221 3198 5276 per
3229 5221 3436 5260 manus
3464 5206 3740 5264 traditam

2093 5295 2439 5366 Opinionem
2513 5296 2828 5346 sectantes.
2889 5293 3088 5362 Neque
3141 5294 3266 5348 haec
3324 5309 3428 5367 ego
3487 5302 3740 5366 tantum,

2096 5397 2436 5456 quanquam
2478 5379 2802 5452 plurimum
2848 5381 3108 5438 habeant
3168 5386 3478 5456 momenti,
3527 5404 3743 5444 censeo

2095 5470 2332 5529 Philoni
2355 5484 2595 5526 causam
2619 5468 2702 5524 ita
2733 5469 3030 5526 sentiendi
3063 5472 3410 5544 praebuisse,
3444 5475 3546 5533 sed
3568 5478 3749 5534 etiam

2096 5563 2224 5619 haec
2259 5578 2272 5616 :
2306 5583 2335 5610 «
2369 5559 2678 5615 Faciamus
2720 5559 3024 5617 hominem
3068 5562 3142 5620 ad
3194 5563 3517 5640 imaginem
3555 5571 3613 5625 et
3663 5568 3746 5624 si-

3422 5795 3503 5860 18
