4118 6288
414 387 537 449 555

1790 375 2110 439 GEORGII
2153 378 2497 442 CEDRENI

3724 376 3853 443 556

417 520 819 578 militudinem
848 521 1117 574 nostram
1146 516 1189 552 ⁸⁷
1225 533 1239 583 ;
1274 536 1302 566 »
1333 517 1477 571 item
1511 532 1579 573 :«
1613 513 2069 569 PluitDominus

2191 510 2270 567 ὅτι
2325 513 2580 590 μυριάκις
2634 514 2777 579 ἐστὶς
2837 516 2996 592 ἆὶγιος
3054 517 3083 572 ὁ
3140 518 3292 589 Θεὸς,
3349 517 3440 572 καὶ
3514 516 3580 572 τὸ
3633 522 3856 591 ⁸Δγιος,

418 612 622 681 ignem
657 626 692 664 a
723 607 971 663 Domino
1001 605 1090 673 93;
1124 627 1154 656 »
1188 611 1247 660 et
1278 621 1292 661 :
1327 628 1354 655 (ι
1390 605 1549 661 Dixit
1575 604 1862 659 Dominus
1886 604 2080 658 Domi-

421 716 500 756 no
531 714 688 766 meo,
712 696 859 753 Sede
902 710 936 750 a
985 694 1215 750 dextris
1252 695 1403 750 meis
1431 692 1514 762 99;
1544 714 1572 743 »
1603 698 1663 748 et
1691 709 1703 747 :
1737 718 1762 742 ιι
1794 693 2083 757 Quoniam

422 789 488 844 in
520 793 575 843 te
608 793 764 842 Deus
796 789 905 847 est.
940 790 1000 840 et
1027 790 1092 839 tu
1124 800 1188 839 es
1212 785 1388 839 Deus.
1427 806 1447 832 ι
1512 784 1620 837 Eos
1651 781 1811 836 enim
1858 781 1958 852 qui
1990 781 2082 836 di-

419 884 564 934 cunt
592 878 779 931 Deum
803 874 1055 929 inﬁnitis
1085 873 1274 928 modis
1297 888 1423 927 esse
1444 870 2081 941 sanctum,audentque

421 967 484 1023 in
515 966 700 1022 alium
733 980 911 1035 quam
958 963 1030 1018 de
1060 962 1345 1017 Trinitate
1397 977 1638 1016 sensum
1699 961 2083 1032 interpretari

421 1055 575 1112 illud
606 1070 622 1110 :
659 1074 686 1104 «
719 1054 990 1117 Sanctus,
1024 1058 1286 1118 sanctus,
1332 1056 1573 1106 sanctus
1628 1049 1920 1105 Dominus
1951 1051 1965 1084 ¹
2002 1066 2015 1117 ;
2051 1069 2080 1099 ››

423 1163 528 1202 eos
557 1144 686 1199 haec
715 1142 874 1197 dicta
903 1145 1106 1212 aperte
1138 1139 1425 1195 refellunt
1458 1155 1471 1193 :
1505 1161 1531 1188 (ι
1567 1138 1818 1203 Quaasivi
1867 1137 2081 1194 faciem

423 1232 833 1301 tuam,faciem
866 1236 1048 1301 tuam,
1079 1230 1349 1295 Domine,
1381 1228 1714 1299 requiram:
1749 1243 1825 1283 ne
1856 1234 2082 1283 avertas

422 1323 638 1380 faciem
670 1329 833 1377 tuam
864 1336 898 1375 a
923 1335 1017 1374 me
1049 1320 1087 1373 ³.
1114 1339 1142 1369 ››
1167 1319 1286 1373 Nisi
1318 1318 1478 1373 enim
1510 1323 1719 1373 auctor
1748 1316 1842 1372 his
1889 1317 2082 1371 verbis

426 1412 676 1485 mystice
699 1417 968 1466 sanctam
988 1408 1337 1463 Trinitatem
1360 1406 1704 1469 indicasset,
1737 1407 1947 1461 merito
1979 1423 2080 1462 su-

424 1515 925 1576 pervacaneorum
986 1498 1297 1553 verborum
1354 1495 1769 1551 inculcationis
1809 1495 2081 1550 damnari

425 1592 855 1665 posset.Neque
883 1589 944 1643 in
956 1588 1070 1643 hoc
1092 1592 1323 1642 tantum
1355 1586 1633 1655 (arbitror
1646 1586 1805 1641 enim
1819 1586 2081 1657 apertius

430 1681 625 1737 adhuc
654 1679 878 1735 dictum
910 1675 1152 1747 aliquod
1181 1674 1828 1747 proferendum),sedet
1848 1676 1909 1730 in
1930 1676 2076 1731 hoc:

425 1792 454 1822 «
490 1768 854 1826 Sacrificium
886 1766 1081 1822 laudis
1107 1764 1359 1820 Domino
1415 1764 1646 1830 exhibe,
1706 1780 1775 1819 ac
1822 1770 1955 1821 vota
1980 1771 2080 1822 tua

2189 601 2363 677 ἅγιος,
2445 606 2598 681 ἅγιος
2675 606 2872 682 Κύριος
2946 612 3394 683 παρερμηνεῦσαι
3494 605 3849 679 τολμῶντας,

2193 690 2463 769 λαμπρῶς
2495 692 2720 772 ἐλέγχει
2766 696 2831 751 τὸ
2883 720 2910 747 ι(
2936 699 3278 767 Ἐζεζητησα
3304 697 3368 753 τὸ
3398 697 3693 771 πρόσωπον
3725 718 3847 765 σου,

2191 780 2253 834 τὸ
2283 783 2578 856 πρόσωπόν
2610 804 2729 849 σου,
2764 784 2946 859 Κύριε,
2992 786 3241 854 ζητήσω,
3306 785 3381 857 μὴ
3439 784 3753 861 ἀποτρέψῃς
3782 787 3850 841 τὸ

2176 870 2481 944 ’πρόσωπόν
2515 892 2611 928 σου
2640 873 2734 928 ἀπ’
2782 874 2939 947 ἐμοῦ.
2978 897 3004 924 ι)
3062 873 3126 930 Εἰ
3189 875 3265 946 μή
3294 874 3402 949 γὰρ
3427 879 3527 944 τήν
3560 875 3718 949 ἁγίαν
3750 874 3851 929 ἀν-

2191 960 2451 1035 εκήρυττε
2483 967 2759 1034 μυστικῶς
2806 959 3012 1037 Τριάδα
3064 964 3093 1018 ὁ
3155 963 3382 1039 φράσας,
3423 962 3847 1039 περιττολογίας

2191 1045 2402 1114 δίκαιος
2454 1049 2517 1106 ἄν
2575 1051 2660 1122 ε’ἶη
2722 1052 3089 1122 ἀπαιτηθῆναι
3144 1049 3323 1123 δίκην.
3357 1053 3435 1110 Οὐ
3477 1055 3647 1126 μόνον
3698 1051 3757 1110 δὲ
3784 1053 3844 1109 ἐν

2187 1137 2369 1212 τούτῳ
2425 1144 2652 1215 (χρῆναι
2703 1141 2805 1217 γὰρ
2863 1142 3027 1215 οἶμαι
3070 1139 3158 1197 ἐπὶ
3216 1143 3539 1221 σαφεστερον
3596 1144 3848 1217 ὁρμῆσαι

2192 1229 2404 1301 ρητὸν),
2436 1226 2581 1284 ἀλλὰ
2608 1229 2699 1284 καὶ
2730 1227 2782 1284 ἒν
2810 1235 2913 1302 τῷ,
2959 1254 2988 1282 ‹‹
3028 1234 3197 1285 Θῦσον
3224 1235 3305 1302 τῷ
3344 1236 3460 1304 Θεῷ
3485 1232 3669 1295 θυσίας
3700 1232 3851 1288 αῗνέ-

2189 1337 2345 1382 σεως,
2376 1319 2466 1374 καὶ
2498 1315 2699 1381 ἀπόδος
2725 1323 2805 1390 τῷ
2829 1318 3066 1394 Ὑψίστῳ
3106 1319 3203 1382 τὰς
3252 1319 3416 1398 εὐχάς
3451 1341 3569 1390 σου,
3601 1321 3692 1376 καὶ
3722 1320 3847 1376 ἐπι-

2187 1406 2412 1462 κάλεσαί
2470 1428 2537 1479 με
2593 1406 2646 1463 ἐν
2700 1407 2883 1483 ἡμέρᾳ
2933 1409 3172 1482 θλίψεώς
3228 1429 3348 1474 σου,
3405 1409 3497 1463 καὶ
3552 1407 3845 1483 ἐξελοῦμαί

2190 1518 2249 1551 σε
2284 1497 2375 1552 καὶ
2433 1495 2672 1568 δοξάσεις
2734 1520 2819 1572 με.
2855 1521 2885 1551 ››
2950 1497 3020 1556 Εἴ
3078 1501 3154 1572 μή
3216 1502 3321 1576 γὰρ
3352 1501 3387 1568 ἡ
3419 1500 3589 1575 Τριᾶς
3619 1499 3845 1557 ἐνταῦθα

2190 1590 2375 1663 σαφῶς
2427 1586 2774 1661 ἐκηρύττετο,
2852 1582 2962 1642 ἔδει
3047 1587 3302 1665 ῥηθῆναι.
3363 1592 3532 1644 Θῦσον
3586 1594 3667 1662 τῷ
3723 1595 3842 1662 Θεῷ

2187 1675 2372 1730 θυσίαν
2404 1674 2675 1743 αἰνέσεως,
2734 1677 2823 1731 καὶ
2878 1673 3082 1739 ἀπόδος
3139 1680 3218 1748 τῷ
3274 1677 3511 1752 Ὑψίστῳ
3553 1677 3648 1740 τὰς
3676 1678 3845 1754 εὐχάς

2189 1785 2308 1834 σου,
2354 1765 2444 1820 καὶ
2500 1763 2821 1822 ἐπικαλεσαι
2883 1764 3046 1821 αὐτὸν
3100 1764 3153 1820 ἐν
3208 1767 3389 1841 ἡμέρᾳ
3447 1765 3687 1842 θλίψεώς
3721 1788 3842 1838 σου,

420 1859 729 1919 Altissimo
759 1856 1262 1929 persolve,invoca
1276 1870 1368 1911 me
1383 1858 1646 1925 tempore
1669 1870 2071 1911 aerumnarum

2191 1854 2276 1908 καὶ
2305 1853 2563 1925 ἐξελεῖταί
2622 1875 2700 1922 σε,
2759 1854 2848 1909 καὶ
2905 1852 3149 1926 δοξᾶσεις
3209 1854 3392 1912 αὐτόν.
3436 1859 3538 1914 Καὶ
3573 1854 3715 1912 οὑτω
3745 1858 3843 1932 μὲν

419 1953 681 2012 tuarum,
714 1950 773 2000 et
800 1960 1006 2000 eruam
1038 1948 1117 2010 te,
1168 1942 1324 1999 5H)
1371 1958 1439 1996 ac
1469 1940 1822 2013 praedicabis
1851 1959 1941 1998 me
1964 1943 2005 2001 ³.
2043 1965 2073 1993 ››

2191 1943 2295 1998 οὐκ
2323 1942 2555 2018 ἐρῥήθη,
2588 1941 2802 2018 εἴρηται
2832 1940 2891 1999 δὲ
2919 1945 2995 2006 ὡς
3029 1942 3265 2019 εἶ’ρηται.

420 2039 570 2095 Nam
603 2035 653 2090 si
686 2034 786 2090 hic
815 2033 1073 2088 Trinitas
1102 2048 1223 2087 non
1252 2035 1455 2102 aperte
1486 2029 1931 2103 praedicaretur,
1964 2033 2047 2089 ita
2075 2032 2270 2090 fuerat
2300 2034 2643 2101 dicendum,
2677 2035 3043 2091 Sacriﬁcium
3094 2035 3286 2092 laudis
3317 2036 3565 2093 Domino
3596 2036 3809 2094 exhibe
3832 2082 3851 2110 ,

419 2144 489 2184 ac
528 2131 662 2181 vota
691 2129 794 2180 tua
825 2122 1131 2179 Altissimo
1162 2120 1430 2192 persolve
1456 2137 1469 2187 ;
1504 2128 1563 2176 et
1594 2121 1801 2176 invoca
1831 2137 1967 2177 eum
1999 2140 2135 2179 cum
2166 2125 2475 2196 premeris,
2501 2130 2559 2180 et
2589 2130 2758 2180 eruet
2790 2130 2867 2193 te,
2901 2142 2970 2180 ac
3000 2125 3349 2196 praedicabis
3381 2142 3539 2183 eum.
3573 2126 3685 2183 Sed
3714 2144 3841 2183 non

420 2217 534 2274 hoc
568 2214 768 2282 modo,
802 2228 1005 2268 verum
1034 2212 1117 2266 ita
1145 2216 1211 2266 ut
1240 2209 1419 2265 retuli
1449 2216 1609 2265 vates
1632 2210 1864 2266 locutus
1896 2217 2004 2267 est.

499 2305 817 2376 Perspicue
850 2302 1009 2357 enim
1043 2301 1135 2356 his
1167 2306 1226 2355 et
1253 2300 1386 2355 aliis
1450 2300 1655 2354 multis
1708 2300 1855 2355 locis
1908 2302 2084 2358 Vetus

428 2394 872 2449 Testamentum
906 2389 1189 2463 exprimit
1218 2406 1279 2444 se
1312 2390 1628 2460 imperium
1667 2406 1785 2444 non
1818 2390 1920 2445 uni
1951 2407 2085 2462 per-

427 2497 590 2537 sones
621 2480 967 2544 attribuere,
1029 2478 1132 2534 sed
1186 2477 1376 2532 tribus
1428 2476 1796 2541 substantiis,
1832 2495 2084 2550 quarum

429 2571 607 2626 unica
637 2570 713 2624 sit
742 2575 956 2624 natura
981 2573 1039 2622 et
1071 2566 1281 2621 eadem
1316 2565 1596 2632 essentia,
1630 2571 1695 2619 ut
1745 2566 2085 2623 Iudaeorum

426 2658 500 2716 de
517 2658 692 2713 unica
711 2672 964 2729 persona
982 2672 1101 2712 non
1113 2670 1320 2709 sanam
1353 2654 1711 2709 sententiam
1729 2654 2081 2711 traduceret.

426 2751 618 2819 Atque
650 2746 883 2802 Judzeos
914 2745 1156 2816 quidem
1195 2742 1484 2798 Sabellius
1540 2742 1772 2798 videtur
1825 2750 2082 2811 secutus,

426 2836 545 2893 nisi
578 2838 726 2891 forte
760 2834 901 2890 dum
933 2832 1376 2889 multitudinem
1403 2832 1649 2886 deorum
1684 2832 2084 2889 Graecanicam

428 2926 705 2999 exagitat,
723 2924 974 2979 nimium
999 2922 1323 2994 aequalitati
1348 2922 1477 2976 Filii
1505 2938 1571 2976 ac
1594 2923 1786 2977 Patris
1817 2922 2084 2978 intentus

430 3012 506 3069 ad
536 3013 882 3086 opinionem
933 3010 1006 3065 de
1056 3011 1232 3066 unica
1275 3025 1535 3081 persona
1581 3011 1893 3081 prolapsus
1949 3011 2081 3066 fuit.

429 3103 764 3158 Grmcorum
780 3105 1102 3155 sectatores
1121 3098 1421 3170 deprehen
1432 3115 1559 3154 smn
1577 3104 1668 3153 est
1685 3100 1863 3155 fuisse
1890 3106 1916 3150 Α
1929 3101 2084 3156 rium

426 3196 486 3245 et
516 3190 898 3255 Eunomium,
932 3189 1031 3258 qui
1062 3204 1130 3242 ex
1164 3187 1509 3242 discrimine
1559 3204 1950 3258 personarum
1993 3189 2084 3244 di-

428 3294 626 3334 versas
672 3277 960 3333 essentias
1008 3276 1262 3331 absurde
1294 3275 1646 3331 intulerunt.
1682 3277 1897 3341 Quodsi
1949 3278 2084 3348 quis

2265 2305 2460 2380 Σαφῶς
2515 2302 2618 2378 γὰρ
2677 2299 2766 2358 διὰ
2822 2301 3030 2359 τούτων
3086 2301 3176 2357 καὶ
3234 2299 3304 2356 δι’
3335 2298 3521 2358 ἄλλων
3553 2300 3781 2358 πολλῶν
3819 2306 3860 2373 ἡ

2195 2389 2409 2445 Παλαιᾶ
2439 2393 2682 2463 Διαθήκη
2742 2390 3001 2466 κηρύττει
3064 2392 3147 2446 δτι
3203 2389 3312 2470 οὐχ
3376 2392 3494 2452 ἑνὸς
3547 2392 3857 2463 προσώπου

2195 2479 2447 2550 σημαίνει
2507 2477 2842 2551 δεσποτείαν,
2901 2478 3048 2536 ἀλλὰ
3118 2484 3287 2554 τριῶν
3352 2480 3445 2553 μὲν
3508 2480 3864 2548 ὑποστάσεως

2198 2575 2325 2643 μίᾶς
2358 2566 2415 2623 δὲ
2445 2568 2652 2640 οὐσίας,
2697 2568 2789 2624 ’ἱνα
2844 2569 2935 2625 καὶ
2994 2566 3269 2625 Ἰουδαίων
3298 2569 3625 2645 πηλιτεὺσῃ
3646 2573 3744 2638 τήν
3775 2572 3858 2635 ὡς

2193 2657 2421 2735 ἐφ’ὲνὸς
2478 2661 2775 2734 προσώπου
2834 2659 2947 2739 οὐχ
3003 2660 3131 2737 ὑγιῆ
3192 2653 3420 2715 ἔννοιαν.
3484 2661 3588 2722 Οἷς
3617 2660 3705 2716 καὶ
3738 2668 3851 2717 Σα-

2195 2745 2420 2812 ϐέλλιος
2478 2751 2878 2821 ἠκολούθησεν.
2934 2753 3097 2813 “law;
3181 2749 3238 2807 δὲ
3299 2750 3358 2807 ἐκ
3411 2758 3512 2821 τῆς
3564 2750 3691 2829 ἄγαν
3747 2758 3851 2808 τοῦ

2194 2840 2324 2894 Υίοῦ
2355 2840 2490 2903 πρὸς
2523 2842 2615 2896 τὸν
2651 2839 2858 2912 Πατέρα
2917 2840 3167 2911 ῗσὸτητος
3216 2840 3292 2902 εἰς
3350 2842 3413 2895 τὸ
3445 2841 3573 2913 μίαν
3604 2842 3843 2897 ὑπόστα-

2193 2936 2283 2981 σιν
2318 2926 2649 3004 δογματίσαι
2702 2929 3012 3004 νευρωοεθς,
3067 2930 3169 2995 τήν
3215 2927 3504 2985 πολυτεῒαν
3557 2928 3833 2998 Ἑλλήνων

2193 3016 2605 3092 ἐξωστράκισεν,
2667 3019 2740 3072 ὧν
2800 3020 3021 3093 Ἄρειος
3103 3019 3191 3074 καὶ
3280 3018 3546 3091 Εὑνόμιος
3597 3016 3842 3073 ἑάλωσαν

2195 3105 2329 3160 εἶναι
2389 3105 2669 3185 φοιτηταί,
2718 3109 2816 3174 τὴν
2871 3110 2980 3161 τῶν
3043 3107 3393 3169 ὑποστξσεως
3450 3103 3704 3182 διαφορὰν
3764 3106 3847 3169 εἷς

2192 3196 2293 3264 τὴν
2349 3194 2532 3249 οὐσίαν
2586 3194 2921 3272 παραλόγως
2980 3192 3322 3256 ὲλκῦσαντες.
3385 3194 3445 3250 Εἰ
3491 3192 3548 3250 δὲ.
3577 3216 3659 3258 τις
3691 3194 3850 3274 φαίη,

2197 3286 2272 3355 μή
2334 3290 2519 3361 σαφῶς
2576 3284 2666 3339 καὶ
2726 3281 3029 3360 διαρῥτζδην
3089 3284 3138 3355 ἐξ
3198 3284 3377 3360 ἀρχῆς
3424 3289 3591 3341 ταῦτα
3618 3287 3849 3359 κεκήρυ-

428 3373 597 3438 roget
651 3384 758 3422 cur
789 3382 909 3420 non
966 3365 1038 3420 ab
1089 3365 1259 3419 initio
1319 3367 1516 3419 statim
1575 3366 1702 3419 haec
1771 3367 2079 3423 manifesto

2191 3394 2330 3442 κται,
2390 3372 2555 3449 φαίην
2614 3373 2698 3427 ὃτι
2766 3372 3004 3445 μαλιστα
3082 3379 3199 3435 τοῖς
3284 3378 3515 3435 συνετῶς
3590 3372 3854 3428 ἀκούουσι

434 3456 658 3512 fuerint
677 3455 960 3520 indicata,
992 3454 1427 3525 responderim,
1469 3454 1540 3507 iis
1572 3456 1672 3525 qui
1708 3456 1964 3512 scienter
1992 3474 2094 3513 au-

430 3545 648 3608 dirent,
698 3543 1274 3599 demonstrationem
1315 3543 1483 3598 istam
1535 3548 1712 3613 atque
1762 3544 2092 3601 doctrinam

432 3633 617 3689 fuisse
645 3634 914 3705 apprime
934 3632 1319 3704 perspicuam,
1339 3638 1405 3686 ut
1426 3631 1600 3686 etiam
1626 3634 1880 3703 sapienti
1904 3635 2092 3689 visum

426 3722 541 3776 fuit
562 3722 818 3777 Philoni.
841 3721 1006 3786 Quod
1026 3728 1224 3776 autem
1245 3720 1357 3775 ista
1379 3720 1688 3775 obscurius
1721 3723 2094 3795 promulgata

426 3816 586 3880 sunt,
606 3810 988 3883 cogitandum
1014 3809 1368 3875 estvatibus,
1394 3826 1527 3864 cum
1559 3808 1778 3865 Iudaeis
1799 3811 1872 3866 ad
1900 3812 2091 3867 mulli-

428 3901 697 3956 tudinem
755 3900 1003 3956 deorum
1073 3899 1449 3954 statuendam
1511 3900 1872 3971 proclivibus
1929 3901 2089 3974 leges

422 3990 901 4065 praescriberent,
942 4007 1063 4046 non
1116 3990 1457 4045 consultum
1489 3991 1676 4045 visum
1712 3991 1891 4047 fuisse
1915 3993 2088 4048 diﬂ'e-

429 4080 685 4135 rentiam
719 4095 1111 4151 personarum
1141 4094 1623 4135 commemorare.
1649 4096 1721 4135 ne
1752 4081 1793 4134 ii
1826 4081 2087 4138 diversas

425 4168 604 4227 etiam
635 4175 882 4225 naturas
908 4183 1299 4240 personarum
1318 4168 1630 4240 apinantes
1656 4169 1731 4224 ad
1756 4168 1966 4225 falsam
1992 4189 2085 4226 re-

423 4252 707 4331 ligionem
736 4257 1154 4319 desciscerent,
1186 4256 1290 4312 sed
1322 4257 1519 4327 potius
1550 4256 1622 4311 ab
1655 4257 1827 4313 initio
1880 4260 2082 4314 statim

425 4347 618 4403 edocti
634 4362 821 4403 unum
838 4363 966 4401 esse
983 4344 1189 4402 mundi
1216 4346 1841 4417 Dominum,paulatim
1868 4347 2082 4405 deinde

423 4435 496 4492 de
528 4435 801 4508 personis
833 4435 1106 4490 doctrina
1160 4434 1620 4496 instruerentur,
1654 4452 1787 4505 quae
1848 4437 1973 4508 ipsa
2007 4438 2082 4493 ad

418 4526 710 4581 unitatem
743 4530 970 4578 naturas
1001 4522 1176 4578 redit.
1194 4522 1276 4577 lta
1302 4540 1432 4593 qum
1459 4524 1705 4579 unitatis
1739 4542 1989 4581 numero
2007 4527 2080 4583 de

420 4612 540 4668 Deo
571 4612 870 4677 dicuntur,
904 4614 1195 4668 unitatem
1253 4618 1479 4668 natura:
1519 4615 1913 4669 conﬁrmant:
1947 4632 2079 4687 quas

2199 3459 2431 3532 λαμπρά
2487 3463 2628 3517 ἐστιν
2685 3459 2822 3531 αὕτη
2880 3462 2971 3516 καὶ
3033 3460 3198 3518 infide
3225 3463 3304 3534 ξις
3359 3463 3451 3517 καὶ
3509 3458 3857 3532 διδασκαλία,

2199 3550 2272 3610 ὡς
2310 3553 2399 3604 καί
2446 3556 2524 3623 τῷ
2573 3555 2725 3629 σοφῷ
2751 3547 2897 3621 ἔδοξε
2945 3551 3189 3608 Φίλωνι.
3237 3551 3296 3609 Εἰ
3340 3550 3397 3606 δὲ
3425 3552 3515 3606 καὶ
3548 3572 3851 3606 συνεσκεαιο

2198 3638 2410 3708 σμὲνως
2441 3638 2656 3717 ἐρῥὲθη,
2698 3639 2872 3695 ἐκεῖνο
2924 3640 3234 3715 λογίζεσθαι
3288 3641 3423 3715 χρὴ,
3456 3639 3540 3695 ὅτι
3572 3637 3862 3703 Ἰουδαίοις

2195 3733 2310 3789 τοῖς
2342 3728 2417 3791 εἰς
2461 3727 2754 3784 πολυθείαν
2817 3730 3042 3806 ῥέπουσι
3099 3732 3519 3802 νομοθετοῦντες
3579 3729 3679 3786 οὐκ
3736 3727 3858 3784 ἰδο-

2195 3817 2429 3888 κίμασαν
2517 3816 2781 3895 διαφορὰν
2847 3820 3159 3893 προσώπων
3218 3819 3550 3896 εἰσαγαγεῖν,
3608 3816 3695 3874 ἵνα
3771 3821 3851 3893 μὴ

2196 3902 2455 3985 διάφορον
2506 3909 2663 3985 φύσιν
2716 3910 2766 3962 ἐν
2822 3913 2941 3970 ταῖς
2996 3908 3349 3964 ὑποστάσεσιν
3384 3908 3522 3962 ε’ναι
3578 3905 3857 3983 δογματί-

2194 4015 2379 4056 σχντες
2412 3995 2487 4057 εἷς
2546 3994 2976 4072 εἷδωλολατρίαν
3028 3996 3383 4064 ὲλκυσθῶσιν,
3424 3996 3569 4051 ἀλλᾶ
3596 4003 3697 4066 τῆς
3725 4018 3852 4071 μον-

2190 4087 2392 4158 αρχίας
2451 4084 2503 4154 ἐξ
2562 4087 2744 4161 ἀρχῆς
2803 4085 3064 4160 μαθόντες
3124 4087 3353 4160 μαθημα
3389 4086 3525 4140 κατὰ
3557 4087 3751 4160 μικρὸν
3786 4087 3851 4142 τὸ

2190 4178 2297 4227 τῶν
2335 4175 2677 4229 ὑποστάτεων
2734 4172 3145 4254 ἀναδιδαχθῶσι
3207 4171 3405 4247 δόγμα,
3461 4175 3524 4229 τὸ
3576 4172 3743 4229 πάλιν
3772 4175 3851 4237 εἷς

2190 4261 2419 4333 ἑνότητα
2453 4263 2661 4340 φύσεως
2724 4264 3046 4339 ἀνατρέχον,
3101 4263 3176 4324 ὡς
3229 4263 3367 4317 εἶναι
3423 4263 3490 4316 τὰ
3524 4263 3617 4336 μὲν
3652 4263 3848 4324 ἑνικῶς

2191 4350 2462 4427 λεγόμενα
2495 4359 2593 4421 τῆς
2634 4352 2968 4420 ταυτότῃτος
3027 4359 3124 4419 τῆς
3183 4351 3395 4431 φίσεως
3449 4353 3840 4427 παραστατικὰ,

2186 4441 2254 4495 τὰ
2284 4439 2341 4495 δὲ
2374 4436 2763 4516 ὑπερϐαίνοντα
2810 4442 2900 4496 τὸν
2947 4442 3120 4497 ἑνικὸν
3171 4442 3403 4516 ἀριθμὸν
3434 4444 3536 4506 τῆς
3566 4446 3672 4495 τῶν
3708 4443 3841 4497 ὑπο-

2189 4530 2423 4584 στάσεων
2461 4529 2738 4600 ἶδιὸτητος
2769 4537 2870 4600 τῆς
2929 4531 3005 4592 εἷς
3049 4531 3174 4602 μίαν
3238 4530 3421 4584 οὐσίαν
3450 4530 3835 4605 συναγομένης.

2187 4620 2266 4674 Τὸ
2303 4620 2395 4689 μὲν
2443 4619 2545 4693 γὰρ
2606 4618 2897 4696 διαφόρους
2949 4619 3135 4679 crisat:
3191 4618 3542 4679 ὑποτίθεσθαι
3582 4619 3829 4685 Έλληνι-

422 4716 560 4756 eum
591 4716 910 4757 numerum
937 4703 1082 4758 5|]
1117 4701 1426 4759 excedunt.
1462 4702 1850 4772 proprietates
1882 4720 2078 4772 perso-

422 4805 628 4810 μ---μ
666 4789 720 4810 ξ..
757 4805 868 4810 _-__
909 4789 1153 4810 --η-η-
1196 4789 1746 4810 --μηρμυηηω
1790 4790 1909 4810 L1-
2035 4799 2046 4810 .

2191 4709 2302 4776 κον,
2333 4710 2394 4762 τὸ
2426 4706 2482 4763 δὲ
2513 4708 2564 4763 ἓν
2611 4709 2911 4781 πρόσωπον
2970 4710 3142 4786 ἤγουν
3202 4708 3328 4781 μίαν
3377 4708 3666 4764 ὑπόστασιν
3695 4709 3829 4763 ’ἰου-

419 4805 634 4845 narum
666 4789 728 4846 in
757 4805 878 4846 una
902 4789 1162 4845 essentia
1189 4789 1755 4860 comprehensarum
1790 4790 1932 4847 indi(
1952 4799 2074 4849 ant.

425 4878 692 4934 Diversas
723 4878 883 4934 enim
916 4878 976 4933 in
1013 4878 1238 4934 Deitate
1268 4882 1512 4933 naturas
1534 4884 1791 4934 statuere
1811 4880 2076 4938 Graecum

420 4967 773 5032 est,unicam
790 4983 1105 5038 personam
1134 4966 1446 5022 Judaicum
1467 4973 1776 5022 :czeterum
1808 4979 2075 5027 sanctam

413 5064 474 5116 et
526 5076 709 5117 unam
777 5058 1038 5114 essentia
1093 5057 1438 5114 Trinitatem
1498 5057 1780 5115 diducere
1839 5060 1900 5116 in
1955 5068 2074 5121 tres

412 5164 699 5223 personas
738 5149 963 5220 hasque
1026 5149 1088 5204 in
1148 5164 1327 5204 unam
1386 5155 1661 5204 naturam
1708 5150 2068 5223 recolligere,

411 5240 815 5296 rectissimum
837 5243 927 5294 est
958 5243 1017 5293 et
1045 5253 1181 5294 vera
1232 5237 1546 5293 sententia.
1586 5238 1684 5293 His
1744 5239 1806 5293 in
1837 5257 2071 5299 summa

416 5326 797 5393 addo,rerum
814 5332 1088 5383 naturam
1102 5325 1513 5382 excedentium
1529 5325 2068 5387 demonstrationes

417 5414 722 5471 naturales
770 5432 888 5471 non
922 5432 1095 5488 posse
1145 5415 1366 5486 ubique
1423 5414 1572 5470 dari.
1629 5417 1773 5471 Nam
1832 5421 2066 5477 tametsi

420 5502 686 5560 Verbum
710 5504 812 5559 Dei
843 5521 979 5560 vera
1009 5520 1144 5561 caro
1165 5505 1382 5560 factum
1405 5511 1643 5572 est,non
1656 5511 1856 5562 tamen
1871 5509 2066 5566 nudus

2187 4793 2391 4851 δαϊκόν·
2424 4798 2486 4853 τὸ
2519 4795 2577 4853 δὲ
2606 4798 2978 4859 πλατὸνοντας
3033 4798 3109 4861 εἷς
3164 4800 3263 4866 τήν
3316 4800 3477 4873 ἁγίαν
3508 4801 3595 4854 καὶ
3631 4799 3837 4864 ὁμοοὺ-

2187 4906 2300 4940 σιον
2333 4884 2541 4961 Τριάδα
2568 4887 2662 4948 τὰς
2698 4887 3019 4949 ὑποστάσεις
3052 4887 3129 4947 εἷς
3189 4888 3317 4959 μίαν
3371 4886 3554 4942 οὐσίαν
3585 4889 3671 4962 [Ρ.
3708 4890 3834 4962 292]

2183 4975 2449 5049 συνάγειν,
2508 4975 2800 5050 ὀρθότατόν
2857 4974 2967 5031 ἐστι
3046 4976 3134 5029 καὶ
3190 4974 3452 5043 ἀληθίνὸν
3512 4976 3575 5031 τὸ
3633 4973 3830 5050 δόγμα.

2183 5063 2486 5143 Κεφάλαιον
2545 5061 2602 5120 δὲ
2660 5064 2745 5120 ἐπὶ
2796 5069 2914 5129 τοῖς
2962 5063 3298 5140 λεγομένοις,
3333 5065 3432 5119 οὐκ
3459 5060 3573 5121 ἔστι
3605 5069 3833 5139 quanti:

2179 5151 2479 5224 ἀποδείξεις
2535 5154 2671 5210 κατὰ
2723 5155 2896 5210 πάντα
2952 5161 3294 5227 παραστῆσαι
3351 5157 3459 5209 τῶν
3522 5155 3655 5228 ὑπὲρ
3683 5154 3838 5232 φύσιν

2178 5245 2540 5317 πραγμάτων.
2599 5242 2663 5297 Εἰ
2721 5242 2825 5320 γαρ
2881 5243 2972 5298 καὶ
3030 5243 3158 5317 σάρξ
3219 5239 3490 5310 ἁλι,θήςὸ
3523 5240 3688 5317 λόγος
3720 5241 3839 5320 ὲγέ.

2176 5352 2296 5386 νετο
2382 5329 2509 5388 ἀλλ’
2565 5331 2632 5386 οὐ
2690 5330 2854 5404 ψιλὸς
2908 5333 3191 5408 ἄνθρωπος
3225 5332 3253 5386 ὁ
3285 5333 3521 5407 Χριστὸς
3561 5330 3835 5407 ἔνανορω·

2174 5422 2379 5492 πήσας,
2413 5419 2626 5494 μᾶλλον
2675 5418 2732 5476 δὲ
2785 5421 2915 5483 Θεός
2964 5420 3016 5492 ἐξ
3072 5418 3338 5497 ἑκατέρων
3370 5426 3479 5476 τῶν
3509 5425 3721 5476 φύσεων
3754 5421 3836 5484 εἰς

2175 5511 2412 5589 ὑπάρχει
2457 5513 2579 5574 Υἱὸς
2639 5515 2775 5568 Θεοῦ
2834 5510 2964 5574 Θεὸς
3022 5510 3372 5587 ὑπερούσιος,
3403 5510 3451 5566 εὶ
3481 5511 3571 5566 καὶ
3602 5508 3836 5587 διαῤῥήο

498 5666 549 5712 ⁸⁷
578 5665 722 5731 Gen.
757 5690 794 5743 ι,
826 5671 913 5731 26.
941 5664 991 5710 93
1020 5676 1163 5732 Gen.
1197 5693 1312 5744 xix,
1340 5676 1429 5730 2i.
1460 5664 1508 5711 δυ
1529 5674 1683 5731 Ρςαιι
1717 5688 1828 5734 cxx.
1868 5681 1915 5736 ί.
1952 5682 1966 5716 ¹
2003 5680 2116 5740 Isa.
2149 5694 2221 5753 Vl,
2257 5685 2307 5744 3.
2336 5687 2358 5722 ²
2384 5683 2538 5743 Psal.
2570 5695 2722 5757 XXVI,
2754 5681 2809 5754 8,
2840 5686 2894 5742 9.
2926 5678 2950 5721 ³
2977 5684 3132 5745 Paul:
3163 5685 3437 5775 xuxghiég
3461 5680 3553 5771 15.,
