4118 6288
295 405 421 500 357

1484 431 1848 494 HISTORIA
1862 429 2030 491 RUM
2077 426 2234 487 COM
2249 427 2594 490 PENDIUM
2609 470 2624 487 .

3601 431 3722 491 558

305 589 526 645 γνυνται
558 565 609 623 οἱ
648 569 709 622 τὸ
773 571 958 641 μεῖζον
1023 565 1112 621 καί
1168 561 1396 620 ’ἔλαττον
1456 561 1545 618 ἐπὶ
1600 568 1696 618 τοῦ
1755 561 1964 637 Πατρὸς

2088 557 2258 613 homo
2288 557 2400 613 fuit
2427 559 2692 613 Christus
2725 561 2784 614 in
2843 576 3017 615 carne
3068 560 3307 633 degens,
3369 562 3471 617 sed
3525 565 3727 636 potius

312 661 410 714 καὶ
438 662 533 713 τοῦ
563 659 690 712 Υίοῦ
723 657 1116 730 συγκρίνοντες,
1177 654 1514 728 ὲτεροσῦσιον
1569 654 1661 708 τὸν
1711 653 1832 707 Υίὸν
1871 655 1968 706 τοῦ

315 749 531 824 Πατρὸς
560 748 648 802 καὶ
682 747 942 819 ἀνόμοιον
994 743 1441 822 δογματίζοντες.
1501 743 1577 800 Οὐ
1625 743 1729 820 γὰρ
1765 743 1968 809 ἳσασιηθ,

313 840 392 898 ὡς
421 833 591 893 ἔοικεν
623 835 707 890 δτι
743 842 926 908 μεῖζον
951 835 1040 889 καὶ
1097 833 1322 889 ἔλαττον
1373 833 1460 888 ἐπὶ
1503 837 1610 887 τῶν
1657 829 1966 905 ὁμοουσίων

317 930 564 996 ζητεῖται
597 924 685 978 καὶ
736 925 991 998 κρίνεται,
1047 922 1120 983 ὡς
1168 922 1451 994 ἄνθρωπος
1500 920 1787 994 ἀνθρώπου
1849 919 1972 990 μεί-

329 1020 434 1084 ζων
467 1013 556 1068 καὶ
590 1013 719 1083 βοῦς
752 1012 883 1087 βοὸς
913 1011 1001 1066 καὶ
1030 1011 1218 1082 ⁹’ἱππος
1260 1008 1461 1080 Ἕππου,
1505 1009 1595 1064 καὶ
1639 1006 1969 1078 ἁπαξαπλῶς

314 1107 347 1160 ὁ
387 1105 565 1159 κανὼν
626 1111 726 1173 τῆς
796 1102 1126 1177 σκγκρίσεως
1181 1106 1300 1164 τοῖς
1354 1099 1660 1176 ὁμογενέσιν
1719 1098 1968 1172 ἁρμόζει.

309 1196 380 1252 Ὀ
411 1193 596 1250 τοίνυν
645 1192 713 1247 τὰ
769 1197 867 1246 τοῦ
915 1195 1050 1246 Θεοῦ
1101 1188 1404 1264 τολμηρῶς
1462 1188 1970 1264 περιεργαζόμενος,

309 1284 406 1339 καὶ
452 1285 674 1356 μείζονα
707 1280 882 1356 λέγων
933 1284 1030 1335 τοῦ
1079 1280 1207 1334 Υίοῦ
1257 1280 1350 1334 τὸν
1404 1277 1634 1353 Πατέρα,
1682 1278 1783 1344 τήν
1838 1274 1970 1350 σύγ-

307 1393 492 1448 κρισιν
537 1371 627 1432 ὡς’
674 1369 973 1442 ὁμοούσιον
1031 1369 1339 1444 προσίεται,
1387 1367 1483 1422 κᾶν
1547 1369 1622 1440 μή
1676 1365 1968 1441 βούληταιο

311 1460 632 1534 ἒτεροοῦσια
713 1461 814 1535 γὰρ
865 1455 1142 1528 ἀλλήλοις
1188 1455 1564 1533 συγκρίνεσθαι
1616 1455 1677 1508 οὐ
1728 1452 1969 1521 δύναται,

308 1548 439 1611 οὔτε
497 1549 716 1625 λέγεται
781 1549 982 1622 μείζων
1037 1549 1325 1622 ἅνθρωπος
1387 1548 1515 1620 βοὸς
1555 1547 1589 1614 ἤ
1627 1546 1825 1617 μείζων
1876 1542 1971 1598 ἄν-

311 1654 537 1714 θρωπος
594 1639 854 1712 καμήλου
913 1638 948 1708 ἢ
1021 1637 1220 1710 μείζων
1279 1636 1562 1711 ἄνθρωπος
1618 1633 1833 1710 ίχθύος.
1889 1632 1972 1689 Τὰ

321 1730 505 1802 μέντοι
563 1750 623 1804 γε
676 1729 770 1784 τὸν
827 1729 1004 1784 ἑνικὸν
1059 1727 1293 1800 ἀριθμὸν
1357 1721 1744 1798 ὑπερϐαίνοντα
1800 1721 1853 1778 ἐν
1901 1728 1968 1797 τῇ

321 1820 443 1890 θείᾳ
477 1817 659 1898 Γραγῆ
699 1825 796 1886 τῆς
851 1822 958 1872 τῶν
1008 1817 1351 1871 ὑποστάσεων
1402 1812 1662 1888 διαφορᾶς
1707 1813 1808 1867 εἰσι
1864 1832 1972 1866 πα-

318 1909 638 1983 ραστατικᾶ,
667 1908 735 1962 τὰ
785 1906 841 1961 δὲ
889 1907 1081 1966 ἑνικῶς
1125 1904 1511 1980 ἐξενηνεγμένα
1556 1904 1656 1972 τῆς
1703 1900 1972 1971 ταυτότη-

313 2019 414 2059 τος
447 2005 547 2066 τῆς
579 1997 808 2070 φύσεως.
843 1996 922 2053 Τὰ
955 1996 1050 2068 μὲν
1080 1996 1184 2070 γὰρ
1230 1991 1466 2068 εἷ’ρηται,
1513 1991 1607 2048 ’ίνα
1661 1987 1964 2051 Σαϐέλλιος

312 2087 412 2142 καὶ
446 2083 701 2143 Ἰουδαῖοι
731 2084 1182 2158 ἒπιστομισθῶσι,
1230 2083 1297 2138 τὰ
1347 2081 1422 2150 δὲ,
1466 2079 1558 2137 ⁸ίνα
1609 2083 1825 2151 Ἀρειος
1871 2079 1961 2134 καὶ

316 2174 595 2247 Εὐνόμιος
623 2175 711 2228 καὶ
744 2172 1014 2243 Ἕλληνες
1064 2171 1513 2243 στηλιτευθῶσιν.
1566 2171 1632 2227 Οἱ
1682 2171 1785 2247 γὰρ
1816 2167 1964 2224 πλα-

307 2264 563 2326 τύνοντες
599 2265 694 2336 μὶν
728 2263 804 2324 εἶς
834 2264 932 2330 τήν
991 2260 1146 2340 ἁγίαν
1199 2259 1403 2336 Τριάδα
1447 2261 1538 2315 τὸν
1585 2266 1692 2315 τῶν
1752 2257 1965 2328 ίδιοτή-

313 2376 429 2410 των
463 2354 716 2430 ἀριθμὸν,
751 2352 1136 2416 συστέλλοντες
1165 2349 1223 2406 δὲ
1254 2351 1329 2412 εἷς
1365 2350 1489 2424 μίαν
1541 2349 1748 2419 οὐσίαν,
1804 2349 1966 2422 ὀρθό-

312 2465 453 2499 τατα
501 2441 895 2520 δογματίζουσι
943 2441 1031 2496 καὶ
1072 2445 1190 2504 ταῖς
1230 2444 1337 2494 τῶν
1393 2439 1654 2508 οὖρανίων
1695 2441 1967 2512 χρησμῶν

318 2530 541 2588 ἕπονται
583 2529 983 2599 διδασκαλίαις,
1021 2531 1162 2602 μήτε
1193 2528 1272 2596 εἰς
1298 2525 1590 2592 πολυθείαν
1627 2525 1716 2581 διὰ
1743 2529 1840 2596 τήν
1868 2532 1968 2594 τῆς

318 2624 534 2700 φύσεως
588 2619 849 2700 διαφορὰν
907 2619 1284 2686 ἐκπίπτοντες,
1344 2619 1481 2692 μήτε
1519 2617 1594 2678 εἰς
1654 2613 1971 2689 ίουδαϊσμὸν

315 2709 412 2766 διὰ
435 2711 535 2778 την
563 2714 663 2765 τοῦ
722 2709 836 2770 ἑνὸς
888 2707 1186 2783 προσώπου
1253 2707 1502 2764 σύστασιν
1547 2703 1970 2766 ὀλισθαίνοντες.

323 2804 452 2863 Πῶς
483 2799 541 2854 δὲ
567 2799 664 2854 οὐκ
723 2798 1023 2873 έμυθριῶσι
1087 2795 1342 2868 κτίσματι
1402 2799 1830 2872 προσκυνοῦντες
1886 2793 1971 2848 καὶ

316 2896 442 2950 ταῖς
475 2890 676 2943 ἑαυτῶν
715 2887 1023 2963 μαχόμενοι
1075 2888 1318 2960 ψήφοις;
1374 2885 1829 2960 Ἀπαγορεύοντες
1867 2885 1974 2959 γὰρ

316 2981 380 3035 τὸ
418 2979 496 3050 μὴ
543 2981 612 3050 τῇ
667 2975 837 3032 κτίσει
894 2981 1212 3051 προσκυνεῖν
1281 2975 1354 3037 ὡς
1409 2972 1758 3044 Ἑλληνικὸν,
1819 2974 1973 3029 αὐτοὶ

310 3073 481 3122 τοῦτο
515 3065 750 3140 δρῶντες
782 3064 1004 3126 ἑαυτοὺς
1034 3062 1382 3127 λανθάνουσι.
1420 3064 1536 3137 Χρὴ
1572 3061 1628 3116 δὲ
1674 3063 1764 3119 καὶ
1811 3067 1973 3118 τοῦτο

326 3153 543 3223 εἰδέναι,
577 3154 652 3215 ὼς
683 3153 745 3208 οὐ
776 3154 844 3208 τὰ
873 3151 1008 3207 αὐτᾶ
1047 3151 1288 3224 ὀνόματα
1333 3151 1543 3213 πάντως
1585 3151 1673 3205 καὶ
1723 3151 1792 3205 τὰ
1843 3151 1975 3208 αὐτὰ

333 3243 525 3314 μηνῦει
581 3244 892 3318 πράγματα,
950 3239 1072 3296 οὔτε
1105 3243 1139 3310 ἡ
1186 3239 1478 3314 ὁμωνυμία
1527 3241 1869 3312 συνωνυμίαν
1916 3238 1977 3297 ἒκ

2080 649 2235 703 Deus
2266 664 2336 702 ex
2369 654 2620 719 utraque
2646 657 2853 704 natura
2905 667 3062 706 unus
3112 653 3340 706 exstitit
3385 653 3568 708 Filius
3623 655 3726 710 Dei

2079 739 2254 800 Deus,
2288 744 2501 792 natura
2560 754 2759 793 rerum
2803 745 3133 794 creatarum
3185 743 3474 813 superior,
3530 743 3618 797 vel
3676 745 3725 799 si

2079 833 2434 897 rumpantur
2459 828 2559 898 qui
2583 830 2814 882 Patrem
2840 846 2972 883 cum
2996 830 3141 884 Filio
3164 831 3390 885 ratione
3413 833 3654 904 majoris
3668 839 3728 889 et

2079 917 2330 972 minoris
2359 925 2770 989 comparantes
2823 918 3066 973 diversa)
3116 921 3460 976 substantia
3492 939 3526 978 a
3555 923 3723 980 Patre

2078 1007 2292 1061 Filium
2326 1008 2498 1077 eique
2529 1007 2885 1062 dissimilem
2935 1014 3222 1063 statuunt.
3275 1011 3429 1075 Quos
3479 1018 3725 1083 apparet

2079 1112 2200 1150 non
2241 1095 2753 1163 animadvertisse,
2787 1096 2945 1168 quod
2978 1098 3170 1168 majus
3202 1103 3261 1152 et
3279 1098 3478 1154 minus
3495 1106 3726 1157 tantum

2079 1185 2140 1238 in
2175 1184 2264 1238 his
2297 1191 2648 1256 quaaruntur
2679 1191 2736 1241 et
2759 1186 3110 1257 judicantur
3140 1205 3271 1258 quae
3295 1189 3562 1258 ejusdem
3585 1198 3730 1246 sunt

2079 1280 2330 1339 naturas,
2364 1283 2429 1330 ut
2461 1276 2637 1331 homo
2670 1277 2911 1332 homine
2943 1279 3134 1347 major
3164 1279 3426 1350 itemque
3451 1281 3593 1336 bove
3621 1283 3726 1337 hos

2081 1371 2136 1418 et
2164 1382 2351 1435 equus
2379 1382 2532 1436 equo
2559 1366 2804 1431 dicitur;
2838 1369 3201 1437 omninoque
3234 1369 3436 1440 regula
3463 1385 3531 1424 ea
3563 1386 3727 1424 com-

2080 1453 2326 1524 parandi
2352 1455 2411 1508 in
2440 1455 2512 1509 iis
2535 1455 2728 1510 locum
2757 1455 2936 1510 habet
2956 1473 3086 1526 qum
3110 1464 3248 1511 sunt
3269 1457 3538 1528 ejusdem
3554 1475 3728 1527 gene-

2079 1543 2294 1608 ris.Qui
2321 1561 2456 1615 ergo
2484 1544 2691 1599 audaci
2718 1545 3057 1600 curiositate
3080 1547 3263 1600 Deum
3291 1547 3527 1602 Patrem
3575 1549 3722 1604 Filio

2082 1637 2360 1705 majorem
2395 1636 2557 1702 dicit,
2595 1638 2644 1692 is
2674 1636 2894 1691 invitus
2927 1638 3103 1692 etiam
3138 1638 3406 1694 eamdem
3450 1645 3724 1696 naturam

2079 1725 2391 1796 utriusque
2423 1725 2699 1780 admittit.
2735 1729 2872 1791 Quas
2911 1728 3068 1781 enim
3096 1734 3305 1782 natura
3329 1729 3631 1798 differunt,
3661 1747 3732 1785 ea

2081 1815 2413 1885 comparari
2439 1831 2557 1868 non
2584 1822 2862 1886 possunt;
2882 1832 3075 1886 neque
3100 1817 3277 1872 homo
3306 1817 3470 1884 bove,
3500 1820 3728 1874 camelo

2081 1911 2182 1959 aut
2204 1905 2363 1974 pisce
2390 1905 2580 1975 major
2601 1905 2837 1959 dicitur.
2862 1905 3014 1960 Sane
3037 1923 3168 1976 qua:
3200 1907 3259 1960 in
3283 1908 3467 1961 sacris
3492 1908 3725 1963 Litteris

2083 1954 2179 1959 “’”⁷
2205 1954 2358 1974 Γ“”’”
2390 1954 2569 1975 ’“”⁷⁷ὐ““
2605 1954 2836 1959 “”“⁷““’“““
2863 1954 3011 1960 ’⁷“”““⁷
3041 1954 3165 1976 1""
3201 1954 3259 1960 ““”
3283 1954 3466 1961 ““’“’“’“’“’
3493 1954 3723 1963 “⁴’“’“¹“’⁹

2000 1954 2044 2017 Β
2075 1993 2146 2048 de
2175 1995 2290 2047 Deo
2314 2010 2492 2064 supra
2515 1993 2876 2066 singularem
2895 2011 3210 2049 numerum
3233 1996 3532 2060 dicuntur,
3559 2013 3625 2052 ea
3647 1996 3723 2051 ad

2074 2098 2464 2154 personarum
2489 2083 2836 2137 discrimina
2857 2083 3237 2138 monstranda
3254 2085 3504 2139 faciunt:
3525 2087 3723 2158 singu-

2073 2173 2184 2228 lari
2217 2189 2466 2227 numero
2498 2174 2675 2229 eﬂ‘ata
2704 2174 2994 2228 unitatem
3023 2181 3248 2229 naturae
3272 2175 3503 2230 docent.
3530 2182 3720 2247 Atque

2076 2263 2176 2317 illa
2209 2264 2360 2319 512
2395 2262 2660 2333 quidem,
2692 2269 2758 2317 ut
2791 2262 3044 2317 Sabellio
3076 2267 3135 2318 et
3161 2263 3379 2318 Judmis
3412 2281 3514 2320 ora
3545 2267 3720 2320 obtu-

2075 2352 2194 2406 rari
2230 2358 2492 2422 possent,
2517 2352 2670 2407 dicta
2693 2359 2832 2406 sunt
2859 2370 2870 2418 ;
2899 2353 3046 2416 haec,
3073 2354 3350 2422 utArius,
3380 2355 3728 2425 Eunomius,

2079 2447 2138 2496 et
2157 2442 2338 2496 (Ἐπ’ωοὶ
2354 2447 2724 2499 notarentur.
2745 2442 2852 2506 Qui
2867 2458 3001 2496 vero
3021 2449 3283 2497 sanctam
3299 2443 3639 2499 Trinitatem
3667 2446 3729 2500 in

2079 2549 2472 2605 personarum
2509 2534 2831 2590 ternarium
2885 2535 3232 2600 extendunt,
3283 2536 3364 2590 ita
3395 2541 3462 2590 ut
3509 2535 3616 2591 bas
3665 2538 3727 2592 in

2079 2637 2257 2676 unam
2285 2623 2671 2693 compingant
2695 2628 2989 2689 naturam,
3015 2623 3055 2676 ii
3081 2624 3415 2679 rectissime
3437 2626 3726 2694 sentiunt,

2082 2709 2530 2780 C(elestiumque
2544 2711 2766 2766 auctori
2779 2717 2954 2766 tatem
2980 2712 3355 2767 oraculorum
3371 2721 3726 2784 sequuntur,

2083 2816 2149 2853 ac
2181 2815 2375 2869 neque
2417 2799 2491 2854 ad
2551 2800 2994 2855 multitudinem
3053 2801 3300 2855 deorum
3350 2803 3728 2858 statuendam

2084 2887 2419 2943 diversitate
2450 2894 2797 2943 naturarum
2843 2889 3098 2944 conficta
3145 2889 3482 2961 adiguntur,
3535 2908 3730 2961 neque

2081 2979 2262 3032 unius
2276 2994 2541 3048 persona;
2568 2984 2903 3032 commento
2927 2978 2988 3032 in
3013 2978 3382 3033 Judaismum
3405 2979 3730 3050 prolabun-

2086 3074 2197 3124 tur.
2233 3068 2535 3133 Quomodo
2581 3073 2776 3123 autem
2828 3085 2948 3122 non
3023 3069 3380 3124 erubescunt
3445 3070 3731 3131 hwretici,

2085 3164 2413 3212 creaturam
2431 3157 2745 3212 adorantes
2760 3157 2992 3228 sibique
3009 3158 3153 3228 ipsis
3170 3157 3534 3229 refragantes
3547 3159 3575 3214 ?
3593 3177 3730 3215 cum

2086 3247 2243 3301 enim
2256 3252 2458 3300 velunt
2471 3251 2800 3302 creaturam
2815 3246 3492 3311 adorareﬁraacanicum
3511 3249 3730 3320 quippe

330 3333 534 3392 παντὸς
592 3332 795 3404 τρόπου
852 3329 1117 3405 ἐμφαίνει.
1181 3330 1300 3386 Ἐπὶ
1364 3329 1459 3401 μὲν
1519 3329 1622 3404 γὰρ
1692 3334 1789 3384 τοῦ
1845 3331 1975 3384 Υίοῦ

2088 3336 2197 3407 ipsi
2239 3335 2646 3406 imprudentes
2700 3335 2860 3391 idem
2920 3337 3318 3391 committunt.
3384 3337 3444 3391 ld
3496 3317 3731 3408 quoque

328 3421 536 3494 κυρίως
578 3420 779 3495 λέγεται
825 3422 859 3489 ἡ
900 3421 1175 3494 γέννηρις,
1236 3418 1320 3473 ἐπὶ
1384 3415 1441 3472 δὶ
1497 3423 1605 3472 τῶν
1663 3421 1974 3490 κτισμάτων

326 3519 798 3587 καταχρηστικῶς,
888 3511 970 3566 ἐπ’
1070 3511 1280 3566 ἐκείνου
1360 3511 1454 3582 μὶν
1543 3517 1641 3579 τῆς
1716 3509 1977 3581 ἀληθείας

318 3602 497 3656 ’ἐνεκεν
526 3601 740 3671 καὶτῆς
783 3599 1242 3672 ὁμοουσιότητος,
1297 3599 1383 3655 ἐπὶ
1451 3597 1507 3654 δὲ
1555 3601 1762 3654 τούτων
1807 3607 1977 3670 τιμῆς

327 3694 491 3766 χάριν
524 3691 612 3746 καὶ
649 3690 942 3754 υίοθεσίας.
989 3688 1290 3759 Βουληθεῖς
1325 3689 1432 3766 γὰρ
1481 3688 1780 3759 ἀπεκύησεν
1831 3691 1978 3760 ἡμᾶς

329 3778 490 3854 λόγῳ
521 3778 799 3849 ἀληθείας.
836 3780 925 3847 Μὴ
975 3778 1156 3833 τοίνυν
1206 3780 1241 3846 ἡ
1294 3777 1588 3851 ὁμωνυμία
1633 3779 1730 3845 τήν
1787 3778 1978 3849 ὁμοτι-

321 3871 452 3944 μίαν
503 3869 726 3924 ἐνταῦθα
780 3869 1029 3930 τικτέτω,
1082 3865 1220 3940 μηδὲ
1273 3867 1338 3922 τὰ
1394 3871 1848 3943 καταχρηστικῶς
1905 3865 1979 3922 εί-

319 3960 534 4037 ρημένα
590 3959 793 4033 κυρίως
856 3957 1124 4032 λεχθῆναι
1181 3957 1510 4030 νομιζέσθω,
1583 3956 1696 4012 ἐπεὶ
1747 3957 1838 4011 καί
1886 3958 1978 4012 τὸν

330 4049 505 4120 θυμὸν
534 4047 626 4102 καὶ
675 4050 776 4117 την
829 4047 999 4122 ὀργήν
1050 4047 1140 4101 καὶ
1187 4043 1366 4100 τᾶλλα
1419 4046 1590 4100 πάντα
1636 4047 1702 4100 τὰ
1749 4051 1816 4120 τῇ
1869 4045 1983 4118 θείᾳ

329 4141 409 4212 μή
457 4137 734 4212 πρέποντα
791 4135 943 4212 φύσει
994 4140 1451 4212 ’καταχρηστικῶς
1517 4132 1834 4208 λελεγμένα,
1887 4135 1985 4189 οὒκ

327 4225 391 4282 ἄν
446 4248 532 4290 τις
577 4225 848 4300 εὐφρονῶν
911 4223 1111 4298 κυρίως
1162 4221 1461 4298 πεφράσθαι
1511 4224 1596 4297 [Ρ.
1643 4225 1768 4295 293]
1825 4224 1982 4302 φαίη.

335 4306 519 4390 Δῆλον
551 4319 652 4394 γάρ
680 4316 823 4372 ἐστιν
857 4317 938 4372 ὅτι
972 4315 1178 4389 ἑκάστῳ
1220 4317 1416 4391 χωρίῳ
1459 4315 1547 4370 καὶ
1599 4313 1794 4391 ἑκάστῃ
1846 4315 1983 4386 λέξει

328 4414 366 4481 ἡ
417 4411 777 4486 προσήκουσα
832 4407 921 4462 καὶ
972 4407 1288 4480 ἁρμόζουσα
1347 4403 1670 4483 διασάφησις
1711 4427 1987 4481 προσαγο⁶

331 4501 470 4572 μένῃ
507 4499 607 4566 τήν
637 4496 897 4564 ἀλήθειαν
931 4493 1137 4550 ὠδίνει.

2090 3423 2394 3482 sciendum
2431 3432 2539 3490 est,
2563 3442 2679 3480 non
2702 3425 3165 3497 semperiisdem
3179 3425 3479 3481 vocabulis
3493 3427 3732 3482 easdem

2088 3531 2182 3568 res
2206 3514 2548 3585 signiﬁcari,
2574 3530 2766 3585 neque
2790 3515 2987 3570 statim
3018 3515 3225 3569 eodem
3251 3515 3427 3570 modo
3451 3517 3642 3571 natari
3667 3532 3736 3571 ea

2090 3620 2222 3672 quas
2254 3604 2552 3659 communi
2585 3603 2869 3658 vocabulo
2901 3604 3262 3658 indicantur.
3297 3607 3441 3659 Nam
3498 3606 3735 3676 proprie

2091 3692 2310 3746 dicitur
2338 3693 2550 3747 Filium
2585 3709 2712 3747 esse
2740 3693 3043 3764 genitum:
3080 3692 3150 3747 de
3183 3699 3455 3748 creatura
3478 3693 3739 3748 idemin-

2091 3781 2326 3852 proprie
2359 3780 2599 3838 dixeris.
2631 3781 2778 3835 Filio
2811 3782 2971 3836 enim
3003 3781 3287 3835 tribuitur
3324 3782 3434 3836 hoc
3471 3782 3734 3837 veritatis

2093 3885 2288 3930 causa,
2324 3875 2381 3924 et
2411 3871 2552 3940 quia
2611 3869 2877 3940 ejusdem
2926 3875 3015 3924 est
3068 3886 3203 3925 cum
3262 3872 3436 3926 Patre
3498 3876 3731 3927 naturm

2093 3963 2382 4017 creaturis
2415 3968 2612 4016 autem
2647 3962 2889 4016 honoris
2921 3968 2978 4016 et
3007 3961 3343 4033 adoptienis
3382 3964 3588 4035 gratia.
3625 3965 3739 4020 Sua

2094 4051 2256 4106 enim
2286 4051 2589 4105 voluntate
2622 4057 2817 4106 motus
2849 4051 3053 4123 genuit
3083 4068 3212 4121 nos,
3245 4051 3419 4106 verbo
3463 4053 3750 4107 veritatis.

2095 4146 2218 4199 Non
2252 4144 2431 4215 igitur
2450 4143 2712 4197 nominis
2734 4145 3131 4199 communitas
3158 4145 3254 4200 hic
3276 4145 3543 4200 eamdem
3562 4145 3752 4217 digni-

2096 4238 2276 4286 tatem
2299 4233 2600 4302 utrimque
2621 4232 2962 4292 afferre.aut
2985 4233 3139 4303 quod
3170 4233 3492 4303 improprie
3509 4233 3748 4304 dicitur,

2095 4321 2333 4392 proprie
2363 4325 2715 4392 usurpatum
2749 4326 3010 4392 putetur,
3044 4321 3280 4391 quando
3314 4320 3752 4378 excandescen-

2096 4411 2238 4464 tiam
2275 4409 2451 4464 etiam
2487 4418 2544 4464 et
2574 4411 2722 4464 iram
2756 4415 2815 4464 et
2843 4410 2960 4464 alia
2991 4409 3201 4464 divinae
3233 4415 3460 4465 natura)
3519 4427 3748 4480 nequa-

2101 4517 2277 4570 quam
2306 4501 2717 4556 convenientia
2737 4517 2913 4555 nemo
2939 4517 3116 4554 sanus
3138 4502 3254 4556 Deo
3278 4501 3514 4572 proprie
3528 4502 3746 4557 ascribi

325 4587 620 4652 censebit,
652 4604 787 4642 cum
815 4587 1004 4642 abusu
1035 4585 1451 4640 vocabulorum
1485 4585 1538 4638 ei
1572 4584 1965 4642 ascribantur.
2005 4589 2245 4644 Constat
2292 4590 2451 4644 enim
2493 4590 2646 4646 5l8
2697 4589 2880 4645 cuivis
2911 4589 3040 4644 loco
3089 4595 3146 4644 et
3194 4589 3478 4646 vocabulo
3527 4607 3752 4646 conve-

326 4680 596 4734 nientem
629 4680 688 4730 et
717 4675 1112 4746 quadrantem
1145 4672 1696 4745 interpretationem
1725 4673 2051 4730 adhibitam
2083 4677 2386 4732 veritatem
2427 4678 2744 4749 parturire.

401 4764 722 4822 Εἷπάτωσαν
756 4759 814 4817 δέ
843 4782 905 4836 γε
934 4760 1022 4816 καὶ
1055 4761 1106 4816 οἱ
1138 4760 1215 4822 εἷς
1241 4761 1304 4816 τὸ
1335 4760 1489 4837 ἅγιον
1537 4762 1756 4833 Πνεῦμα
1815 4759 1985 4836 βλασ-
2015 4767 2060 4831 D

328 4858 647 4932 φημοῦντες
680 4853 768 4907 καὶ
818 4858 918 4921 τῆς
974 4850 1116 4915 θείας
1173 4849 1363 4912 οὐσίας
1429 4848 1559 4904 αὐτὸ
1627 4849 1980 4924 χωρίζοντες,

331 4949 454 5004 πῶς
487 4945 514 4998 ὁ
555 4943 685 5003 Θεὸς
746 4943 837 4996 καὶ
895 4942 1093 5015 Σωτὴρ
1148 4942 1309 5012 ἡμῶν
1368 4937 1786 5013 ένανθρωπήσας
1842 4961 1984 5013 παρ-

333 5029 508 5086 έδωκε
558 5029 1027 5105 συμπληρωτικὸν
1088 5030 1226 5083 εἶναι
1282 5035 1384 5097 τῆς
1435 5027 1595 5101 ἁγίας
1641 5024 1868 5100 Τριάδος
1925 5027 1988 5083 τὸ

328 5121 601 5195 πανάγιον
662 5121 904 5191 Πνεῦμα,
958 5118 1047 5172 καὶ
1107 5117 1160 5172 ἐν
1227 5120 1295 5190 τῇ
1353 5114 1639 5186 ἐπικλήσει
1693 5121 1789 5171 τοῦ
1846 5116 1989 5172 θείου

337 5208 720 5287 βαπτίσματος
754 5210 845 5264 σὺν
883 5208 1050 5284 [ἰατρὶ
1079 5209 1170 5263 καὶ
1221 5209 1332 5281 Υίῷ
1389 5208 1462 5268 ὡς
1512 5204 1831 5282 ἐλευθεροῦν
1879 5213 1987 5263 τῶν

329 5303 752 5378 ἁμαρτημάτων
809 5301 937 5363 τοῦς
1025 5299 1346 5375 ἀνθρώπους
1404 5297 1829 5372 ἀριθμούμενον.
1888 5300 1988 5356 Καὶ

326 5392 424 5448 ἐπὶ
457 5397 557 5460 τῆς
592 5397 860 5464 μυστικῆς
890 5387 1162 5464 τραπέζης
1209 5389 1272 5444 τὸ
1319 5393 1476 5461 σῶμα
1527 5384 1697 5442 ίδικὸν
1747 5393 1847 5456 τῆς
1891 5393 1988 5443 τοῦ

328 5485 468 5539 Υἱοῦ
510 5484 835 5559 σαρκώσεως
895 5482 1218 5558 ἀποφαῖνον,
1278 5484 1395 5541 πῶς
1444 5477 1504 5534 ἄν
1555 5477 1639 5548 εἴη
1681 5480 1912 5548 ποιητὸν
1950 5481 1986 5550 ἢ

331 5573 560 5629 κτιστὸν
592 5574 627 5641 ἢ
660 5579 761 5641 τῆς
791 5569 1056 5640 δουλικῆς
1088 5571 1320 5650 φύσεως,
1346 5567 1472 5624 ἀλλ’
1526 5568 1591 5622 οὗ
1641 5575 1742 5637 τῆς
1793 5567 1986 5624 δεσπο·

318 5668 492 5732 τικῆς
519 5662 611 5717 καὶ
649 5658 994 5738 δημιουργοῦ
1035 5659 1125 5714 καὶ
1181 5655 1463 5734 βασιλίδος
1511 5657 1695 5718 οὐσίας
1743 5659 1992 5733 συγγενὲς

318 5753 420 5809 καί
456 5750 759 5826 ὀμοούσιον
787 5739 1038 5826 τὸᾶγιον
1065 5748 1327 5823 Πνεῦμας
1359 5746 1424 5804 El
1461 5745 1566 5822 γὰρ
1619 5742 1850 5818 δοῦλον,
1909 5747 1986 5822 μὴ

2163 4767 2287 4821 Jam
2321 4767 2420 4838 qui
2450 4767 2522 4822 de
2555 4773 2758 4823 sancto
2782 4767 3002 4839 Spiritu
3028 4768 3206 4840 impie
3231 4767 3564 4840 loquuntur
3583 4785 3750 4824 eum-

2095 4872 2210 4927 que
2241 4855 2438 4910 divina
2470 4862 2681 4912 natura
2713 4858 3130 4922 exterminant,
3165 4859 3572 4930 respondeant
3599 4875 3755 4928 quo-

2101 4945 2276 5000 modo
2309 4946 2582 5000 Servator
2612 4953 2815 5001 noster
2867 4948 3018 5001 Deus
3070 4947 3131 5000 in
3183 4947 3446 5002 humano
3503 4962 3752 5016 corpore

2099 5033 2420 5089 obversans
2452 5041 2721 5090 sanctum
2756 5034 2924 5089 illum
2958 5035 3238 5106 Spiritum
3291 5033 3543 5088 voluerit
3587 5049 3752 5088 com-

2100 5123 2468 5194 plementum
2503 5140 2632 5178 esse
2664 5123 2986 5190 Trinitatis,
3019 5129 3196 5191 atque
3230 5123 3287 5176 in
3318 5121 3611 5192 baptismo
3631 5137 3754 5176 una

2099 5229 2234 5266 cum
2268 5215 2436 5267 Patre
2467 5217 2527 5268 et
2576 5211 2741 5272 Filio.
2792 5217 2857 5266 ut
2905 5211 3003 5281 qui
3060 5211 3334 5265 homines
3393 5227 3427 5264 a
3489 5209 3753 5282 peccatis

2100 5301 2333 5361 liberet,
2368 5299 2668 5354 numerari
2699 5305 2876 5369 atque
2926 5299 3206 5353 invocari.
3262 5299 3330 5351 Et
3388 5298 3448 5352 in
3497 5299 3755 5370 mystica

2099 5406 2284 5455 coena,
2319 5405 2451 5443 cum
2486 5387 2736 5460 Spiritus
2756 5392 2997 5442 sanctus
3024 5404 3237 5458 corpus
3261 5388 3555 5443 incarnati
3582 5389 3754 5444 Verbi

2099 5478 2324 5532 dicrtur
2351 5477 2663 5542 formasse,
2697 5477 2995 5546 quomodo
3028 5477 3214 5548 possit
3242 5476 3434 5531 factus
3471 5492 3601 5532 esse
3650 5483 3754 5533 aut

2101 5573 2353 5633 creatus,
2389 5571 2490 5619 aut
2519 5564 2748 5619 servilis
2779 5565 3160 5634 conditionis,
3190 5583 3308 5621 non
3351 5567 3754 5638 imperatricis

2098 5663 2346 5722 naturae,
2381 5671 2511 5727 quin
2543 5671 2750 5708 omnes
2790 5671 2884 5710 res
2917 5655 3099 5711 efﬁcit
3128 5661 3305 5728 atque
3328 5656 3590 5727 guberna
3645 5655 3750 5711 ?Si

2103 5748 2264 5806 enim
2284 5745 2486 5803 Servili
2508 5749 2598 5802 est
2623 5749 2928 5818 Statumou
2954 5745 3134 5805 debet
3151 5745 3531 5803 annumerari
3556 5743 3750 5804 Domi-
