4118 6288
446 378 565 437 559
1810 370 2129 430 GEORGII
2173 370 2508 432 CEDHENI
3734 368 3860 430 560

435 527 552 566 no:
587 511 635 566 si
667 512 958 570 creatura.
1013 522 1134 561 non
1193 505 1372 560 debet
1411 520 1546 561 cum
1595 505 1868 561 Creatore
1929 505 2065 576 poni

2207 505 2638 580 συναριθμείσθω
2695 513 2774 581 τῷ
2830 510 3035 586 Κυρίῳ·
3092 508 3137 564 εἱ
3204 506 3441 577 κτιστὸν,
3499 507 3576 580 μή
3638 527 3860 582 συναρι-

434 603 604 657 Certe
625 607 826 656 autem
853 598 1056 654 unitus
1072 598 1124 652 ei
1149 603 1241 651 est
1262 596 1834 661 etannumeratur,si
1851 597 2072 668 quiden

2208 593 2447 664 θμείσθω
2523 601 2603 668 τῷ
2690 597 2908 673 κτίστῃ·
2997 595 3208 666 ἥνωται
3291 595 3396 668 γὰρ
3480 595 3568 650 καὶ
3631 594 3859 669 συνῃρί-

435 695 664 744 rectum
699 693 790 742 est
821 687 1054 742 Christo
1097 686 1308 740 harum
1368 685 1814 739 accuratissimo
1862 684 2090 739 doctori

439 777 620 832 ﬁdem
651 775 959 843 adhibere,
993 774 1244 828 tirmiter
1266 779 1323 827 et
1349 780 1689 828 constanter
1710 773 1966 828 divinam
1993 790 2088 828 na-

435 871 629 921 turam
645 863 1232 920 enarranti.Tametsi
1253 862 1962 934 Spiritusimpugnatores
1977 862 2089 917 sibi

439 972 510 1011 eo
532 955 927 1027 sapientiores
961 953 1252 1017 videntur,
1275 967 1594 1022 rerumque
1619 951 1731 1006 sibi
1760 952 2090 1007 cmlestium

438 1046 727 1116 majorem
761 1059 938 1114 quam
972 1042 1033 1096 in
1068 1043 1183 1096 Deo
1217 1040 1294 1096 sit
1341 1041 1738 1112 cognitionem
1791 1045 2087 1112 arrogant,

437 1134 563 1189 sive
593 1150 665 1188 ea
693 1132 890 1204 potius
924 1131 1243 1185 temeraria
1273 1135 1362 1184 est
1405 1135 1464 1184 et
1511 1129 1694 1200 impia
1745 1129 2085 1200 garrulitas.

436 1229 654 1294 Quodsi
685 1229 970 1284 Danielus
1001 1226 1211 1298 angelo
1243 1230 1559 1298 conspecto
1579 1224 2086 1296 pulchritudinem

437 1319 568 1390 ejus
600 1324 658 1372 et
690 1316 1161 1389 magnitudinem
1195 1315 1441 1370 miratus
1482 1330 1706 1385 pronus
1760 1314 1820 1368 in
1873 1314 2087 1368 faciem

434 1406 769 1480 procubuit.
804 1405 1091 1460 attonitus
1121 1404 1400 1459 inusitato
1427 1403 2085 1475 spectaculo,quidnam

433 1496 835 1552 excusationis
851 1497 1124 1556 atl‘erent,
1147 1495 1248 1564 qui
1272 1493 1555 1548 audacter
1575 1509 1634 1548 se
1665 1492 1999 1551 Patri,Filio
2017 1508 2086 1547 ac

432 1584 678 1656 Spiritui
711 1589 914 1638 sancto
947 1583 1243 1654 ingerunt,
1276 1580 1758 1650 ineﬂ'abilemque
1808 1587 2084 1635 naturam

431 1673 625 1728 verbis
644 1673 934 1727 trutinare
949 1677 1124 1742 atque
1141 1669 1439 1742 explicare
1453 1670 2083 1725 conantur?Caaterum

433 1779 615 1818 sacras
651 1762 879 1816 Litterae
914 1760 1196 1831 temporis
1229 1765 1555 1830 expertem,
1586 1766 1897 1826 aeternum,
1929 1759 2085 1814 514

2209 692 2436 756 θμηται,
2468 683 2658 754 ἐπειδὴ
2687 691 2770 760 τῷ
2798 681 3014 761 ἀκριϐεῖ
3043 691 3152 742 τῶν
3200 683 3464 739 τοιούτων
3513 681 3855 761 δογματιστῇ

2205 773 2422 847 Χριστῷ
2471 775 2747 839 πείθεσθαι
2803 779 3092 852 προσήκει,
3155 767 3390 849 βεϐαίως
3447 775 3536 828 καὶ
3595 771 3855 851 ἀσφαλῶς

2201 862 2269 916 τὰ
2299 862 2420 936 περῖ
2451 871 2551 933 τῆς
2593 865 2794 926 οἰκείας
2847 865 3030 926 οὐσίας
3093 861 3431 932 διδέσκοντι,
3486 863 3532 918 εἰ
3587 863 3678 917 καὶ
3735 869 3853 925 τοὶς

2201 953 2686 1029 πευματομάχοις
2717 953 2887 1025 δοκεῖ,
2929 952 3272 1030 σοφωτέρους
3327 953 3459 1007 εἶναι
3505 953 3593 1008 καὶ
3642 952 3707 1006 τα
3759 951 3850 1007 06-

2203 1041 2360 1114 ρανιᾶ
2391 1045 2560 1097 πλέον
2591 1041 2788 1098 εἷδέναι
2817 1041 2952 1100 Θεοῦ
2980 1043 3363 1116 κομπάζοντας
3392 1043 3426 1110 ἢ
3465 1040 3677 1114 μᾶλλον
3713 1040 3850 1096 τολ-

2205 1136 2396 1205 μηρῶς
2450 1153 2510 1187 τε
2563 1133 2653 1187 καὶ
2709 1128 2984 1197 δυσσεϐῶς
3069 1131 3484 1207 ῥητορεύοντας.
3549 1130 3608 1184 Ei.
3665 1130 3756 1184 οὗν
3817 1132 3846 1186 6

2201 1225 2344 1282 θεῖος
2379 1219 2582 1288 Δανιὴλ
2642 1221 2866 1296 ἃγγελον
2925 1221 3253 1292 θεασάμενος
3321 1219 3410 1273 καὶ
3464 1222 3744 1291 θαυμάσας
3783 1219 3846 1274 τὸ

2197 1307 2406 1371 καλλος
2444 1308 2533 1362 καὶ
2563 1309 2626 1364 τὸ
2659 1310 2883 1382 μέγεθος
2919 1313 3017 1364 τοῦ
3062 1308 3315 1384 ὀφθέντος
3368 1309 3580 1383 πρηνής
3635 1301 3841 1377 ἔπεσεν,

2198 1395 2486 1471 ἐκπλαγεὶς
2518 1398 2653 1472 πρὸς
2684 1398 2747 1452 τὸ
2788 1395 3088 1471 παράδοξον
3134 1403 3238 1465 τῆς
3287 1407 3429 1464 θεας,
3482 1395 3643 1451 ποίαν
3686 1393 3846 1466 ’ἐξου-

2198 1508 2279 1542 σιν
2312 1487 2620 1563 ἀπολογίαν
2653 1489 2703 1543 οἳ
2739 1487 2904 1561 Πατρὶ
2935 1489 3025 1542 καὶ
3079 1488 3187 1559 ι’ἱῷ
3237 1489 3328 1541 καὶ
3377 1486 3514 1562 ἁγίῳ
3569 1487 3843 1560 Πνεύματι

2200 1579 2493 1650 μεσιτεόειν
2521 1577 2841 1650 τολμῶντες
2866 1577 2956 1632 καὶ
2998 1579 3099 1645 τήν
3162 1576 3399 1653 ἃρῥητον
3443 1577 3598 1650 φύσιν
3651 1576 3844 1652 λόγοις

2196 1675 2542 1742 ζυγόστατεῖν
2589 1669 2992 1746 ἐπιχειροῦντες
3047 1671 3133 1724 καὶ
3186 1669 3686 1749 φυσιολσιγοῦντεςς
3733 1673 3845 1738 Τὴν

2191 1759 2374 1814 τοίνυν
2405 1758 2644 1840 ἄχρονον
2673 1764 2761 1815 καὶ
2794 1757 2966 1815 ἀίδιον
2997 1759 3085 1814 καὶ
3116 1760 3464 1831 ἃμεσίτευτον
3506 1761 3593 1815 καὶ
3645 1762 3844 1824 παντὸς

432 1851 600 1907 nullo
630 1851 824 1905 medio
842 1849 1260 1919 interceptum,
1285 1847 1568 1917 omnique
1590 1848 1820 1902 ratione
1844 1847 2072 1902 etintel-

2196 1845 2364 1923 λόγου
2396 1851 2483 1903 καὶ
2510 1847 2606 1904 νοῦ
2652 1850 2936 1923 κρείττονα
2983 1846 3218 1923 πρόοδον
3267 1851 3365 1902 τοῦ
3417 1849 3544 1903 1⁵ἱοῦ
3593 1850 3700 1904 ἀπὸ
3745 1853 3846 1904 τοῦ

431 1941 590 1996 lectu
621 1942 988 2010 superiorem
1023 1937 1152 1992 Filii
1184 1954 1218 1992 a
1247 1939 1420 1991 Patre
1446 1952 1823 2007 progressum
1853 1937 2081 2008 genitu-

431 2045 556 2084 ram
590 2033 819 2096 vucant,
853 2044 973 2082 non
994 2031 1061 2080 ut
1077 2025 1355 2082 accidens
1375 2024 1616 2095 aliquod
1636 2024 2079 2096 designent,sed

431 2125 498 2174 ut
523 2118 818 2174 unitatem
849 2122 1076 2171 natura:
1107 2115 1465 2185 exprimant.
1499 2115 1720 2168 Revera
1757 2113 1916 2168 enim
1947 2130 2078 2184 quae

429 2207 752 2281 gignuntur
781 2211 839 2260 et
865 2221 997 2276 quae
1027 2205 1294 2277 gignunt,
1328 2203 1597 2274 ejusdem
1629 2209 1769 2258 sunt
1815 2202 1973 2258 inter
2015 2219 2079 2258 se

429 2305 678 2353 naturai.
694 2299 777 2352 Ac
793 2302 944 2351 netu
967 2295 1244 2350 accidens
1271 2292 2080 2365 aliquodimagineris,Filius

430 2385 686 2441 Verbum
711 2401 818 2440 seu
838 2385 989 2439 ratio
1012 2383 1260 2450 dicitur;
1286 2399 1360 2437 ne
1384 2385 1553 2438 Patre
1575 2383 1966 2453 posteriorem
1979 2399 2082 2454 pu-

429 2483 611 2543 tares,
643 2476 932 2545 scriptum
962 2480 1092 2529 est:
1130 2495 1159 2524 «
1193 2475 1257 2529 In
1273 2473 1567 2545 principio
1595 2480 1715 2528 erat
1743 2474 2017 2529 Verbum.
2048 2495 2076 2524 ››

435 2565 688 2621 Additur
717 2571 1023 2636 respectus
1053 2563 1128 2618 ad
1159 2565 1394 2617 Patrem
1421 2579 1434 2616 :
1471 2586 1498 2612 ιι
1530 2563 1600 2617 Et
1649 2563 1902 2617 Verbum
1952 2568 2081 2618 erat

428 2654 586 2726 apud
609 2655 814 2708 Deum.
845 2674 873 2702 ››
897 2651 1222 2723 Snbjicitur
1243 2652 1534 2720 dignitas:
1568 2654 1638 2706 Et
1670 2651 1921 2706 Verbum
1953 2658 2080 2707 erat

430 2744 582 2798 Deus
610 2764 639 2792 »
659 2742 1016 2798 Vocabulum
1034 2741 1164 2796 Filii
1179 2740 2076 2809 consubstantialitatem;Verbi,

427 2835 778 2890 vacuitatem
797 2832 1248 2904 perpessionum
1277 2847 1290 2897 ;
1315 2832 1374 2885 in
1400 2831 2078 2902 principioi‘uisse,aater-

428 2923 677 2978 nitatem
709 2939 843 2978 cum
881 2925 1044 2976 Patre
1075 2921 1127 2976 ei
1161 2935 1538 2976 communem
1566 2937 1579 2986 ;
1640 2920 1796 2991 apud
1842 2922 2077 2975 Patrem

426 3014 631 3078 fuisse,
657 3010 1196 3074 necessitudinem;
1224 3011 1405 3065 Deum
1425 3009 1931 3081 esse,dignitatem
1949 3013 2078 3078 ejus

427 3103 672 3158 indicat.
706 3101 931 3166 Quibus
962 3100 1375 3165 consideratis,
1394 3115 1462 3154 ac
1483 3099 1555 3153 de
1587 3098 1834 3171 singulis
1859 3115 1926 3154 ea
1945 3116 2075 3169 quas

426 3208 548 3247 non
567 3191 1131 3258 conveniuntneque
1150 3188 1440 3244 decentan
1459 3187 1888 3254 olientes,utde
1902 3188 2070 3256 Filio,

425 3279 842 3350 posteriorem,
877 3278 948 3331 de
985 3277 1190 3335 Verbo.
1219 3277 1459 3347 propria
1481 3276 1811 3332 substantia
1841 3293 2070 3344 carens,

433 3369 516 3422 ita
545 3366 782 3438 quidem
816 3365 1029 3420 Filium
1061 3372 1350 3419 aeternum
1383 3366 1567 3419 Deum
1618 3363 1887 3435 ejusdem
1937 3381 2072 3420 cum

2195 1939 2403 2013 Ηατρὸς
2431 1939 2682 2012 γέννησιν
2734 1935 2994 1992 καλοῦσιν
3046 1937 3102 1991 αἱ
3151 1937 3355 2014 Γραφαέ
3392 1935 3499 2015 οὐχ
3535 1934 3627 1992 ’ίνα
3669 1939 3846 2000 πάθος

2197 2027 2609 2104 ὑπογράψωσιν,
2670 2025 2797 2082 ἀλλ’
2849 2024 2943 2080 ’ίνα
2997 2026 3060 2081 τὸ
3112 2027 3406 2098 ὁμοοόσιον
3465 2023 3842 2096 ὑποδείξωσιν·

2193 2114 2464 2186 ὁμοούσια
2491 2115 2592 2192 γὰρ
2622 2120 2702 2188 τῷ
2759 2113 2876 2170 ὄντι
2923 2117 2992 2170 τὰ
3037 2115 3330 2188 τικτόμενα
3385 2120 3500 2178 τοῖς
3539 2116 3841 2175 τίκτουσιν.

2190 2205 2308 2260 “Iv:
2364 2202 2422 2260 δὲ
2483 2206 2560 2277 μὴ
2619 2204 2910 2282 φαντασίαν
2972 2204 3182 2268 πάθους
3259 2203 3579 2279 ἐπικομίσῃ.
3661 2205 3843 2281 Λόγον

2192 2293 2709 2368 προσαγορεύουσιν.
2741 2294 2850 2350 Ἱνα
2895 2293 2972 2366 μή
3020 2295 3281 2368 νεώτερος
3339 2293 3626 2366 ἐπινοηθῇ,
3677 2318 3703 2347 ιι
3749 2298 3846 2352 Ἐν

2191 2382 2341 2458 ἀρχῇ
2373 2383 2440 2452 ἦν
2482 2384 2510 2437 6
2541 2383 2785 2458 Λόγος.»
2818 2381 2994 2460 φασίν.
3032 2383 3164 2439 Εἶτα
3191 2384 3282 2437 καὶ
3311 2383 3412 2452 τὴν
3445 2383 3580 2458 πρὸς
3609 2383 3705 2438 τὸν
3728 2389 3848 2439 Πα-

2191 2471 2318 2541 τέρα
2348 2472 2534 2550 σχέσιν
2565 2471 2945 2546 κηρύττοντες,
2978 2496 3005 2523 ‹‹
3043 2472 3145 2529 Kc?
3179 2472 3207 2526 6
3240 2471 3412 2546 Λόγος
3439 2471 3508 2540 ἦν
3568 2472 3705 2546 πρὸς
3748 2474 3846 2528 τὸν

2192 2561 2343 2618 Θεόν,
2381 2583 2409 2612 ››
2445 2561 2574 2615 εἶτα
2594 2560 2686 2615 καὶ
2714 2561 2814 2628 τήν
2843 2559 3016 2630 ἀξίαν,
3051 2585 3078 2612 ι(
3119 2561 3212 2614 Καὶ
3247 2560 3376 2620 Θεὸς
3404 2562 3470 2629 ἦν
3500 2561 3528 2614 6
3573 2560 3775 2638 Λόγος.
3811 2587 3844 2615 ››

2191 2649 2286 2706 Ἐκ
2320 2650 2416 2722 μὶν
2447 2653 2541 2704 τοῦ
2572 2650 2699 2703 Υἱοῦ
2727 2649 2789 2704 τὸ
2820 2651 3142 2721 ὁμοούσιον,
3196 2648 3256 2704 ἐκ
3302 2646 3360 2704 δὲ
3405 2653 3504 2705 τοῦ
3552 2650 3730 2726 Λόγου
3777 2650 3845 2705 τὸ

2190 2739 2411 2804 ἀπαθὲς,
2453 2740 2544 2794 καὶ
2575 2739 2634 2794 ἐκ
2667 2739 2760 2806 μὲν
2811 2743 2907 2794 τοῦ
2965 2737 3017 2792 ἐν
3061 2739 3209 2813 ἀρχῇ
3259 2741 3397 2794 εἶναι
3439 2739 3502 2794 τὸ
3545 2737 3840 2809 συναΐδιον,

2189 2825 2250 2883 ἐκ
2279 2825 2336 2881 δὲ
2363 2831 2460 2882 τοῦ
2490 2828 2625 2900 πρὸς
2651 2827 2742 2882 τὸν
2795 2827 3003 2900 Πατέρα
3047 2828 3176 2882 εῖναι
3215 2829 3314 2896 τήν
3368 2829 3503 2902 πρὸς
3553 2828 3708 2883 αὐτὸν
3747 2829 3837 2882 oi-

2189 2917 2465 2987 κειότητα,
2498 2913 2587 2971 διὰ
2629 2914 2684 2971 δί
2713 2920 2809 2971 τοῦ
2840 2916 2969 2971 Θεὸν
3002 2918 3135 2972 ε’ῗναι
3166 2918 3266 2984 τὴν
3298 2917 3450 2986 ἀξίαν
3482 2917 3642 2972 αὐτοῦ
3659 2936 3828 2970 κατα-

2193 3006 2587 3077 μαθόντες,καὶ
2631 3006 2682 3076 ἐξ
2732 3005 2957 3060 ἑκάστου
3008 3006 3278 3067 ὀνόματος
3327 3006 3390 3062 τὸ
3434 3007 3509 3079 μὴ
3557 3005 3828 3079 ἒφορμοῦν

2189 3095 2276 3150 καὶ
2309 3095 2542 3168 ἀπρεπὲς
2579 3094 3062 3168 ἀποπεμψάμενοι,
3094 3095 3206 3149 οἷον
3248 3095 3354 3150 ἀπὸ
3413 3096 3508 3166 μὲν
3557 3098 3653 3149 τοῦ
3702 3096 3836 3148 Υἱοῦ

2186 3183 2249 3238 τὸ
2279 3185 2562 3257 νεώτερον,
2596 3183 2701 3238 ἀπὸ
2742 3181 2800 3237 δὲ
2827 3188 2926 3238 τοῦ
2958 3184 3138 3260 Λόγου
3171 3183 3233 3238 τὸ
3262 3183 3655 3249 ἀνυπόστατον,
3703 3184 3832 3238 Θεὸν

2186 3271 2379 3340 ἀίδιον,
2413 3272 2708 3346 ὁμοοόσιον
2746 3272 2835 3328 καὶ
2869 3274 3062 3348 ἀγαθὸν
3096 3274 3184 3328 καὶ
3215 3273 3468 3349 ἀχρόνως
3502 3272 3563 3327 ἐκ
3590 3277 3688 3327 τοῦ
3724 3279 3833 3328 [Ια-

2181 3364 2307 3433 τρός
2337 3362 2675 3436 προελθόντα
2705 3360 2977 3434 εἰδείημεν
3010 3383 3068 3418 τε
3097 3362 3188 3417 καὶ
3221 3365 3720 3437 προσκυνήσαιμεν.

424 3459 594 3511 Patre
627 3453 997 3521 substantiae,
1029 3453 1274 3522 bonum,
1299 3461 1358 3507 et
1386 3454 1485 3524 qui
1520 3459 1686 3508 extra
1719 3459 1950 3524 tempus
1982 3471 2015 3509 a
2047 3455 2217 3509 Patre
2248 3470 2589 3526 progressus
2620 3455 2712 3512 sit.
2747 3469 3138 3525 agnoscamus
3169 3470 3237 3510 ac
3262 3454 3702 3510 venerabimur.

497 3547 726 3599 Mortuo
759 3542 1088 3597 Antiochia)
1120 3542 1396 3612 episcopo
1429 3541 1804 3596 sanctissimo
1867 3545 2074 3597 Eusta-

425 3633 548 3688 tbio
588 3631 900 3687 Flavianus
933 3647 1180 3702 magnus
1205 3630 1576 3701 subrogatur.
1603 3630 1678 3684 Iis
1707 3631 2071 3701 temporibus

423 3721 910 3777 Messalianorum
948 3719 1193 3773 haeresis
1243 3718 1484 3773 initium
1543 3718 1798 3783 habuit,
1856 3719 1956 3790 qui
2014 3724 2071 3774 et

419 3810 681 3864 Euchitaa
705 3826 738 3864 a
762 3808 1057 3880 precibus,
1087 3813 1143 3861 et
1168 3807 1240 3861 ab
1270 3807 1555 3862 instinctu
1576 3807 1840 3862 numinis
1854 3809 2072 3863 Euthu-

419 3899 634 3964 siastas,
664 3915 731 3953 ac
783 3906 1071 3970 praeterea
1125 3896 1488 3967 Lampetiani
1547 3903 1722 3966 atque
1783 3898 2068 3970 Bogomili

421 3987 832 4042 nominantur.
865 3986 1172 4057 Principes
1205 3994 1380 4040 secta:
1430 3985 1671 4041 fuerunt
1719 3985 2064 4057 Adelphius,

419 4077 638 4144 Dadoa,
672 4075 822 4131 Saba
851 4082 909 4130 et
937 4077 1196 4131 Simeon.
1260 4076 1336 4128 De
1384 4075 1493 4129 hac
1549 4080 1711 4129 secta
1755 4076 2068 4130 Flavianus

417 4167 636 4222 multos
670 4167 820 4222 515
856 4165 1177 4220 monachos
1211 4164 1612 4235 congregavit;
1646 4180 1899 4235 cumque
1935 4165 1970 4218 ii
2005 4181 2067 4220 se

418 4257 477 4314 in
503 4273 570 4312 ea
593 4273 720 4311 esse
746 4255 954 4310 haeresi
989 4260 1297 4324 negarent,
1321 4255 1401 4308 ita
1422 4270 1522 4308 eos
1545 4254 1825 4325 coarguit.
1857 4256 2067 4319 Quem-

417 4345 551 4402 dam
583 4345 780 4417 magni
815 4345 1150 4414 interipsos
1182 4342 1441 4396 nominis
1469 4359 1673 4397 senem
1697 4345 1945 4397 seorsiin
1969 4345 2066 4397 ab-

425 4436 659 4490 ductum
689 4439 880 4488 astute
914 4433 998 4486 sic
1037 4431 1415 4499 compellavit
1447 4446 1458 4484 :
1492 4432 1628 4497 Nos,
1662 4449 1694 4485 ο
1728 4448 1929 4500 senex,
1963 4434 2062 4503 qui

417 4525 640 4580 diutius
704 4524 973 4578 viximus.
1060 4522 1394 4576 accuratius
1482 4523 1659 4576 etiam
1738 4523 2061 4578 humanam

2255 3543 2333 3615 [P.
2370 3543 2496 3615 294]
2537 3541 2687 3598 Μετὰ
2737 3541 2962 3604 θάνατον
3027 3541 3324 3604 Βόσταθίου
3377 3544 3474 3596 τοῦ
3523 3542 3834 3618 ἀγιωτάτου

2180 3629 2478 3686 ἐπισκόπου
2537 3629 2876 3708 Ἀντιοχείας
2933 3625 3246 3692 Φλαειανὸς
3298 3631 3327 3685 6
3379 3629 3550 3704 μέγας
3597 3650 3834 3705 προγει-

2180 3719 2400 3793 ρίζετκι.
2461 3718 2688 3780 Τούτοις
2739 3723 2856 3779 τοῖς
2934 3720 3159 3793 χρόνοις
3214 3718 3416 3795 ἀνεφύη
3477 3718 3568 3774 καὶ
3626 3722 3662 3787 ἡ
3721 3724 3831 3774 τῶν

2180 3809 2540 3861 Μασαλιανῶν
2573 3805 2777 3879 α’ίρεσις
2828 3806 2924 3862 εἴτ’
2980 3807 3073 3861 οὗν
3135 3809 3390 3882 Εὐχιτῶν
3451 3808 3540 3862 καὶ
3600 3809 3826 3871 Ἐνθου-

2180 3900 2410 3949 σιαστῶν
2441 3895 2530 3949 καὶ
2564 3900 2959 3968 Λαμπετιανῶν
2991 3896 3076 3950 καὶ
3131 3895 3462 3972 Βογομίλων
3513 3894 3826 3968 (πολυώνυ-

2181 4005 2281 4057 μος
2313 3985 2414 4058 γάρ
2446 3985 2584 4039 ἑστιν
2613 3986 2773 4057 αὕτη)
2833 3985 2940 4040 ἀπὸ
2993 3984 3282 4062 Ἀδελφιοῠ
3339 3985 3428 4040 καὶ
3487 3983 3682 4054 Δαδώη
3734 3987 3826 4040 καὶ

2177 4069 2324 4129 Σάϐα
2365 4074 2454 4129 καὶ
2514 4079 2803 4147 Συμεῶνος
2861 4079 2970 4130 τῶν
3032 4076 3398 4153 αἱρεσιαρχῶν
3480 4077 3604 4151 Ἀφ’
3663 4077 3736 4130 ὧν
3795 4076 3826 4130 ὁ

2179 4165 2345 4240 μέγας
2403 4159 2713 4226 Φλαϐιανὸς
2798 4163 3072 4239 μοναχοῦς
3138 4164 3492 4236 συναθροίσας
3550 4163 3823 4233 πολλοὺς,

2174 4253 2263 4306 καὶ
2324 4254 2423 4320 τὴν
2477 4250 2678 4327 α’ίρεσιν
2753 4252 3170 4327 ἐξαρνουμένους
3242 4251 3400 4309 τόνδε
3472 4253 3565 4308 τὸν
3622 4256 3823 4328 τρόπον

2175 4338 2477 4416 διήλεγξεν.
2513 4342 2818 4413 Ἐπίσημον
2860 4342 2964 4419 γάρ
3018 4364 3139 4398 τινα
3183 4349 3310 4416 παρ’
3355 4344 3540 4403 αὐτοῖς
3591 4344 3824 4416 γέροντα

2172 4425 2509 4498 παραλαϐὼν
2537 4433 2653 4485 κατ’
2690 4427 2828 4484 ἶδίαν
2859 4427 2960 4507 ἔφη
3013 4430 3148 4504 πρὸς
3194 4430 3352 4485 αὐτὸν
3400 4432 3535 4503 μετὰ
3581 4451 3820 4504 πανουρ-

2791 4520 2818 4537 ν

2171 4519 2316 4592 γίας·
2349 4520 2540 4592 Ἡμεῖς
2604 4519 2721 4592 μὲν,
2781 4520 2827 4573 ὦ
2877 4515 3172 4594 πρεσϐῦτα,
3235 4521 3329 4574 τὸν
3381 4519 3560 4575 πλείω
3619 4514 3814 4594 βεϐιω-

414 4613 795 4686 cognovimus
827 4617 1125 4675 naturam,
1150 4617 1208 4664 et
1228 4611 1699 4665 adversariorum
1725 4611 2058 4667 daemonum

2185 4607 2324 4667 ιότες
2374 4608 2490 4682 βίον
2546 4603 2925 4682 ἀκριϐέστερον
2986 4609 3076 4662 καὶ
3133 4609 3232 4676 τήν
3291 4609 3627 4682 ἀνθρωπείαν
3676 4605 3806 4677 ἐμά·

417 4701 725 4760 machinas
759 4700 1042 4772 praaclare
1069 4699 1467 4770 comperimus
1496 4716 1508 4752 :
1544 4706 1665 4753 tum
1698 4701 2064 4771 experientia

414 4791 731 4846 didicimus
753 4789 1004 4863 gratiam
1033 4788 1286 4859 Spiritus
1310 4787 1695 4858 suppeditari.
1724 4789 1825 4843 lsti
1861 4797 2058 4846 autem

411 4880 820 4937 adolescentes
852 4878 997 4932 nihil
1031 4878 1244 4932 horum
1273 4877 1530 4948 perfecte
1553 4877 1838 4932 habentes
1860 4883 2056 4953 cogni—

412 4975 535 5026 tum
591 4969 768 5042 paulo
827 4967 1260 5038 spiritualiores
1319 4981 1624 5020 sermones
1675 4967 1880 5023 audire
1939 4987 2060 5026 non

409 5059 727 5116 sustinent.
754 5057 1026 5112 Edissere
1047 5072 1183 5127 ergo
1207 5055 1374 5117 mihi,
1405 5055 1702 5125 quomodo
1737 5056 1934 5113 dicitis
1955 5059 2063 5114 ad-

407 5165 638 5204 versum
655 5147 924 5218 spiritum
939 5151 1083 5200 vesti
1101 5146 1148 5200 is
1163 5144 1317 5216 preci
1329 5144 1434 5198 bus
1447 5150 1623 5215 atque
1639 5147 2058 5206 exercitatione

406 5236 628 5309 depelli
661 5236 972 5305 sanctique
1008 5234 1257 5306 Spiritus
1289 5233 1537 5303 gratiam
1572 5233 1912 5292 introduci?
1959 5239 2057 5294 His

405 5335 599 5389 verbis
633 5351 808 5390 senex
839 5333 1148 5388 demulsus
1178 5331 1476 5386 occultum
1508 5348 1575 5385 ac
1596 5333 1812 5388 animis
1842 5334 2054 5394 lethale

404 5438 698 5477 venenum
730 5437 905 5477 omne
942 5421 1203 5477 evomuit
1229 5420 1747 5490 Nullam,inquit,a
1763 5422 2053 5495 baptismo

403 5510 722 5566 utilitatem
756 5525 1074 5565 censemus
1115 5507 1370 5563 conferri
1401 5524 1413 5561 :
1448 5509 1634 5563 solam
1669 5511 1882 5566 seriam
1917 5531 2052 5585 pre-

404 5600 701 5655 cationem
735 5598 927 5652 facere
950 5597 1023 5652 ad
1046 5597 1377 5651 daemonem
1406 5597 1507 5665 qui
1539 5598 1597 5650 in
1627 5597 1865 5654 homine
1890 5603 2050 5660 inha-

403 5688 552 5746 bitat
579 5701 830 5760 qjusque
853 5684 1204 5742 substantia
1253 5684 1459 5740 unitus
1503 5691 1613 5755 est,
1665 5685 2048 5760 abigendum.

2172 4698 2336 4770 θομεν
2371 4697 2526 4770 φύσιν
2570 4697 2661 4752 καὶ
2703 4699 2768 4751 τὰ
2796 4702 2902 4752 τῶν
2950 4698 3266 4753 ἀντιπάλων
3317 4695 3592 4771 δαιμόνων
3640 4690 3804 4772 ἔγνω-

2172 4807 2266 4857 μεν
2301 4787 2358 4841 εὗ
2419 4786 2568 4858 μάλα
2629 4790 3030 4862 μηχανήματα,
3093 4788 3251 4863 πείρᾳ
3310 4784 3367 4843 δὶ
3421 4788 3511 4843 καὶ
3563 4788 3662 4854 τήν
3711 4791 3814 4854 τῆς

2172 4875 2399 4949 χάριτος
2432 4873 2799 4950 εδιδάχθημεν
2834 4877 3122 4955 χορηγίαν.
3169 4875 3335 4931 οὗτοι
3385 4873 3444 4931 δὶ
3489 4875 3601 4932 νέοι
3645 4875 3817 4941 ὄντες,

2168 4975 2258 5029 καὶ
2313 4973 2520 5028 τούτων
2579 4970 2821 5048 ἀκριϐῶς
2882 4973 3034 5030 οὐδεν
3087 4973 3459 5048 ἐπιστάμενοι,
3517 4993 3817 5045 πνευματι-

2167 5061 2419 5134 κωτέρων
2454 5061 2636 5136 λόγων
2675 5065 2898 5119 ἀκοῦσαι
2956 5062 3020 5119 οὺ
3077 5064 3349 5139 φέρουσιν.
3409 5065 3644 5132 Οὔκουν,
3701 5057 3821 5116 εἶπέ

2171 5174 2287 5226 μοι,
2320 5157 2438 5212 πῶς
2492 5173 2624 5230 gnate
2677 5153 2767 5208 καὶ
2832 5154 2893 5209 τὸ
2942 5153 3179 5209 ἐναντίον
3235 5158 3446 5225 πνεῦμα
3506 5153 3819 5231 ὑποχωρεῖν

2166 5242 2255 5296 καὶ
2312 5245 2409 5296 τοῦ
2464 5241 2727 5316 παναγίου
2789 5243 3098 5314 ΙΙνεῦματος
3156 5244 3256 5310 τήν
3311 5246 3473 5318 χάειν
3532 5241 3814 5318 ἐπιφοιτᾷν

2166 5329 2254 5385 διὰ
2293 5337 2390 5398 τῆς
2459 5331 2720 5406 ὑμετέρας
2763 5330 2932 5407 εὐχῆς
2988 5332 3076 5386 καῖ
3137 5329 3577 5401 inanes-305w“
3637 5330 3701 5385 Ὀ
3759 5325 3818 5382 δὲ

2161 5433 2279 5489 τοῖς
2331 5427 2524 5502 λόγοις
2584 5428 2800 5491 τούτοις
2842 5427 3242 5504 καταθελχθεὶς
3291 5427 3546 5500 ἐξήμεσεν
3605 5425 3815 5482 ἅπαντα

2161 5518 2251 5571 τὸν
2311 5517 2688 5590 κεκρυμμένον
2739 5518 2819 5573 ἰὸν
2875 5518 2966 5573 καὶ
3023 5519 3402 5593 ψυχοιρθόρον,
3477 5515 3565 5572 καί
3625 5532 3813 5594 φησιν·

2160 5603 2431 5678 Οὐδεμίαν
2479 5607 2574 5678 μὲν
2620 5606 2680 5662 ἐκ
2735 5610 2833 5662 τοῦ
2897 5606 3270 5681 βαπτίσματος
3329 5604 3482 5678 ἴσμεν
3542 5604 3812 5680 ὠφέλειαν

2158 5699 2274 5756 τοῖς
2305 5694 2650 5770 ἀξιουμένοις
2679 5696 2996 5774 ἐγγίνεσθαι,
3039 5696 3212 5771 μόνην
3264 5693 3336 5754 δὲ
3366 5697 3468 5767 τήν
3517 5690 3819 5752 σπουδαίαν
