4118 6276
303 357 435 418 561
1502 364 2041 429 HISTORIARUM
2089 363 2629 430 COMPENDIUM.
3653 370 3772 429 562

324 490 510 572 907;?”
561 493 664 550 τὸν
730 497 940 552 ἕνοικον
994 497 1085 552 καί
1140 499 1579 571 συνουσιωμὲνον
1637 496 1865 567 δαίμονα
1923 495 1972 566 ἐξ

2118 499 2347 554 Etenim
2369 501 2558 572 quivis
2583 501 2760 556 homo
2793 518 2825 556 a
2867 502 3246 573 progenitore
3277 507 3345 557 ut
3365 506 3660 571 naturam,
3695 501 3775 558 ita

330 584 617 645 ελα·5νειν,
683 587 879 643 Ἕλκει
937 588 1040 665 γὰρ
1097 585 1321 644 ἕκαστον
1380 595 1490 643 τῶν
1556 590 1894 660 τικτομένων
1955 587 1984 641 ἐπ

2119 594 2176 641 et
2195 588 2534 645 daemonum
2555 590 2893 645 servitutem
2913 590 3094 646 trahit
3119 609 3131 658 ;
3157 591 3373 662 quibus
3397 591 3770 646 daemonibus

343 679 448 730 τοῦ
477 675 839 750 προπάτορος
871 675 1050 748 ὥσπερ
1089 684 1188 744 την
1238 678 1418 757 piem,
1467 677 1611 732 οὕτω
1666 674 1733 745 δὴ
1773 676 1862 730 καί
1911 677 1977 742 τὴ

2117 678 2300 748 proba
2332 681 2668 750 precatione
2703 680 3052 751 proﬂigatis,
3089 686 3212 735 tum
3247 687 3487 736 sanctus
3546 681 3772 753 ingruit

346 771 457 821 τῶν
488 762 775 839 δαιμονων
824 762 1098 836 δουλείαν,
1139 767 1213 821 ὤν
1265 767 1368 822 ὑπὸ
1415 774 1514 836 τῆς
1574 764 1870 827 σπουδαίας
1922 765 1978 819 εὖ

2117 766 2386 835 Spiritus,
2423 769 2505 823 ita
2535 768 2776 838 quidem
2809 775 2875 823 ut
2905 775 2962 823 et
2991 768 3172 823 videri
3205 769 3304 824 ille
3325 774 3384 823 et
3406 768 3611 824 sentiri
3637 785 3773 838 pos-

350 862 462 930 χῆε
493 854 878 926 ἐλαυνομένων
937 855 1190 936 ἐπιφοιτᾷ
1237 854 1432 911 λοιπὸν
1477 867 1542 911 το
1595 857 1744 930 ἅγιον
1795 858 1984 926 Ῐινεῦμε

2114 856 2359 912 εἱιΝιιπι
2391 860 2875 915 manifestissime
2906 860 3224 914 adventum
3261 875 3433 915 suum
3468 858 3768 922 indicans,

351 947 564 1019 ὁρατῶς
627 946 719 999 καὶ
778 943 1071 1015 αἰσθητῶς,
1137 945 1229 1000 καὶ
1287 947 1388 1014 τήν
1454 945 1652 1000 οἰκείαν
1713 943 1984 1016 παρουσία

2113 962 2327 1017 corpus
2354 956 2514 1002 motu
2539 949 2638 1019 qui
2664 949 2737 1004 ab
2759 949 2943 1004 animi
2965 947 3509 1021 perturbationibus
3533 947 3766 1019 proﬁci-

344 1036 704 1111 ςανερώτατα
735 1041 1027 1105 σημαῖνον,
1085 1033 1148 1090 τὸ
1211 1035 1306 1107 μὲν
1368 1039 1527 1108 σῶμα
1575 1041 1676 1103 τῆς
1735 1033 1979 1105 ἐμπαθοῦ

2113 1035 2298 1090 scitur
2327 1053 2570 1107 prorsus
2601 1037 2834 1103 liberat,
2857 1038 3071 1093 animas
3093 1041 3292 1092 autem
3305 1043 3674 1091 momentum
3691 1036 3767 1093 ad

340 1124 622 1192 κινήσεως
657 1120 1365 1197 ἐλευθεροῦταιπαντελῶς,
1397 1127 1432 1193 ἡ
1467 1121 1524 1178 δὲ
1573 1125 1726 1198 ψυχὴ
1773 1131 1874 1192 τῆς
1919 1121 1984 1177 ἐπ

2113 1124 2406 1180 deteriora
2429 1143 2604 1181 omne
2625 1127 2850 1182 eximit.
2873 1132 2936 1181 ut
2961 1144 3135 1198 porro
3158 1124 3591 1196 nequejejunio
3615 1142 3768 1196 opus

337 1213 406 1267 τὰ
474 1212 652 1287 χείρω
710 1213 886 1287 ῥοπῆς
934 1213 1120 1268 τέλεον
1187 1211 1615 1282 ἀπαλλάττεται,
1675 1211 1750 1273 ὡς
1811 1210 1984 1285 μηκέτ

2115 1214 2191 1267 sit
2223 1231 2338 1283 quo
2369 1232 2580 1286 corpus
2613 1217 2940 1288 subigatur,
2975 1232 3170 1286 neque
3202 1215 3474 1270 doctrina
3505 1215 3764 1269 animam

337 1299 551 1355 δεῖσθαι
610 1299 807 1355 λοιπὸν
867 1303 1006 1372 μήτε
1063 1303 1315 1370 νηστείας
1374 1301 1670 1371 πιεζοοόσης
1727 1301 1790 1354 τὸ
1849 1305 1984 1374 σῶμι

2111 1301 2383 1357 frenante
2415 1311 2798 1374 mentemque
2830 1305 2902 1359 ab
2936 1306 3098 1359 omni
3133 1304 3292 1360 mala
3317 1304 3552 1359 actione
3583 1319 3651 1358 ac
3671 1319 3766 1358 co-

337 1393 490 1464 μήτε
545 1387 905 1454 διδασκαλίας
960 1389 1303 1466 χαλινούσης
1359 1392 1461 1458 τήν
1518 1391 1706 1468 ψυχήν
1765 1391 1852 1444 καὶ
1912 1389 1984 1443 τὸε

2111 1391 2394 1463 gitatione
2427 1393 2757 1448 inhibente.
2789 1395 2992 1464 Neque
3025 1411 3161 1450 vero
3217 1394 3372 1450 516
3424 1393 3600 1448 homo
3632 1391 3759 1446 ani-

334 1482 466 1533 νοῦν
533 1479 645 1534 ἀπὸ
700 1479 878 1545 πάσης
937 1478 1211 1556 ἐνεγεγείας
1293 1484 1537 1553 πονηρᾶς
1623 1480 1711 1533 καὶ
1771 1477 1984 1549 ἐνθυμή·

2109 1480 2190 1534 mi
2225 1481 2398 1536 modo
2431 1487 2490 1536 et
2519 1483 2783 1553 corporis
2809 1483 3055 1537 solvitur
3079 1482 3440 1554 turpissimis
3455 1481 3761 1537 affectibus

343 1590 508 1631 σειυς.
543 1567 622 1626 Οὐ
657 1569 825 1642 μόνον
855 1565 912 1624 δέ
936 1573 1045 1624 τῶν
1086 1576 1187 1638 τῆς
1243 1573 1430 1644 ψυχῆς
1467 1569 1558 1623 καί
1606 1574 1704 1624 τοῦ
1754 1568 1984 1640 σώματος

2107 1575 2285 1640 etque
2318 1571 2666 1641 petutantia.
2704 1571 2805 1626 sed
2838 1579 2896 1627 et
2920 1572 3117 1627 futura
3137 1571 3448 1642 perspicue
3469 1569 3758 1642 praedicit,

343 1659 372 1713 ὁ
403 1662 662 1722 τοιοῦτος
690 1658 1088 1713 ἀπακΑάττεται
1122 1658 1420 1733 αἰσχίστων
1469 1661 1654 1712 παθῶν
1707 1657 1797 1713 καί
1851 1677 1984 1732 σκιρη

2111 1661 2731 1715 sanctamTrinitatem
2758 1662 2947 1716 oculis
2980 1661 3103 1716 suis
3136 1661 3352 1729 cernit,
3383 1677 3584 1720 rerum
3617 1659 3762 1714 divi-

341 1768 412 1817 τη
426 1749 638 1821 μάτων,
670 1744 818 1801 ἀλλά
846 1747 938 1801 καί
971 1747 1038 1802 τά
1073 1746 1348 1818 μέλλοντα
1380 1751 1564 1825 σαφῶς
1591 1745 1857 1824 προλέγει
1912 1767 1980 1800 κα

2109 1765 2321 1803 narum
2355 1751 2692 1818 cognitione
2724 1756 2784 1805 et
2805 1767 3107 1805 sacrorum
3132 1750 3550 1821 mysterierum
3577 1748 3764 1804 dona-

337 1839 446 1908 τήν
481 1837 641 1912 άγίαν
694 1834 898 1906 Γριάδα
947 1835 1391 1912 ὀφθαλμοφανῶς
1444 1843 1640 1911 θεωρεῖ
1680 1836 1768 1892 καί
1812 1836 1972 1901 θεολο

2111 1843 2223 1891 tur.
2239 1837 2550 1892 Flavianus
2571 1855 2708 1894 vero
2729 1855 2862 1893 cum
2889 1838 2999 1894 hoc
3019 1844 3189 1910 pacto
3209 1837 3563 1894 diabolicam
3586 1838 3763 1893 istam

338 1927 468 2002 γίας
511 1926 604 1982 καί
653 1927 810 1982 θείων
876 1927 1188 2002 μυστηρίων
1249 1927 1509 1997 ἀξιοῦται.
1571 1926 1760 1988 Οὕτως
1793 1927 1820 1980 ὁ
1853 1932 1994 1990 θεῖος

333 2011 654 2080 ψλαϐιανὸς
708 2017 810 2083 την
868 2013 1212 2090 δαιμονιώδη
1285 2013 1489 2090 α’ίρεσιν
1571 2015 1826 2089 ἀνορύξας
1890 2010 1992 2092 ἔφη

328 2107 475 2182 πρὸς
511 2106 604 2161 τὸν
639 2100 1061 2160 δυσσεϐέστατον
1115 2106 1364 2180 γέροντα·
1423 2103 1851 2178 Πεπαλαιωμένε
1898 2124 1993 2158 κα-

330 2201 446 2252 κῶν
481 2199 730 2270 ἡμερῶν,
791 2194 991 2272 ἤλεγξὲ
1029 2215 1087 2250 σε
1143 2195 1206 2250 τὸ
1263 2196 1355 2251 σὸν
1410 2196 1750 2270 μιαρώτατον
1795 2195 1990 2268 στόμα,

329 2287 424 2341 καὶ
462 2285 568 2340 οὐκ
596 2284 722 2360 ἐγὼ,
772 2284 864 2340 καί
917 2285 984 2338 τὰ
1026 2284 1092 2338 σα
1139 2281 1524 2364 διεφθαρμένα,
1580 2284 1670 2339 καὶ
1721 2285 1992 2357 ἀκάθαρτα

330 2373 504 2451 χείλη
569 2373 1050 2449 καταμαρτυροῦσι
1110 2395 1226 2430 σου.
1315 2372 1728 2449 Φανερωθείσης
1783 2371 1840 2429 δὶ
1891 2378 1993 2440 τῆς

335 2470 639 2531 σατανικῆς
665 2463 754 2518 καί
816 2460 1088 2538 βδελυρᾶς
1145 2463 1360 2533 ἀπάτης
1405 2463 1495 2517 καὶ
1544 2463 1800 2538 αἰρέσεως
1856 2463 1991 2518 ταύ-

327 2575 462 2625 της,
493 2560 596 2624 τῆς
632 2553 729 2624 μὶν
763 2551 962 2622 Συρίας
991 2551 1354 2622 ἐξηλάθησαν,
1385 2551 1461 2615 εἷς
1513 2549 1570 2607 δὲ
1605 2553 1705 2621 τῆν
1761 2555 1992 2630 Παμφυ-

329 2643 462 2700 λίαν
497 2642 860 2721 ἀνεχώρησαν
887 2642 977 2696 καὶ
1007 2640 1208 2711 ταῦτην
1236 2647 1336 2710 τῆς
1396 2636 1585 2711 Λώϐης
1636 2639 1986 2717 ἐπλήρωσαν,

321 2735 416 2788 νῦν
447 2729 508 2787 δὲ
539 2728 740 2804 σχεδὸν
775 2730 943 2786 εἰπεῖν
970 2731 1061 2784 καὶ
1090 2732 1192 2800 τήν
1225 2729 1454 2785 πλείονα
1485 2727 1656 2785 δόσινο

394 2823 483 2894 [Ρ.
519 2822 650 2894 295]
683 2822 778 2892 Τῷ
818 2821 900 2874 κα¹
947 2817 1052 2874 ἔτει
1107 2825 1208 2889 τῆς
1257 2819 1539 2895 βασιλείας
1587 2823 1685 2875 τοῦ
1746 2818 1986 2894 μεγάλου

322 2909 748 2967 Κωνσταντίνου
806 2905 1170 2963 διαϐάλλουσι
1260 2912 1530 2984 Σαπώρην
1609 2910 1701 2965 τὸν
1759 2909 1987 2984 βασιλέα

324 3003 558 3070 Περσῶν
600 2997 738 3053 κατά
795 3003 1164 3072 Χριστιανῶν,
1209 2997 1300 3052 καὶ
1357 2997 1556 3075 γίνεται
1614 2995 1862 3074 διωγμὸς
1911 3002 1986 3063 ὡς

328 3088 563 3149 πλείους
590 3091 700 3142 τῶν
754 3084 1030 3142 δεκαοκτὼ
1087 3083 1360 3160 χιλιάδων
1424 3087 1514 3142 ὑπ’
1562 3086 1723 3142 αὐτοῦ
1773 3088 1984 3164 ἀναιρε-

335 3177 513 3244 θῆναι.
543 3177 606 3232 Ἥ
641 3173 698 3230 δὲ
739 3175 888 3231 αἰτία
933 3183 1034 3244 τῆς
1089 3173 1392 3238 διαλύσεως
1452 3182 1553 3245 τῆς
1604 3177 1796 3250 μεταξὺ
1845 3179 1984 3234 Ῥω-

2109 1925 2363 1982 hmresin
2395 1927 2666 1993 eruisset,
2694 1928 2777 1983 ita
2811 1936 2898 1983 est
2929 1929 3351 1999 impiissimum
3378 1943 3582 1982 senem
3615 1925 3760 1981 allo-

2107 2021 2316 2071 cutus:
2350 2016 2624 2072 Confecte
2656 2017 2832 2072 malis
2853 2016 3082 2082 diebus,
3111 2016 3306 2089 arguit
3338 2023 3392 2072 te
3421 2013 3756 2087 impurissi-

2107 2121 2268 2160 mum
2287 2123 2351 2160 os
2377 2111 2564 2170 tuum,
2592 2123 2714 2161 non
2742 2124 2841 2179 sgo
2867 2107 2895 2162 ‘1
2920 2106 3446 2178 testimoniumque
3472 2106 3755 2162 adversus

2107 2200 2162 2250 te
2195 2195 2460 2251 tulerunt
2489 2197 2719 2268 perdita
2751 2204 2851 2253 tua
2880 2203 2940 2252 et
2983 2197 3292 2253 immunda
3344 2197 3519 2251 labia.
3570 2198 3752 2252 Porro

2104 2283 2396 2339 diabolica
2414 2285 2517 2340 illa
2530 2287 2739 2341 hazresi
2753 2285 2985 2342 detecta
3007 2286 3378 2355 scelestoque
3393 2284 3751 2355 errore,ejus

2104 2374 2470 2446 professores
2485 2375 2650 2445 Syria
2673 2376 2900 2446 expulsi
2915 2376 2976 2430 in
2990 2375 3398 2447 Pamphyliam
3417 2374 3750 2440 abiverunt,

2105 2480 2353 2534 eamque
2387 2464 2481 2519 lue
2515 2465 2628 2520 ista
2657 2465 3073 2537 impleverunt,
3107 2482 3238 2536 quin
3271 2481 3429 2520 nunc
3463 2462 3751 2534 majorem

2102 2570 2340 2626 quoque
2373 2553 2710 2611 Occidentis
2739 2562 2970 2626 partem
3001 2554 3330 2628 occupavit.

2164 2823 2403 2878 Annum
2433 2823 2782 2878 vicesimum
2816 2823 3074 2895 primum
3105 2824 3436 2895 imperante
3459 2824 3747 2880 Constan-

2096 2911 2244 2980 tino,
2277 2913 2524 2983 Sapores
2547 2914 2860 2967 Persarum
2880 2928 3004 2977 rex,
3022 2911 3337 2968 calumniis
3356 2918 3564 2968 contra
3588 2912 3747 2968 Chri-

2097 3000 2318 3056 stianos
2350 3006 2753 3072 exasperatus,
2784 3001 3044 3073 gravitur
3068 3018 3170 3056 eos
3195 3007 3546 3072 persecutus
3568 3006 3744 3073 est,et

2095 3107 2274 3160 supra
2308 3091 2373 3144 t8
2404 3090 2592 3145 millia
2624 3107 2826 3145 eorum
2851 3090 3167 3146 interfecit.
3191 3091 3377 3146 Causa
3397 3092 3560 3162 pacis
3580 3090 3740 3146 inter

2092 3180 2389 3234 Romanos
2411 3186 2468 3234 et
2489 3181 2696 3234 Persas
2722 3186 2910 3250 ruptae
2923 3179 3050 3236 haac
3067 3179 3203 3234 fuit:
3225 3179 3735 3250 Metrodorusqui-

342 3229 518 3340 μαίων
571 3267 659 3321 καί
720 3271 940 3338 Περσῶν
991 3229 1297 3342 γενομένης
1367 3229 1614 3338 εἰρήνηςι
1667 3229 1857 3344 γέγονε
1911 3267 1982 3325 δι’

2099 3229 2237 3323 ξιᾹῶ
2247 3229 2436 3323 ῐᾶἐὲέεζ
2448 3229 2560 3323 sub
2571 3229 3738 3340 ῥ’νξιὲέἷιὶῖυἶιῆᾇέςῖρᾗαᾘξιῖίὶιῖῌιιῖξιὶἒαέε

336 3355 522 3410 αἰτίαν
551 3356 818 3427 τοιαύτην·
866 3353 1241 3426 Μητρόδωρός
1287 3377 1371 3418 τις
1429 3358 1764 3430 Περσογενὴς
1814 3380 1982 3432 προσο

334 3443 696 3514 ποιησάμενος
755 3441 1078 3520 φιλοσοφεῖν
1122 3443 1368 3514 ἀπῆλθεν
1401 3442 1454 3499 ἐν
1505 3441 1668 3516 Ἰνδίᾳ
1717 3448 1808 3501 καὶ
1856 3447 1986 3513 τοὺς

324 3534 683 3608 Βραχμᾶνας,
718 3533 811 3588 καί
861 3533 1216 3608 χρησάμενος
1260 3532 1544 3607 ἐγκρατείᾳ
1590 3534 1779 3600 πολλῆ
1821 3537 1983 3611 γέγο-

325 3643 410 3677 νεν
443 3623 632 3683 αὐτοῖς
685 3617 963 3684 σεϐαστός.
1035 3621 1334 3698 Είργαζετο
1394 3619 1451 3676 δὲ
1500 3619 1843 3697 ὑδρομύλους
1893 3627 1984 3682 καὶ

328 3709 558 3785 λοετρὰ,
613 3714 778 3786 μέχρι
835 3711 960 3766 τότε
1024 3711 1100 3784 μή
1158 3711 1534 3786 γνωριζόμενα
1590 3715 1719 3788 παρ’
1775 3713 1982 3779 αὐτοῖς.

325 3799 506 3864 Οὗτος
541 3801 596 3856 ἐν
627 3807 743 3863 τοῖς
772 3799 990 3863 ἀδύτοις
1036 3801 1110 3862 ὡς
1165 3796 1410 3868 εὐσεϐὴς,
1439 3801 1622 3856 εἰσιὼν
1672 3801 1859 3867 λίθοῦς
1900 3827 1982 3861 τι-

324 3889 490 3964 μίους
520 3893 611 3945 καί
651 3889 992 3968 μαργαρίτας
1041 3889 1288 3952 πολλοὺς
1344 3890 1616 3970 ὑφείλετο.
1675 3889 1880 3950 ’Έλαϐε
1929 3893 1985 3950 δὶ

397 3981 416 3999 \
576 3980 590 3998 \
699 3983 724 3994 ο
1104 3983 1129 3994 ο
1205 3980 1218 4002 9
1285 3977 1349 3997 ἢν
1465 3977 1491 3998 η
1674 3985 1702 3997 ι-
1963 3988 1987 4000 φ

321 4000 417 4036 και
452 4001 602 4054 παρα
632 4000 729 4034 του
762 3977 1032 4054 βασιλέως
1063 4001 1170 4035 των
1223 3983 1412 4049 Ινοων,
1453 4001 1594 4034 ωστε
1636 4001 1714 4054 τῳ
1767 3981 1985 4056 βασιλει

325 4065 482 4142 δῶρα
541 4068 791 4142 κομίσαι·
886 4069 978 4124 καί
1062 4067 1371 4123 ἐπανελθὼν
1428 4069 1504 4132 εἰς
1560 4069 1624 4125 τὸ
1691 4072 1984 4142 Βυζάντιον

327 4154 538 4212 δέδωκε
567 4161 734 4212 ταῦτα
790 4157 864 4220 ὡς
928 4153 1038 4211 ἴδια
1088 4161 1170 4230 τῷ
1229 4155 1468 4231 βασιλεῖ.
1527 4158 1869 4230 Θαυμάζοντι
1928 4157 1986 4216 δὲ

326 4243 482 4314 αὐτῷ
507 4241 610 4322 ἔφη
643 4245 732 4300 καὶ
758 4242 903 4300 ἃλλα
961 4241 1051 4298 διὰ
1105 4251 1209 4320 γῆς
1266 4243 1610 4318 προπέμψαι,
1657 4243 1786 4300 ἀλλ’
1826 4249 1984 4326 ἀφαι-

326 4334 688 4409 ρεθῆναιὺπὸ
754 4337 993 4408 Περσῶν.
1060 4333 1260 4412 Γράφει
1314 4333 1408 4388 οὗν
1467 4333 1769 4407 ἀποτόμως
1827 4340 1982 4393 Κων-

325 4427 617 4485 σταντῖνος
669 4427 804 4497 πρὸς
867 4423 1160 4494 Σαπώρην,
1237 4421 1614 4492 ἀποσταλῆναι
1682 4424 1835 4493 αὐτὰ,
1893 4427 1983 4482 καὶ

327 4509 623 4586 δεξάμενος
667 4511 766 4566 οὐκ
820 4511 1220 4570 ἀνταπέστειΛε.
1283 4511 1381 4566 Διά
1425 4516 1586 4567 τοῦτο
1638 4510 1806 4582 ἐλύθη
1839 4517 1873 4584 ἡ
1903 4515 1975 4570 εἰ·

2097 3374 2164 3414 ac
2183 3359 2574 3413 Brachmanes
2588 3357 3198 3430 contulit,magnaque
3211 3375 3352 3414 usus
3374 3358 3743 3415 continentia

2096 3446 2451 3503 venerabilis
2483 3453 2574 3502 est
2603 3447 2689 3502 eis
2719 3447 2927 3503 factus.
2957 3447 3137 3503 Molas
3168 3464 3405 3519 quoque
3435 3447 3741 3519 aquaticas

2099 3543 2156 3592 et
2187 3538 2416 3592 lavacra
2447 3537 2754 3601 exstruxit,
2786 3538 2932 3608 ipsis
2961 3538 3248 3594 hactenus
3280 3537 3509 3610 ignotas
3538 3555 3653 3593 res.
3687 3539 3742 3593 Is

2099 3627 2464 3682 Metrodorus
2495 3627 2653 3697 quod
2686 3627 2764 3698 pii
2799 3627 3064 3682 hominie
3095 3627 3594 3686 existimationem
3625 3627 3741 3683 sibi

2096 3722 2382 3789 parasset,
2410 3716 2471 3770 in
2501 3715 2834 3788 penetralia
2883 3715 3127 3771 sacrarii
3169 3716 3470 3788 ingressus
3518 3716 3740 3772 multos

2098 3805 2326 3878 lapides
2357 3805 2651 3876 pretiosos
2683 3811 2742 3859 et
2778 3805 3127 3876 margaritas
3178 3803 3462 3859 sustulit:
3512 3804 3740 3875 accepit

2097 3897 2275 3952 etiam
2306 3912 2340 3950 a
2368 3912 2504 3967 rege
2534 3894 2718 3949 lndiaa
2749 3911 2881 3965 quae
2938 3893 3094 3948 dono
3141 3893 3486 3964 imperatori
3532 3893 3732 3949 ferret.

2094 3986 2239 4041 Inde
2269 3985 2607 4056 Byzantium
2638 3999 2912 4038 reversus
2940 3988 3221 4054 tanquam
3252 3984 3344 4044 5|
3363 3983 3400 4038 ’τ
3439 3981 3510 4039 de
3534 3999 3640 4038 suo
3667 3998 3738 4039 ea

2094 4076 2217 4145 regi
2249 4073 2498 4138 obtulit;
2532 4073 2896 4142 mieantique
2925 4072 3043 4128 alia
3072 4088 3308 4143 quoque
3340 4077 3498 4128 terra
3527 4089 3589 4128 se
3646 4077 3734 4129 at-

2095 4163 2299 4220 tulisse
2333 4162 2500 4226 dixit,
2534 4162 2633 4217 sed
2668 4179 2738 4217 ea
2767 4161 2877 4217 sibi
2910 4178 2945 4217 a
2975 4161 3167 4216 Persis
3195 4161 3490 4233 adempta.
3535 4162 3737 4233 Itaque

2095 4253 2519 4309 Constantinus
2549 4267 2747 4308 severe
2778 4251 2982 4322 Sapori
3032 4249 3258 4315 scribit,
3315 4251 3471 4305 mitti
3511 4251 3621 4306 sibi
3668 4266 3738 4307 ea

2095 4342 2424 4416 postulans,
2467 4349 2524 4396 et
2553 4348 2792 4412 accepta
2813 4357 2932 4396 non
2963 4340 3208 4397 remisit.
3241 4339 3378 4396 Ideo
3417 4357 3529 4412 pax
3560 4340 3739 4397 dissi-

2096 4432 2226 4489 luit.
2261 4432 2360 4485 His
2391 4447 2457 4486 ex
2489 4429 2788 4500 lapidibus
2819 4446 2965 4502 opus
2996 4429 3248 4485 confecit
3277 4429 3739 4501 imperator,mi-

2099 4521 2292 4592 sitque
2321 4519 2555 4591 populis
2587 4525 2752 4575 trans
2781 4519 3116 4574 Danubium
3134 4517 3468 4576 colentibus
3490 4536 3736 4577 munere

338 4603 500 4677 ρηνη.
536 4602 632 4658 Ἐκ
677 4600 884 4655 τούτων
943 4601 1036 4655 οὗν
1093 4604 1202 4655 τῶν
1257 4598 1426 4664 λίθων
1481 4596 1638 4676 ἔργον
1689 4605 1926 4671 ποιήσας
1957 4605 1984 4659 ὁ

2099 4609 2147 4664 ei
2180 4587 2280 4679 qui
2312 4587 2542 4663 caeteris
2573 4613 2882 4679 prmstaret
2911 4607 3215 4678 inscripto.
3249 4608 3388 4672 Qum
3428 4608 3734 4681 inscriptio

337 4689 596 4763 βασιλεὺς
671 4688 959 4745 ἀπέστειλε
1037 4694 1158 4753 τοῖς
1233 4688 1399 4757 πέραν
1481 4694 1577 4744 τοῦ
1647 4687 1976 4748 Δαννουϐίου

333 4773 564 4844 ἔθνεσιν,
594 4777 897 4855 ἐπιγράψας
943 4783 1026 4850 τῷ
1087 4778 1294 4852 μείζονι
1351 4780 1412 4834 τὸ
1465 4777 1662 4856 δῶρον·
1705 4783 1839 4858 ὅπερ
1893 4783 1980 4856 γέ-

327 4890 484 4945 γονεν
534 4870 721 4931 αὐτοῖς
790 4867 1018 4942 ὀλέθρου
1085 4867 1260 4923 σ’ἰτιον
1346 4865 1434 4923 διά
1496 4871 1596 4940 τὴν
1652 4869 1980 4950 ἐπιγοαιρήν.

331 4958 475 5014 Φασί
507 4954 565 5013 δὲ
593 4958 754 5013 αὐτὸν
785 4961 1005 5034 πρῶτον
1053 4958 1265 5012 πάντων
1314 4962 1424 5012 τῶν
1467 4959 1738 5033 βασιλέων
1790 4959 1983 5032 διαδή-

335 5068 465 5120 ματι
505 5047 934 5122 χρήσασθαικαὶ
996 5047 1357 5122 μαργαρίταις
1410 5049 1500 5101 καί
1561 5042 1757 5111 ἀλλοις
1803 5047 1981 5114 λίθοις

330 5132 749 5211 περιεργότερον
793 5137 1158 5209 κοσμηθῆναι.
1202 5132 1378 5193 Ἀλλά
1431 5135 1520 5192 καί
1564 5136 1777 5212 πτύχας
1811 5139 1984 5217 Εὐαγ-

333 5223 536 5300 γελίων
568 5229 776 5301 χρυσᾶς
808 5219 897 5280 διὰ
957 5223 1252 5299 μαργάρων
1305 5223 1396 5279 καὶ
1437 5221 1602 5282 λίθων
1655 5247 1981 5285 κατασκευα-

323 5335 421 5378 σας
449 5312 502 5369 ἐν
546 5317 618 5386 τῇ
677 5312 905 5390 Μεγάλῃ
963 5311 1265 5385 Ἐκκλησία
1320 5316 1654 5390 προσήγαγε,
1711 5317 1985 5390 θαύματος

316 5404 484 5473 ἀξίας.
519 5404 608 5461 ’Ev
641 5403 826 5474 το·5τῳ
856 5406 932 5473 τῷ
958 5403 1148 5477 χρόνῳ
1192 5403 1281 5457 καί
1419 5401 1543 5478 ἁγία
1599 5404 1687 5460 καί
1745 5408 1984 5478 μακαρία

322 5490 519 5562 Ἐλένη
561 5493 700 5561 πρὸς
759 5491 959 5561 Κύριον
1009 5487 1262 5564 ἐκδημεῖ,
1319 5487 1455 5546 ἐτῶν
1505 5493 1638 5548 οὖσα
1679 5495 1753 5563 π’,
1795 5494 1887 5550 καὶ
1926 5493 1980 5551 ἐν

2094 4697 2366 4753 Barbaris
2386 4697 2636 4752 exitiosa
2656 4697 3014 4754 fuit.Ferunt
3031 4713 3161 4751 eum
3185 4697 3445 4769 primum
3465 4699 3733 4756 omnium

2092 4788 2518 4859 imperatorum
2559 4785 2896 4842 diademate
2944 4802 3118 4841 usum
3176 4787 3625 4860 margaritisque
3678 4793 3738 4844 et

2092 4877 2340 4950 gemmis
2373 4876 2686 4948 superbius
2716 4875 2896 4930 fuisse
2928 4882 3226 4931 ornatum.
3258 4876 3410 4940 Quin
3450 4884 3508 4932 et
3556 4893 3736 4933 aurea

2093 4966 2540 5039 Evangeliorum
2565 4964 2866 5020 volumina
2886 4963 3208 5018 unionibus
3225 4965 3573 5035 etpretiosis
3596 4966 3738 5036 lapi-

2093 5054 2266 5111 dibus
2293 5061 2502 5109 ornata
2533 5053 2808 5118 confecit,
2833 5053 3014 5122 inque
3037 5053 3240 5123 Magno
3258 5051 3495 5122 Templo
3518 5053 3736 5124 posuit,

2093 5144 2273 5215 digna
2303 5143 2714 5198 admiratione.
2739 5143 2818 5194 Eo
2848 5147 3112 5210 tempore
3135 5139 3311 5194 etiam
3345 5146 3546 5197 sancta
3563 5147 3740 5214 atque

2093 5233 2268 5288 beata
2288 5232 2512 5286 Helena
2532 5230 2606 5286 ad
2630 5229 2945 5286 Dominum
2967 5227 3587 5300 commigravit,annos
3602 5240 3744 5290 nata

2093 5322 2182 5386 80,
2215 5337 2282 5375 ac
2317 5319 2507 5390 prima
2537 5318 2804 5373 omnium
2839 5323 2927 5372 est
2955 5317 3016 5371 in
3047 5316 3264 5388 templo
3322 5319 3740 5390 Apostolorum

2093 5410 2344 5482 sepulta.
2379 5413 2530 5464 Ante
2561 5408 2788 5465 obitum
2819 5407 3008 5463 multa
3037 5407 3108 5463 de
3129 5407 3349 5479 pietate
3370 5409 3494 5466 ﬁlio
3513 5429 3738 5484 praece-

2092 5503 2277 5572 perat.

321 5586 400 5653 τῷ
427 5586 540 5654 ναῷ
569 5586 676 5637 τῶν
742 5579 940 5656 Ἀγίων
995 5578 1346 5652 Ἀποστόλων
1415 5582 1670 5639 θάπτεται
1724 5587 1940 5660 πρώτη,
2000 5585 2183 5644 πολλὰ
2234 5590 2315 5661 τῷ
2372 5582 2496 5660 ἰδίῳ
2555 5586 2659 5660 υἰῷ
2709 5585 2833 5660 περί
2882 5590 2985 5656 τῆς
3039 5583 3116 5648 εἰς
3173 5585 3404 5663 Χριστὸν
3463 5586 3736 5660 εὐσεϐείας

323 5667 766 5750 παραγγείλασα.
