4118 6288
412 329 530 393 563

1771 330 2089 394 GEORGII
2132 329 2475 395 CEDRENI

3702 341 3823 403 564

486 466 657 520 Anno
687 468 757 519 22
786 464 1209 520 Constantinus
1238 464 1393 521 facta
1422 464 1483 519 in
1510 466 1857 535 Germanos,
1917 466 2065 520 Sau—

2247 465 2340 534 Τῷ
2370 465 2456 540 κβ⁸
2511 458 2619 521 ἔτει
2679 470 3079 533 Κωνσταντῖνος
3133 471 3161 525 ὁ
3221 466 3621 541 εὐσεϐέστατος,
3688 473 3826 528 κατᾶ

415 560 676 610 romatas
708 559 767 608 et
795 553 1012 609 Gothos
1043 553 1418 625 expeditione
1448 555 1642 610 crucis
1682 555 1733 609 vi
1787 570 2063 627 magnam

417 643 739 715 reportavit
768 643 1094 712 victoriam,
1129 659 1346 715 easque
1377 649 1586 715 gentes
1616 643 1677 699 in
1722 643 2064 699 servitutem

417 734 555 806 egit.
591 733 920 804 Drepanam
942 750 1178 805 quoque
1196 734 1353 806 apud
1374 733 1779 789 Nicomediam
1800 734 1861 788 in
1884 734 2064 788 hono-

413 839 542 878 rem
574 822 836 891 Luciani,
868 824 969 894 qui
1002 823 1081 877 ibi
1116 823 1354 894 capitali
1386 823 1678 896 supplicio
1708 823 1940 879 veritati
1971 829 2064 878 te-

416 911 767 967 stimonium
785 910 1189 984 perhibuerat,
1215 912 1506 984 condidit,
1532 918 1590 968 et
1618 930 1653 968 a
1680 919 1870 969 matre
1902 912 2067 968 Hele-

415 1001 682 1072 nopolim
715 1002 1056 1073 appellavit.

493 1091 680 1146 Annis
711 1094 800 1156 23,
828 1093 898 1146 24
929 1097 986 1146 et
1013 1093 1080 1146 25
1111 1092 1436 1148 Antiochiae
1468 1093 1756 1165 templum
1787 1096 2067 1165 octangu-

419 1180 545 1236 lum
577 1181 857 1237 aediﬁcari
889 1189 1148 1252 emptum
1182 1187 1291 1238 est.
1328 1183 1754 1239 Constantinus
1799 1182 2067 1237 Danubio

422 1272 671 1342 trajecto
703 1277 882 1342 ponte
913 1288 1049 1327 eum
1083 1271 1317 1344 lapideo
1349 1272 1639 1332 instravit,
1667 1272 1909 1342 Scythas
1935 1271 2068 1326 sub-

425 1360 561 1431 egit.
596 1360 809 1415 Forum
868 1376 1103 1431 quoque
1161 1359 1428 1415 condidit
1474 1376 1608 1414 cum
1648 1359 1805 1414 binis
1855 1358 2069 1430 amplis

425 1449 636 1504 rostris
661 1466 675 1515 ;
718 1464 907 1521 eoque
936 1450 979 1505 5
996 1451 1027 1503 I
1044 1447 1090 1504 8
1123 1449 1185 1503 in
1206 1448 1331 1504 foro
1356 1448 1695 1505 columnam
1722 1450 1906 1505 Roma
1925 1447 2069 1503 alla-

425 1543 546 1595 tam
576 1539 794 1610 posuit,
826 1554 944 1593 uno
975 1537 1164 1594 solido
1195 1537 1393 1610 lapide
1422 1543 1814 1605 constantem,
1848 1538 1949 1609 qui
1982 1542 2071 1592 to-

425 1634 521 1683 tus
539 1634 666 1683 erat
688 1644 1024 1700 purpureus
1047 1644 1061 1694 ;
1082 1633 1256 1699 atque
1280 1643 1409 1684 eam
1434 1628 1604 1683 aereis
1627 1627 1877 1699 cingulis
1891 1627 2077 1683 cinxit

424 1716 751 1788 inscriptis.
784 1717 851 1772 In
878 1718 1007 1789 ejus
1037 1724 1232 1773 autem
1267 1734 1499 1772 summo
1532 1722 1787 1772 statuam
1819 1716 1929 1772 sibi
1951 1716 2073 1771 col-

423 1806 640 1862 locavit
657 1823 790 1861 cum
812 1807 923 1862 hac
954 1807 1360 1878 inscriptione:
1379 1830 1405 1857 «
1420 1805 2075 1878 Constantinus,Splen-

425 1896 554 1951 duit
581 1896 721 1951 solis
751 1897 963 1960 instar,
995 1914 1146 1968 opus
1174 1896 1287 1951 fuit
1316 1896 1560 1965 Phidiae,
1611 1896 1858 1951 Athenis
1884 1895 2074 1951 addu~

427 1993 608 2043 ctum.
628 2008 655 2036 ››
682 1985 761 2041 Ad
780 1986 949 2042 basin
972 1987 1269 2042 columnas
1300 1987 1501 2058 posuit
1525 1991 1752 2058 septem
1771 1986 1979 2041 corbes
2009 2001 2078 2041 ac

426 2075 741 2132 duodecim
773 2082 1005 2148 sportas
1035 2076 1253 2132 Christi
1285 2076 1387 2131 Dei
1419 2075 1609 2132 nostri
1642 2075 1949 2132 miraculis
1981 2076 2075 2130 in-

429 2166 648 2238 signes.
680 2166 1006 2222 Ministerio
1039 2165 1218 2221 etiam
1279 2165 1467 2221 sancti
1509 2165 1787 2236 martyris
1831 2163 2080 2219 Artemii

427 2254 714 2326 reliquias
748 2260 1093 2311 sanctorum
1125 2254 1533 2327 apostolorum
1563 2254 1754 2323 Lucaa,
1787 2252 2080 2309 Timothei

433 2349 492 2399 et
520 2344 771 2400 Andreae
801 2345 864 2400 in
894 2344 1106 2400 urbem
1137 2342 1353 2400 attulit.

504 2535 572 2589 26
604 2539 662 2590 et
689 2537 756 2588 27
797 2534 972 2589 annis
1007 2533 1344 2590 simulacris
1373 2549 1707 2604 eorumque
1736 2532 1893 2588 fanis
1919 2549 2086 2588 ever-

434 2623 630 2680 tendis
661 2640 898 2695 operam
928 2621 1110 2687 dedit,
1144 2621 1372 2678 reditus
1402 2639 1609 2678 eorum
1663 2622 1942 2677 Ecclesiis
1980 2622 2085 2676 Dei

432 2711 827 2783 transcripsit.
859 2713 1020 2766 Tunc
1051 2717 1109 2766 et
1141 2710 1389 2767 basilica
1441 2710 1800 2767 Nicomedia:
1831 2709 1905 2766 de
1935 2709 2083 2765 coelo

435 2806 590 2858 tacta
619 2801 1020 2875 conflagravit.

502 2892 675 2947 Anno
706 2892 774 2946 28
806 2891 1024 2963 impius
1052 2889 1230 2946 Arius
1255 2890 1393 2946 ﬁcta
1422 2889 1836 2961 resipiscentia
1875 2905 1943 2945 ac
1972 2889 2087 2946 fal-

433 2982 662 3039 lacibus
685 2981 1061 3038 sermonibus
1083 2986 1219 3053 post
1247 2998 1413 3037 suam
1439 2980 1882 3036 damnationem
1912 2997 2086 3037 aures

436 3072 826 3145 placidissimi
883 3071 1260 3143 imperatoris
1337 3069 1661 3137 demulsit;
1712 3070 2085 3142 sumptisque

437 3162 669 3217 duobus
700 3160 892 3220 libris.
923 3160 1179 3215 alterum
1212 3159 1312 3230 qui
1344 3174 1681 3230 perversam
1724 3158 1914 3230 ipsius
1958 3159 2085 3231 opi-

437 3251 681 3306 nionem
713 3249 1028 3305 continens
1058 3249 1246 3320 ipsius
1287 3264 1471 3303 manu
1501 3248 1759 3320 scriptus
1807 3253 1953 3315 erat,
1986 3265 2089 3305 oc-

441 3340 598 3395 culte
631 3355 832 3394 secum
864 3337 1089 3405 habuit,
1114 3337 1367 3392 alterum
1389 3337 1587 3393 aliena
1604 3354 1786 3393 manu
1802 3338 2088 3409 scriptum

441 3427 514 3483 de
543 3428 842 3482 sententia
870 3426 1046 3481 Nicaei
1074 3425 1309 3480 concilii
1342 3426 1685 3497 imperatori
1710 3426 1972 3493 tradidit,
1995 3428 2088 3499 ju-

442 3514 708 3585 ravitque
741 3530 801 3569 se
832 3513 917 3568 ita
945 3513 1167 3568 sentire
1184 3511 1256 3567 de
1276 3512 1560 3586 religione
1583 3514 2086 3585 quemadmodum

442 3618 550 3658 sua
578 3618 759 3658 manu
780 3601 1141 3672 scripsisset.
1182 3601 1301 3656 Hac
1329 3600 1537 3656 fraude
1557 3601 1979 3667 im;.eratorem
2004 3604 2087 3658 ita

439 3692 692 3764 decepit,
724 3699 792 3748 ut
820 3692 1023 3757 Arium
1041 3691 1291 3763 jusserit
1311 3692 1439 3747 sine
1461 3708 1630 3748 mora
1649 3691 1722 3747 ab
1748 3692 2083 3748 Alexandro

437 3782 718 3853 pontifice
731 3798 964 3837 summo
976 3780 1037 3836 in
1060 3780 1369 3837 ecclesiam
1385 3780 1814 3852 recipi.Verum
1829 3781 2084 3838 Alexan-

436 3870 543 3926 der
571 3872 802 3938 anxius,
842 3871 994 3928 519
1022 3877 1091 3926 ut
1117 3887 1226 3943 par
1253 3875 1399 3936 erat,
1430 3870 1617 3925 animi
1641 3875 1824 3926 totam
1844 3876 2081 3926 noctem

435 3959 511 4016 ad
540 3961 860 4015 Dominum
890 3960 1166 4031 precibus
1194 3959 1342 4015 fusis
1388 3959 1595 4015 Arium
1646 3959 2076 4031 pessumdedit.

431 4050 576 4105 Nam
597 4050 772 4106 Arius
797 4066 930 4105 cum
954 4049 1239 4121 postridie
1252 4065 1464 4123 magno
1480 4065 1613 4104 cum
1630 4048 1784 4104 fastu
1799 4056 1858 4104 et
1879 4056 2077 4105 osten-

433 4139 575 4196 tatio
606 4138 679 4194 ad
712 4138 1025 4195 ecclesiam
1056 4137 1423 4210 procederet,
1479 4154 1614 4194 cum
1661 4138 1722 4193 in
1773 4138 1903 4194 foro
1955 4155 2079 4194 non

431 4229 639 4302 procul
669 4245 706 4284 a
732 4228 898 4284 curia
926 4227 1179 4296 abesset,
1204 4232 1406 4283 ventre
1437 4227 1782 4283 stimulante
1813 4227 1885 4282 ad
1909 4227 2077 4283 latri-

432 4336 571 4376 nam
601 4320 763 4386 abiit,
787 4320 988 4388 ibique
1018 4318 1092 4373 ab
1121 4317 1330 4390 angelo
1349 4320 1499 4373 ictus
1528 4318 1806 4373 intestina
1830 4316 2077 4373 inlatri-

432 4425 573 4465 nam
605 4409 723 4481 egit
750 4414 928 4478 atque
960 4406 1332 4462 exanimatus
1359 4410 1468 4460 est.

2175 558 2466 629 Γερμανῶν
2496 554 2586 611 καὶ
2624 563 2996 632 Σαυροματῶν
3050 560 3139 615 καὶ
3197 559 3411 627 Γότθων
3471 563 3823 637 στρατεύσας,

2173 643 2331 713 νίκην
2357 640 2529 719 ἤρατο
2558 666 2752 719 κραται
2775 648 2834 702 ἀν
2861 644 2950 703 διὰ
2969 655 3070 719 τῆς
3098 653 3195 705 τοῦ
3222 656 3458 726 σταυροῦ
3514 649 3819 726 δυνάμεως,

2173 731 2263 788 καὶ
2300 732 2527 796 τούτους
2558 735 2635 798 εἷς
2666 734 2904 813 ἐσχάτην
2932 739 3113 816 ἤγαγε
3142 737 3408 797 δουλείαν.
3461 742 3561 796 Καὶ
3606 750 3822 815 Δρεπα-

2172 823 2262 874 νᾶν
2291 820 2380 876 τὸν
2411 819 2464 875 ἐν
2497 822 2841 898 Νικομηδείᾳ
2891 824 3168 890 ἐπικτίσας
3227 828 3308 892 εἷς
3351 830 3521 902 τιμὴν
3580 836 3825 885 Λουκια-

2173 912 2271 963 νοῦ
2300 912 2420 964 τοῦ·
2460 908 2633 967 ἐκεῖσε
2663 916 3112 991 μαρτυρήσαντος
3143 916 3534 974 Ἐλενούπολιν
3585 916 3675 974 διὰ
3718 920 3822 988 τήν

2180 996 2389 1073 μητέρα
2418 997 2691 1061 ἐκάλεσεν.

2248 1090 2342 1160 Τῷ
2399 1090 2573 1165 κγ’καὶ
2607 1088 2649 1146 δ’
2678 1092 2769 1148 καὶ
2801 1101 2839 1150 ε’
2895 1092 3002 1152 ἔτει
3067 1098 3129 1152 τὸ
3187 1095 3239 1152 ἐν
3297 1097 3609 1174 Ἀντιοχείᾳ
3662 1098 3826 1154 ὀκτά-

2177 1196 2353 1250 γωνον
2414 1181 2677 1254 Κυριακὸν
2737 1182 2938 1258 ἤρξατο
2998 1184 3430 1260 οἰκοδομεῖσθαι.
3499 1188 3601 1244 Καὶ
3657 1187 3827 1250 αὐτὸς

2178 1265 2270 1320 τὸν
2304 1264 2561 1324 Δάνουϐιν
2595 1270 2830 1342 περάσας
2869 1274 3106 1350 γέφυραν
3158 1275 3209 1330 ἐν
3255 1276 3405 1350 αὐτῷ
3459 1274 3672 1346 λιθίνην
3724 1297 3827 1332 πε-

2178 1355 2396 1445 ποίηκε,
2427 1358 2517 1413 καὶ
2545 1359 2674 1423 τοὺς
2707 1362 2915 1426 Σκύθας
2948 1364 3196 1436 ὑπέταξε,
3226 1365 3318 1420 καὶ
3348 1372 3439 1422 τὸν
3499 1365 3663 1445 φόρον
3711 1368 3832 1441 (89)

2180 1443 2356 1501 ἔκτισε
2404 1449 2541 1519 μετά
2563 1469 2624 1524 γε
2652 1454 2759 1505 τῶν
2802 1447 2897 1507 δύο
2940 1453 3192 1530 μεγάλων
3246 1443 3521 1528 ἐμϐόλων
3550 1457 3688 1529 (90),
3735 1453 3833 1510 καί

2180 1532 2233 1590 ἒν
2266 1535 2415 1608 αὐτῷ
2443 1541 2520 1610 τῷ
2549 1538 2704 1617 φόρῳ
2741 1538 2898 1597 κίονα
2959 1542 3248 1615 μονόλιθον
3299 1543 3389 1598 καὶ
3448 1543 3833 1619 ὁλοπόρφυρον

2181 1620 2421 1697 ἔστησεν,
2455 1627 2515 1683 ἐκ
2542 1629 2764 1704 Ῥώμης
2795 1631 3030 1708 ἀγαγὼν,
3065 1631 3293 1707 ἐκδήσας
3334 1634 3494 1690 αὐτὸν
3547 1632 3636 1690 διὰ
3682 1633 3838 1714 χαλ-

2182 1716 2292 1771 κῶν
2327 1721 2510 1786 ζωνῶν
2542 1721 2958 1796 γεγραμμένων.
3011 1719 3288 1798 Ἰδρύσατο
3327 1721 3385 1779 δὲ
3436 1722 3618 1779 ἐπάνω
3664 1724 3838 1779 αὐτοῦ

2182 1802 2474 1880 ἀνδριάντα
2528 1805 2613 1863 ἐπ’
2671 1808 2900 1883 ὀνόματι
2984 1810 3169 1884 αὐτοῦ,
3252 1811 3305 1868 ἐν
3386 1814 3433 1887 ᾦ
3508 1812 3839 1891 γέγραπταγ

2187 1897 2272 1968 [Ρ.
2306 1898 2431 1969 296]
2462 1920 2492 1948 ‹‹
2533 1898 2957 1963 Κωνσταντῖνος.
2990 1898 3273 1976 Ἔλαμψεν
3296 1900 3461 1970 ἡλίου
3483 1899 3666 1974 δίκην,
3688 1902 3747 1965 ὅς
3763 1902 3843 1972 ἦν

2186 1978 2344 2060 ἔργον
2378 1986 2473 2059 μὲν
2509 1984 2759 2060 Φειδίου,
2787 1985 2940 2068 ἤχθη
2983 1986 3041 2045 δὲ
3094 1991 3143 2060 ἐξ
3205 1991 3471 2063 Ἀθηνῶν.
3509 2016 3536 2044 ι)
3586 1992 3689 2050 Καὶ
3739 1993 3845 2055 τὰς

2188 2074 2322 2129 ἒπτὰ
2347 2072 2609 2152 σπυρίδας
2641 2078 2730 2132 καὶ
2763 2077 2889 2141 τοὺς
2924 2080 2994 2155 ιβ’
3031 2081 3311 2159 κοφίνους,
3369 2080 3420 2136 ἐν
3472 2083 3559 2143 οἷς
3606 2082 3845 2158 Χριστὸς

2190 2166 2217 2219 ὁ
2250 2165 2377 2226 Θεὸς
2411 2168 2572 2238 ἡμῶν
2626 2165 3159 2247 ἐθαυματούργησεν,
3225 2171 3331 2227 ὐπὸ
3376 2173 3475 2241 τὴν
3528 2173 3685 2247 βάσιν
3738 2176 3846 2228 τοῦ

2188 2252 2371 2315 κίονος
2403 2247 2572 2313 ἔθετο.
2607 2255 2798 2312 Καὶτά
2845 2256 3075 2332 λείψανα
3122 2259 3180 2315 δὲ
3206 2265 3315 2315 τῶν
3375 2261 3546 2339 ἁγίων
3601 2261 3847 2318 ἀποστό-

2191 2341 2305 2398 λων
2362 2349 2549 2400 Λουκᾶ
2629 2346 2720 2401 καὶ
2791 2346 3064 2423 Τιμοθέου
3115 2350 3205 2405 καὶ
3262 2347 3522 2427 Ἀνδρέου
3597 2349 3686 2405 διὰ
3741 2354 3847 2405 τοῦ

2191 2430 2352 2507 ἁγίου
2411 2432 2682 2510 μάρτυρος
2743 2436 3030 2509 Ἀρτεμίου
3097 2437 3150 2493 ἐν
3208 2443 3278 2514 τῇ
3343 2438 3506 2494 πόλει
3557 2439 3841 2517 εἰσήγαγε.

2261 2524 2355 2597 Τῷ
2384 2525 2464 2588 κς¹
2492 2523 2582 2579 καὶ
2611 2526 2691 2595 κζ“
2720 2518 2826 2581 ἔτει
2884 2526 3049 2583 αὐτοῦ
3096 2530 3196 2598 τὴν
3243 2528 3381 2585 κατὰ
3422 2533 3530 2584 τῶν
3591 2526 3844 2587 εἰδώλων

2191 2612 2419 2667 καὶτῶν
2446 2617 2587 2668 ναῶν
2616 2614 2791 2670 αὐτῶν
2822 2615 3116 2673 κατάλυσιν
3166 2616 3420 2689 ἐπέτεινε,
3478 2618 3573 2683 τὰς
3621 2616 3678 2674 δὲ
3730 2618 3847 2674 εἰσο

2194 2696 2353 2758 ὁδους
2386 2701 2558 2757 αὐτῶν
2586 2709 2707 2767 ταῖς
2736 2703 3088 2775 Ἐκκλησίαις
3118 2705 3216 2762 τοῦ
3246 2711 3379 2764 Θεοῦ
3407 2706 3661 2781 ἐκύρωσε.
3702 2710 3843 2766 Τότε

2192 2791 2283 2845 καὶ
2313 2793 2348 2859 ἡ
2381 2790 2434 2846 ἐν
2463 2791 2806 2878 Νικομηδείᾳ
2837 2794 3099 2870 βασιλική
3132 2797 3261 2872 πυρὶ
3295 2797 3423 2871 θείῳ
3454 2797 3718 2878 ἐφλέχθη.

2266 2883 2363 2953 Τῷ
2393 2885 2479 2951 κη’
2516 2875 2623 2937 ἔτει
2655 2883 2820 2939 αὐτοῦ
2852 2885 2880 2939 ὁ
2921 2881 3186 2957 δυσσεϐὴς
3244 2887 3471 2963 Ἀρειος
3496 2875 3833 2960 ’ἐπιπλάστῳ

2199 2969 2453 3043 μετανοίᾳ
2482 2970 2572 3025 καὶ
2602 2970 2792 3046 λόγοις
2847 2971 3152 3043 ἀπατηλοῖς
3199 2976 3336 3048 μετᾶ
3381 2977 3482 3044 τὴν
3529 2976 3828 3051 καθαίρεσιν

2195 3059 2361 3117 αὐτοῦ
2419 3062 2855 3138 καταγοητεύσας
2940 3065 3035 3127 τὰς
3087 3064 3254 3130 ἀκοὰς
3307 3071 3405 3121 τοῦ
3464 3066 3840 3145 γαληνοτάτου

2203 3147 2493 3226 βασιλέως,
2525 3150 2613 3205 καὶ
2642 3148 2738 3207 δύο
2773 3147 2965 3228 βιϐλία
2993 3148 3202 3224 λαϐὼν,
3232 3157 3294 3210 τὸ
3328 3156 3423 3231 μὲν
3469 3155 3521 3211 ἓν
3572 3158 3672 3226 τὴν
3720 3158 3846 3212 ἐαυ-

2198 3243 2296 3294 τοῦ
2328 3238 2765 3314 διεπραμμέιην
2798 3241 3053 3318 περιέχον
3090 3240 3243 3314 δόξαν
3295 3250 3414 3307 ταῖς
3466 3242 3629 3309 ῗδίαις
3684 3245 3847 3321 χερσὶ

2197 3329 2410 3403 γράψας
2443 3327 2494 3383 ἐν
2528 3332 2707 3408 κρυφῇ
2728 3336 2972 3409 κατεῖχε,
3005 3332 3069 3386 τὸ
3100 3330 3157 3387 δὲ
3185 3328 3366 3405 ἓτερον
3426 3331 3499 3389 δι’
3544 3332 3847 3409 ἀλλοτρίας

2195 3419 2381 3493 ’χειρὸς
2412 3419 2719 3496 ὁμοφώνως
2748 3422 2818 3493 τῇ
2850 3419 2901 3474 ἐν
2960 3420 3154 3493 Νικαίᾳ
3201 3419 3474 3498 ἒκτεθείσῃ
3525 3422 3701 3479 πίστει
3749 3445 3846 3498 γε-

2194 3508 2441 3585 γραφὼς,
2474 3509 2750 3563 καὶτοῦτο
2783 3505 3001 3572 ἐπιδοὺς
3050 3514 3131 3582 τῷ
3182 3509 3421 3586 βασιλεῖ,
3469 3512 3559 3568 καὶ
3609 3508 3843 3586 διομνῦ-

2198 3617 2358 3671 μενος
2386 3598 2425 3666 ἦ
2455 3599 2565 3670 μὴν
2598 3596 2771 3659 οὕτως
2802 3596 3069 3654 πιστεύειν
3110 3597 3293 3674 ὥσπερ
3336 3597 3402 3672 δή
3453 3603 3545 3656 καὶ
3576 3597 3840 3677 ἔγραψεν,

2193 3685 2335 3741 οὕτω
2393 3687 2697 3761 συνήρπασε
2752 3689 2819 3760 τῇ
2873 3686 3038 3744 αὐτοῦ
3097 3685 3381 3760 δολιότητι
3438 3690 3530 3746 τὸν
3608 3691 3838 3766 βασιλέα

2192 3775 2329 3831 ὥστε
2381 3774 2634 3831 κελεῦσαι
2720 3774 2913 3831 τοῦτον
2994 3776 3362 3852 ἀνοπερθέτως
3419 3779 3525 3835 ὑπὸ
3582 3780 3837 3855 Ἀλεξάν-

2191 3861 2321 3941 δρου
2351 3869 2452 3921 τοῦ
2483 3861 2785 3940 ἀρχιερέως
2816 3865 2892 3926 είς
2921 3865 3202 3930 κοινωνίας
3260 3866 3349 3923 ἐπὶ
3394 3871 3494 3934 τῆς
3545 3867 3837 3941 ἐκκλησίας

2187 3951 2617 4030 προσδεχθῆναι.
2666 3954 3004 4029 Ἀγωνιὶσας
3054 3956 3257 4025 τοίνυν,
3309 3958 3383 4021 ὡς
3435 3957 3603 4030 εἰκὸς,
3633 3960 3661 4014 ὁ
3692 3960 3831 4035 ἆρχ-

2190 4042 2382 4120 ιερεὺς,
2416 4043 2507 4099 καὶ
2557 4041 2627 4098 δι’
2681 4043 2820 4115 ὅλης
2867 4052 2967 4115 τῆς
3018 4047 3206 4109 νυκτὸς
3262 4043 3474 4117 δεηθεὶς
3512 4052 3632 4102 τοῦ
3671 4054 3830 4122 Θεοῦ,

2186 4133 2361 4208 εὐχῆς
2394 4126 2553 4210 ἔργον
2586 4131 2743 4187 αὐτὸν
2777 4132 3094 4204 ἐποιήσατο.
3127 4138 3211 4211 Τῇ
3243 4135 3348 4212 γὰρ
3396 4136 3520 4206 ἑξῆς
3551 4137 3580 4192 ὁ
3612 4136 3830 4199 ἀνόσιος

2189 4223 2326 4296 μετὰ
2354 4222 2646 4301 φαντασίας
2686 4223 2778 4277 καὶ
2835 4224 3208 4299 γαυριάματος
3259 4224 3334 4288 εἷς
3380 4227 3480 4296 τήν
3532 4224 3825 4297 ἐκκλησίαν

2185 4312 2619 4388 προερχόμενος,
2652 4309 2839 4381 ἐπειδή
2874 4310 2928 4367 ἐν
2967 4317 3047 4385 τῷ
3077 4313 3229 4391 φόρῳ
3259 4311 3494 4385 πλησίον
3539 4320 3638 4370 τοῦ
3668 4317 3832 4393 λεγο-

2107 4390 2155 4455 Ῐ)
2191 4405 2355 4477 μένου
2414 4402 2636 4457 σενάτου
2692 4403 2804 4475 (9|)
2862 4390 3095 4475 ἐγένετο,
3159 4410 3262 4473 τῆς
3318 4404 3549 4479 γαστρὸς
3606 4390 3833 4480 νυξάσης

430 4495 588 4551 αὐτὸν
616 4499 732 4557 τοῖς
792 4494 965 4549 ἐκεῖσε
1018 4489 1318 4571 ἀφεδρῶσιν
1375 4492 1825 4571 ἀποκεχωρηκὼς
1881 4492 2150 4570 ἀγγελικῇ
2205 4496 2542 4547 κατασπᾶται
2582 4489 2753 4565 χειρὶ,
2801 4491 2899 4559 τῆς
2956 4510 3016 4547 τε
3069 4489 3286 4555 κοιλίας
3343 4491 3508 4548 αὐτοῦ
3572 4494 3660 4550 καὶ
3716 4499 3824 4550 τῶν

432 4584 765 4659 σπλάγχνων
790 4582 885 4638 σὺν
913 4585 983 4657 τῇ
1012 4585 1166 4657 ψυχῇ
1197 4579 1465 4656 ῥαγέντων
1492 4582 1580 4636 καὶ
1609 4581 1685 4644 εἷς
1717 4579 2027 4660 ἀφεδρῶνας
2056 4576 2534 4652 καταϐληθέντων.

502 4676 719 4731 Eodem
744 4689 902 4730 anno
930 4673 1118 4728 fames
1148 4688 1361 4745 magna
1380 4672 1493 4726 fuit
1510 4673 1573 4727 in
1598 4674 1865 4740 Oriente;
1892 4690 2070 4745 quam

429 4765 743 4838 penuriam
773 4764 1094 4835 imperator
1150 4761 1473 4817 sublevavit
1528 4761 1715 4817 multo
1769 4762 2069 4819 frumento

2248 4675 2334 4743 Τῷ
2363 4677 2449 4742 κη¹
2480 4663 2587 4725 ἔτει
2615 4669 2782 4743 λιμὸς
2817 4668 2988 4745 μέγας
3019 4668 3225 4748 ἐγένετο
3254 4669 3308 4726 ἐν
3336 4675 3408 4746 τῇ
3465 4670 3751 4745 Ἀνατολῇ·
3785 4671 3816 4727 ὁ

2184 4758 2241 4816 δὲ
2275 4759 2529 4837 βασιλεὺς
2560 4765 2706 4816 σῖτον
2737 4760 2913 4815 πολὺν
2941 4759 3270 4825 ἀποστείλας
3326 4767 3521 4819 τοῦτον
3550 4761 3820 4837 ἤμβλυνε.

1626 4887 1991 4944 XYLANDRI
2028 4889 2114 4944 ET
2153 4889 2369 4945 GOARI
2407 4888 2629 4944 ΝΟΤᾹΞ.

526 5019 618 5088 89)
659 5017 1019 5089 Simocatta:
1078 5030 1270 5089 φοροςῇ
1295 5008 1686 5089 περίλαμπρος
1735 5015 1934 5089 χῶρος.
1975 5018 2077 5081 τῆς

430 5084 671 5149 πόλεως.
740 5088 929 5142 Etiam
987 5084 1392 5159 appellatione
1443 5102 1478 5141 a
1546 5084 1776 5142 Latina'
1826 5084 2080 5141 deducta

425 5161 663 5235 gaudet.
678 5234 681 5235 ν
695 5160 871 5216 Com.

500 5242 613 5305 «90)
644 5234 790 5288 Hinc
835 5230 971 5305 inde
1030 5229 1223 5305 forum
1275 5229 1575 5305 stipabant
1621 5221 1877 5305 ἔμβολοι.
1929 5228 2079 5305 S__unt

427 5301 625 5360 autem
658 5304 983 5360 secundum
1004 5302 1290 5357 Allatium
1308 5301 1555 5372 perticas
1575 5301 1751 5356 variis
1773 5301 2075 5372 asseribus

428 5376 765 5447 conjunctis
787 5383 845 5429 et
871 5375 1082 5446 tegulis
1108 5370 1368 5446 superim
1377 5373 1585 5445 positis
1616 5372 1691 5447 ad
1732 5370 1949 5447 coloris
1981 5374 2073 5426 in-

428 5444 739 5502 commoda
751 5454 810 5500 et
827 5444 1046 5500 imbres
1058 5444 2074 5516 repentinosarcendos,umbrarum

427 5519 689 5589 etiamet
709 5515 1206 5589 deambulationis
1230 5517 1419 5589 gratia
1439 5516 1745 5571 mdillcatm
1773 5516 1877 5589 psic
1899 5515 2072 5569 dicta;

425 5589 496 5644 ab
530 5583 821 5660 ἐμϐάλλω,
879 5588 1037 5660 quod
1084 5583 1304 5660 adie‘as
1351 5593 1409 5642 et
1439 5604 1566 5660 per
1622 5602 1720 5641 eas
1769 5587 2072 5660 ingressus

425 5658 645 5739 pateat.
677 5658 968 5715 Asconius
992 5659 1346 5733 provolantia
1374 5658 1623 5713 tabulata
1653 5658 1859 5715 vocatJ
1888 5658 2070 5724 Belle,

2188 5014 2237 5090 _si
2272 5018 2469 5069 tamen
2502 5011 2802 5090 addideris
2832 5006 3105 5090 ἐμϐόλους
3134 5031 3170 5070 a
3198 5016 3586 5090 Constantino
3616 5015 3831 5090 lapidi-

2186 5084 2297 5139 bus
2323 5090 2672 5151 exstructos,
2695 5084 2988 5162 columnis
3009 5089 3359 5162 marmoreis
3380 5088 3562 5162 fultos
3584 5096 3643 5145 et
3654 5084 3831 5162 opere

2186 5162 2597 5212 concamerata
2627 5162 2834 5221 tectos,
2858 5156 3364 5228 jucundissimum
3387 5156 3831 5217 ambulantibus

2185 5228 2798 5310 spectaculum,_sicut
2823 5235 2883 5283 et
2911 5229 3343 5310 amplissimum
3367 5232 3430 5287 in
3461 5249 3563 5289 eos
3592 5250 3656 5289 se
3686 5233 3832 5289 reci-

2182 5299 2484 5372 pientibus
2514 5299 2769 5370 spatium
2802 5299 3145 5371 praebuisse.
3179 5302 3353 5359 Cosa.

2255 5375 2362 5448 (9t!
2399 5372 2473 5448 Ut
2496 5386 2646 5448 nova
2676 5376 2931 5448 veterem
2963 5373 3213 5429 Romam
3244 5375 3599 5448 imitaretur,
3621 5376 3696 5432 ad
3718 5375 3831 5432 fori

2182 5442 2426 5516 maximi
2458 5442 2615 5516 latus
2663 5443 2828 5516 curia
2870 5444 2938 5516 in
2996 5449 3246 5516 utraque
3305 5442 3625 5505 constituta
3682 5453 3827 5504 erat.

2183 5515 2317 5591 llaec
2350 5511 2574 5591 Σινᾶσςον
2608 5514 2697 5591 vel
2740 5515 2999 5591 ξενᾴτον.
3061 5511 3221 5591 Cpol.
3279 5517 3609 5591 dicebatur,
3669 5519 3829 5591 quod

2179 5581 2677 5666 Zonaras.th169
2736 5583 2954 5659 Σενάτῳ
3036 5581 3373 5660 καλούμενον
3438 5581 3704 5666 μέγιστον
3751 5589 3825 5647 οἶ·

2179 5676 2272 5712 κον
2302 5656 2526 5713 scribit.
2560 5657 2734 5713 Gona.
