4118 6288
344 380 469 440 865

1498 371 2045 441 HISTORIARUM
2089 370 2640 432 COMl‘ENDICM.

3653 368 3773 433 566

352 510 513 582 Μόνή
546 507 605 566 δὶ
654 513 691 580 ἡ
747 512 1054 585 Ἀντιόχεια
1111 510 1181 577 λς
1234 510 1497 576 χιλιάδας
1556 512 1708 568 σίτου
1738 510 1856 567 κατ’
1884 504 2005 569 ἔτος

2127 507 2408 564 immisso.
2441 506 2578 563 Solo
2609 504 2919 563 Antiochia
2956 521 3145 562 annos
3195 505 3429 562 modios
3457 507 3633 564 36000
3659 524 3775 565 ac.

352 594 650 669 ἐλάμϐανε,
685 605 925 672 Σεισμοῦ
973 598 1031 656 δὲ
1088 599 1141 657 ἓν
1205 604 1402 678 κνῖπρῳ
1430 602 1720 679 γενομένου
1755 598 2003 671 Σαλαμῖν

350 689 388 757 ἡ
418 686 581 751 πόλις
612 688 871 745 κατέπεσε
899 690 989 745 καὶ
1019 692 1202 746 ἱκανὸν
1231 691 1448 761 πλῆθος
1489 691 1777 771 διέφθειρε.

429 779 525 848 Τῷ
546 774 758 833 κθ’ἔτιι
791 776 1099 851 Δαλμάτιος
1158 782 1364 856 Καῖσαρ
1416 779 1778 857 ἀνηγορεύθη.
1828 775 2011 833 Καλό-

346 885 542 940 καιρος
600 863 660 921 δὲ
716 865 769 922 ἐν
830 866 1035 943 Κύπρῳ
1090 871 1421 943 τυραννήσας
1450 868 1505 923 ἐν
1537 871 1735 942 Ταρσῷ
1780 873 1882 936 τῆς
1916 872 2010 919 Κι-

348 952 537 1017 λικίας
574 955 678 1011 ὑπὸ
710 954 1031 1027 Δαλματίου
1064 963 1169 1027 ζῶν
1203 958 1571 1014 κατακαίεται.

424 1049 510 1118 Τῷ
542 1043 629 1122 λγ¹
655 1048 755 1114 τῆς
795 1045 963 1101 αὐτοῦ
1024 1047 1306 1122 βασιλείας
1360 1050 1389 1104 ὁ
1452 1048 1619 1123 μέγας
1681 1049 2009 1102 Κωνσταντῖ·

348 1155 440 1196 νος
502 1137 747 1207 τελευτᾷ.
793 1138 1025 1205 Κινήσας
1080 1138 1184 1212 γὰρ
1238 1139 1374 1192 κατά
1432 1142 1651 1212 Περσῶν
1705 1137 1811 1191 ἀπὸ
1844 1143 2006 1190 Νικο-

356 1222 590 1298 μηδείας
649 1222 702 1279 ἐν
758 1230 876 1287 τοῖς
939 1226 1160 1289 Πυθίοις
1218 1226 1549 1300 αὐτομάτοις
1617 1228 1840 1300 θερμοῖς
1901 1226 2053 1301 (92).

351 1314 723 1389 παραγίνεται.
777 1315 879 1369 Καὶ
934 1317 1222 1383 κακωθεὶς,
1268 1314 1469 1378 ἐκεῖθέν
1526 1337 1586 1371 τε
1642 1313 1711 1370 δι’
1755 1314 2009 1370 Έλενου-

349 1402 572 1464 πόλεως
606 1403 657 1458 ἐν
690 1408 770 1471 τῷ
799 1403 1004 1476 χάρακι
1064 1404 1257 1472 ἐλθὼν,
1318 1402 1552 1477 πυρετοῦ
1605 1398 1817 1478 λάϐρου
1847 1422 2010 1457 καταο

352 1492 590 1566 σχόντος
620 1493 784 1547 αὐτὸν
817 1489 1188 1563 ἐτελεύτησεν,
1244 1495 1376 1565 μετὰ
1408 1494 1452 1557 θ’
1481 1491 1599 1555 ἔτος
1628 1496 1725 1547 τοῦ
1756 1491 2012 1564 οἰκισμοῦ

349 1582 444 1635 καὶ
501 1579 860 1655 ἐγκα;ν;σμοῦ
918 1582 1572 1645 Κωνσταντινουπόλεως.
1621 1581 1725 1639 Καὶ
1779 1582 2008 1649 ἀπετὲθη

351 1670 408 1724 ἐν
469 1670 699 1742 λάρνακι
758 1677 1011 1747 πορφυοᾷ
1068 1672 1192 1742 ἤτοι
1242 1672 1522 1745 Ῥωμαίῳ,
1569 1674 1653 1744 [Ρ.
1685 1673 1813 1744 297]
1853 1669 2011 1730 αὐτὸς

355 1780 417 1815 τε
445 1759 539 1815 καὶ
568 1762 602 1828 ἠ
640 1761 827 1836 μήτηρ
869 1761 1032 1816 αὐτοῦ
1071 1758 1265 1831 Ἑλένη
1326 1762 1431 1832 πρὸ
1485 1757 1695 1815 δώδεκα
1747 1757 1880 1814 ἐτῶν
1909 1764 2011 1826 τῆς

356 1849 524 1904 αὐτοῦ
554 1847 815 1918 τελευτῆς
850 1850 1190 1914 αποθανοῦσα
1244 1849 1334 1903 καὶ
1392 1851 1427 1918 ἡ
1485 1851 1620 1923 γυνή
1669 1847 1833 1903 αὐτοῦ
1864 1851 2013 1903 Φαῦ-
2045 1876 2091 1942 Β

358 1960 477 2006 στα,
511 1939 758 2014 θυγάτηρ
789 1940 1130 2011 Μαξιμιανοῦ
1177 1943 1272 1994 τοῦ
1302 1937 1650 2012 Ἐρκουλίου,
1683 1934 2013 2010 καταλείψας

361 2027 417 2083 ἰν
491 2026 743 2104 βασιλείᾳ
806 2034 950 2100 τρεῖς,
1021 2027 1196 2097 υἱοὺς,
1269 2028 1636 2085 Κωνστάντιον
1701 2027 1791 2081 καὶ
1857 2032 2016 2081 Κων-

360 2123 640 2174 σταντῖνον
712 2119 802 2173 καὶ
871 2118 1214 2187 Κώνσταντα,
1282 2114 1662 2192 διορισάμενος
1729 2115 2015 2172 Κωνστάν-

352 2228 473 2262 τιον
537 2208 632 2279 μὶν
691 2203 842 2286 ἔχειν
897 2209 962 2262 τὲ
1020 2206 1236 2282 Θρξκης
1293 2206 1382 2262 καὶ
1434 2207 1609 2279 Ἐῴας
1672 2206 1834 2278 μὲρη,
1876 2210 2018 2258 Κων-

353 2303 636 2353 σταντῖνον
679 2294 736 2351 δὲ
793 2297 860 2351 τά
915 2297 1052 2372 πρὸς
1111 2296 1362 2351 Ὠκεανὸν
1419 2293 1663 2371 ἑσπέρια,
1699 2295 2016 2350 Κώνσταντα

351 2384 413 2442 δὲ
446 2389 693 2459 Κρήτην,
727 2387 996 2461 Ἀφρικὴν
1028 2385 1119 2440 καὶ
1149 2386 1212 2440 τὸ
1243 2382 1572 2460 Ἰλλυρικόν.
1619 2384 1755 2453 Δόξα
1786 2380 1845 2438 δε
1893 2403 2016 2437 κατ-

349 2476 484 2552 έσχε
524 2474 846 2545 τελευτῆσαι
898 2475 996 2548 μὲν
1050 2475 1142 2529 τὸν
1206 2471 1377 2551 μέγαν
1437 2478 1845 2530 Κωνσταντῖνον
1889 2492 2018 2549 φαρ-

351 2566 517 2639 μάκῳ
572 2561 904 2639 δηλητηρίῳ
962 2559 1232 2637 ἐπιϐουλῇ
1290 2567 1399 2618 τῶν
1459 2561 1732 2640 ἀδελφῶν,
1783 2558 1869 2616 διὸ
1921 2562 2012 2614 καὶ

348 2653 514 2708 αὐτὸν
549 2656 714 2709 τοῦτο
742 2648 812 2707 δι’
843 2652 1188 2731 αὐτογράφου
1241 2650 1535 2724 ἐπισκῆψαι
1589 2655 1669 2723 τῷ
1725 2646 1904 2716 παιδὶ,
1934 2647 2016 2703 ὲκ-

353 2740 578 2811 δικῆσαί
640 2763 700 2797 τε
767 2741 856 2796 καὶ
922 2740 1255 2813 φυλάξασθαι
1319 2740 1448 2802 τοὺς
1504 2737 1797 2799 ἆνελόιτας
1854 2737 2016 2793 αὐτὸν

351 2835 557 2895 θειους⁸
610 2826 846 2887 λαϐόντα
906 2828 963 2886 δὲ
1020 2833 1122 2901 τήν
1181 2830 1440 2900 τοιαύτην
1496 2831 1707 2907 γραφὴν
1744 2823 2013 2885 Εὐσὲϐιον

349 2925 446 2979 τὸν
512 2919 883 2993 Νικομηδείας
941 2920 1236 2975 ἐπίσκοπον
1296 2916 1590 2975 ἀποδοῦναι
1651 2917 2015 2989 Κωνσταντίῳ

353 3010 416 3066 ἐκ
464 3017 566 3080 τῆς
616 3009 791 3083 Ἑῴας
839 3006 961 3084 ἄρτι
993 3004 1436 3084 παραγενομένῳ,
1468 2999 1618 3070 ἕιθεν
1669 3026 1729 3061 τε
1767 3005 2013 3079 γενέσθαι

359 3098 519 3153 αὐτὸν
596 3096 688 3153 καὶ
762 3095 1056 3152 ἐπίσκοπον
1131 3094 1772 3154 Κωνσταντινουπόλεως.
1821 3092 1894 3147 Τὸ
1958 3088 2015 3146 δὲ

363 3186 582 3248 τούτους
609 3185 960 3261 ἀναιρεθῆναι
1017 3187 1154 3258 (93),
1185 3182 1303 3239 ἐπεί
1354 3204 1439 3240 τοι
1498 3178 1792 3258 ἀλόγιστος
1831 3184 2016 3257 σαφῶς

366 3275 405 3343 ἡ
438 3275 600 3348 ἀθρόα
623 3274 840 3329 πάντων
897 3275 1072 3330 αὐτῶν
1123 3272 1396 3347 ἀναίρεσις
1442 3271 1623 3339 τούτῳ
1653 3267 1851 3334 ἐδόκει,
1892 3265 2011 3322 δεον

363 3356 543 3438 ἕκρ;νε
575 3365 646 3437 μή
678 3365 802 3419 ἄνευ
844 3361 1014 3438 λόγου
1059 3365 1220 3417 τοῦτο
1268 3364 1520 3426 ποιῆσαι.
1572 3356 1927 3428 Ἐτελεύτησε
1957 3355 2015 3412 ὀὶ

356 3457 388 3511 ὁ
473 3457 638 3533 μέγας
716 3460 1116 3517 Κωνσταντῖνος
1190 3449 1427 3515 εὐσεϐῶς
1516 3449 1838 3524 βασιλεύσας
1915 3448 2011 3522 ἔτη

353 3542 448 3620 λβ¹
476 3545 567 3600 καὶ
599 3552 770 3617 μῆνας
805 3553 855 3613 ι’,
889 3547 1056 3614 ζήσας
1088 3545 1155 3600 τὶ
1185 3545 1356 3599 πάντα
1381 3537 1477 3613 ἔτη
1510 3542 1597 3612 ξέ.

432 3633 806 3697 Κωνστάντιος
862 3628 1209 3689 ἐϐασίλευσεν
1280 3626 1375 3700 ἔτη
1449 3628 1551 3701 κδ“,
1612 3630 1859 3692 Κώνστας
1918 3627 2013 3699 ἔτη

358 3724 445 3793 ιζ“.
483 3726 877 3785 Κωνσταντῖνος
908 3719 965 3777 δὲ
994 3723 1138 3797 ταχὺ
1193 3718 1548 3788 τετελεύτηκε
1576 3718 1767 3795 τρόπῳ
1796 3715 2013 3790 maps:-

357 3811 508 3885 Πρὸς
537 3811 631 3867 τὸν
660 3807 896 3887 ἀδελφὸν
934 3808 1303 3864 Κωνστάντιον
1337 3809 1451 3882 (94)
1497 3805 1899 3878 κοινωσάμενος
1928 3800 2016 3879 ᾔει

357 3900 485 3973 περί
514 3920 677 3954 τινων
710 3904 845 3972 μετά
873 3898 1096 3967 πολλῆς
1137 3896 1329 3973 ἰσχύος
1385 3896 1476 3951 καὶ
1530 3893 1834 3967 δυνάμεως,
1865 3892 1894 3949 ὅ
1921 3894 2014 3948 τὸν

362 3988 737 4046 Κωνστάντιον
779 3988 993 4062 εἰσῆγεν
1048 3987 1123 4050 εἷς
1178 3980 1438 4056 ἔκπληξιν
1491 3986 1567 4059 μή
1599 4005 1654 4039 τι
1682 3982 2014 4057 νεωτερίσων

358 4075 649 4152 ἀφικνῆται
729 4073 804 4135 εἰς
877 4072 1055 4128 αὐτόν·
1139 4071 1232 4127 καὶ
1321 4074 1576 4144 πονηρῶν
1683 4063 2017 4142 συμϐουλῶν

358 4164 638 4238 ἐπιτυχὼν
712 4163 804 4218 καὶ
881 4164 1014 4237 πρὸς
1090 4159 1344 4233 πόλεμου
1435 4157 1779 4235 ἓρεθιζόντων
1857 4157 2014 4214 αὐτὸν

358 4252 554 4323 ἐξῆλθε
583 4255 700 4309 κατ’
732 4252 919 4310 αὐτοῦ.
955 4251 1053 4309 Καὶ
1084 4247 1436 4327 συρῥαγέντο,
1485 4246 1738 4321 πολέμου
1790 4245 1841 4302 ἐν
1901 4252 2017 4310 τοῖς

360 4341 620 4422 ἐσχάτοις
678 4348 788 4398 τῶν
850 4342 1154 4419 φευγόντων
1215 4338 1450 4414 εὑρεθεὶς
1518 4338 1547 4392 ὁ
1617 4340 2017 4400 Κωνσταντῖνος

359 4433 681 4508 ἀναιρεῖται,
711 4430 898 4507 τρίτος
929 4427 1001 4485 ὢν
1046 4427 1302 4506 ἀδελφὸς,
1360 4427 1450 4481 καὶ
1504 4426 1701 4503 γίνεται
1735 4427 2020 4480 Κωνστάν-

360 4543 478 4584 τιος
528 4520 798 4599 ἐγκρατὴς
849 4521 1065 4575 πάντων
1112 4519 1220 4574 τῶν
1270 4513 1586 4591 Ἐσπερίων.
1639 4517 1740 4571 Ἦν
1779 4512 1836 4569 δὲ
1866 4521 2016 4569 Κων-

2116 598 2292 669 cepit.
2326 598 2686 651 Terrmmotu
2719 613 2892 667 porro
2940 596 3206 652 Salamin
3253 597 3397 653 urbs
3446 597 3620 670 Cypri
3667 598 3776 654 de-

2108 688 2290 760 jecta.
2329 685 2618 756 multique
2651 686 2929 741 mortales
2956 685 3233 743 exstincti
3284 692 3443 744 sunt.

2188 786 2361 831 Anno
2418 779 2488 831 29
2545 775 2872 831 Dalmatius
2922 777 3117 832 Caesar
3171 777 3512 851 designatus
3571 784 3681 835 est.
3713 779 3769 834 Is

2118 868 2276 922 Tarsi
2301 866 2521 920 Ciliciae
2548 866 2935 934 Kalocuzrum,
2963 866 3065 937 qui
3092 867 3154 921 in
3177 868 3365 939 Cypro
3391 868 3768 940 tyrannidem

2118 961 2399 1028 gesserat.
2434 955 2624 1009 vivum
2656 955 3003 1010 combussit.

2191 1048 2356 1099 Anno
2389 1044 2478 1099 sui
2512 1044 2747 1115 imperii
2779 1045 2846 1099 33
2894 1046 3319 1101 Constantinus
3378 1048 3619 1119 Magnus
3648 1063 3774 1103 mo-

2121 1133 2291 1187 ritur.
2326 1133 2499 1188 Facta
2530 1134 2591 1187 in
2624 1133 2829 1189 Persas
2853 1133 3232 1205 expeditione
3264 1151 3299 1190 a
3331 1135 3670 1191 Nicomedia
3699 1135 3775 1191 ad

2122 1223 2382 1278 thermas
2413 1224 2652 1293 Pythias
2669 1229 3042 1293 pervenerat.
3070 1224 3211 1279 inde
3233 1224 3389 1279 male
3414 1226 3627 1280 affecto
3647 1241 3775 1280 coro

2121 1328 2263 1383 pore
2296 1330 2402 1383 per
2432 1311 2844 1383 Helenopolim
2882 1313 2941 1366 in
2974 1319 3170 1369 castra
3199 1330 3333 1368 cum
3365 1313 3645 1380 venisset,
3676 1330 3774 1368 ve.

2122 1403 2386 1457 hementi
2417 1402 2578 1457 febre
2601 1410 2908 1473 correptus
2930 1403 3105 1458 vitam
3131 1420 3268 1459 cum
3291 1411 3481 1459 morte
3513 1419 3778 1459 commuo

2125 1492 2284 1560 tavit,
2318 1508 2475 1547 nono
2536 1497 2666 1562 post
2721 1492 3020 1548 conditam
3063 1492 3515 1564 dedicatumque
3568 1493 3777 1564 Cpolin

2122 1597 2299 1636 anno.
2339 1582 2614 1652 Sepultus
2646 1587 2735 1636 est
2764 1582 2826 1637 in
2874 1598 3012 1637 arca
3062 1582 3487 1654 Porphyretica
3525 1598 3631 1638 seu
3661 1583 3778 1637 Bo-

2121 1687 2314 1731 mana.
2354 1677 2414 1726 et
2444 1676 2631 1727 mater
2685 1671 2813 1743 ejus
2871 1671 3092 1727 Helena
3132 1672 3343 1728 eodem
3394 1674 3676 1745 reposita,
3707 1686 3777 1727 ac

2121 1765 2337 1816 Fausta
2367 1777 2533 1826 uxor,
2565 1760 2693 1815 ﬁlia
2728 1761 3065 1816 Maximiani
3126 1762 3415 1826 Berculei,
3450 1777 3583 1833 quae
3615 1761 3772 1816 duo—

2125 1849 2316 1904 decim
2346 1850 2521 1905 annis
2552 1855 2688 1904 ante
2718 1850 2919 1904 mariti
2952 1850 3179 1905 obitum
3228 1851 3585 1906 decesserat.
3619 1850 3776 1907 520

2124 1939 2445 2009 Imperium
2481 1938 2668 1994 tribus
2721 1938 2861 1994 ﬁliis
2917 1940 3182 2010 reliquit,
3227 1941 3588 2001 Constantio.
3621 1941 3778 1995 Con-

2125 2028 2389 2083 stantino
2423 2033 2481 2082 et
2510 2029 2838 2095 Constanti,
2887 2029 2970 2083 ita
3019 2027 3271 2085 divisum
3303 2034 3366 2084 ut
3397 2029 3778 2085 Constantius

2125 2120 2429 2176 Thraciam
2462 2127 2521 2175 et
2551 2120 2851 2176 Orientem
2882 2126 3135 2188 teneret,
3187 2122 3611 2178 Constantinus
3647 2139 3779 2193 qua,

2125 2209 2462 2265 Occidentis
2520 2214 2658 2264 sunt
2712 2208 2786 2264 ad
2842 2211 3164 2272 Oceanum,
3198 2211 3485 2266 Constans
3515 2211 3776 2280 Cretam,

2123 2300 2383 2355 Africam
2415 2305 2474 2355 et
2502 2299 2827 2371 Illyricum.
2857 2300 3158 2357 Creditum
3179 2301 3289 2357 fuit
3319 2302 3778 2358 Constantinum

2124 2404 2160 2443 a
2190 2389 2313 2444 suis
2344 2389 2624 2444 fratribus
2646 2389 2907 2444 exhibito
2930 2389 3135 2445 lethali
3164 2406 3386 2446 veneno
3418 2391 3778 2446 exstinctum

2124 2477 2347 2543 fuisse;
2381 2477 2635 2548 ideoque
2687 2494 2822 2533 eum
2876 2495 2983 2535 sua
3039 2496 3220 2535 manu
3278 2478 3517 2551 scriptis
3561 2479 3778 2535 litteris

2124 2566 2443 2622 mandasse
2463 2567 2586 2622 filio
2611 2572 2728 2622 uta
2750 2568 2975 2639 patruis
2998 2568 3108 2623 sibi
3131 2574 3362 2625 caveret
3384 2585 3607 2640 eosque
3627 2568 3775 2624 ulci-

2125 2662 2390 2711 sceretur
2414 2671 2427 2722 ;
2452 2672 2552 2712 eas
2576 2656 2804 2713 litteras
2826 2657 3146 2713 Eusebium
3166 2657 3525 2714 Nicomedia:
3547 2659 3778 2729 episco-

2124 2760 2265 2815 pum
2293 2745 2614 2817 accepisse,
2650 2758 2709 2801 et
2746 2747 3090 2801 Constantio
3148 2763 3360 2802 recens
3410 2763 3480 2802 ex
3537 2748 3779 2804 Oriente

2123 2849 2358 2889 reverso
2391 2833 2725 2898 tradidisse,
2756 2835 3014 2904 indeque
3074 2835 3253 2891 etiam
3312 2835 3623 2907 Cpolitano
3653 2836 3779 2908 epi-

2124 2928 2367 2993 scopatu
2401 2922 2671 2993 potitum.
2706 2922 2912 2977 Visum
2940 2929 3137 2978 autem
3169 2923 3282 2978 fuit
3309 2922 3634 2978 absurdum
3666 2940 3778 2995 pa-

2122 3019 2289 3068 truos
2320 3013 2466 3068 istos
2489 3012 2667 3068 simul
2688 3013 2997 3068 universos
3020 3012 3168 3069 velle
3191 3013 3461 3069 occidere
3484 3031 3499 3080 ;
3525 3014 3780 3085 ideoque

2124 3101 2426 3157 decretum
2462 3107 2552 3158 est
2581 3116 2706 3155 rem
2763 3107 2935 3156 caute
2993 3101 3303 3173 agendam.
3363 3101 3532 3157 Diem
3577 3108 3780 3157 autem

2127 3206 2298 3246 suum
2332 3190 2426 3262 pie
2466 3190 2612 3245 obiit
2653 3190 3077 3245 Constantinus
3125 3192 3390 3263 Magnus,
3422 3205 3558 3245 cum
3588 3191 3778 3262 impe-

2044 3243 2087 3310 Ε
2126 3284 2316 3333 rasset
2345 3293 2532 3333 annos
2564 3277 2807 3349 triginta
2827 3276 2995 3345 duos,
3019 3292 3258 3332 menses
3276 3276 3505 3346 decem,
3534 3277 3778 3332 vixisset

2121 3383 2308 3424 annos
2338 3367 2645 3440 sexaginta
2666 3366 2950 3439 quinque.

2194 3624 2572 3681 Constantius
2630 3623 2939 3696 imperavit
2992 3640 3181 3680 annos
3234 3623 3439 3696 viginti
3496 3628 3771 3695 quatuor,

2123 3715 2413 3770 Constans
2461 3730 2649 3770 annos
2697 3712 3146 3786 septemdecim.
3197 3713 3624 3768 Constantinus
3656 3713 3773 3768 cito

2124 3803 2317 3875 periit.
2342 3802 2518 3874 idque
2542 3802 2651 3857 hoc
2672 3807 2843 3874 pacto
2875 3818 2888 3856 :
2920 3800 3253 3857 Accedebat
3270 3800 3344 3856 ad
3365 3801 3607 3857 fratrem
3629 3802 3776 3856 Con-

2125 3892 2436 3956 stantium,
2466 3897 2532 3946 ut
2553 3907 2688 3945 eum
2712 3906 2780 3945 eo
2802 3889 2874 3945 de
2905 3906 2969 3943 re
2992 3888 3249 3960 quadam
3280 3890 3773 3957 communicaret,

2125 3981 2357 4052 magnis
2386 3978 2701 4034 comitatus
2734 3978 2939 4050 copiis.
2985 3978 3152 4043 Quod
3183 3980 3585 4051 suspicionem
3616 3980 3773 4034 Con-

2125 4070 2342 4124 stantio
2369 4067 2569 4137 movit,
2601 4083 2675 4121 ne
2708 4066 2850 4138 quid
2893 4066 3076 4123 frater
3121 4067 3256 4122 novi
3310 4067 3640 4124 moliretur.
3671 4073 3774 4123 At-

2126 4174 2239 4229 que
2262 4148 2361 4212 hic
2390 4154 2562 4212 malis
2589 4155 3028 4212 consultoribus
3072 4173 3215 4211 usus
3258 4156 3332 4211 ad
3381 4174 3641 4229 pugnam
3672 4174 3775 4212 ex-

2123 4244 2520 4310 hortantibus,
2580 4249 2786 4299 contra
2859 4260 2994 4298 eum
3070 4244 3393 4300 exercitum
3452 4244 3657 4300 eduxit
3709 4244 3772 4300 in

2125 4335 2334 4402 aciem,
2358 4331 2804 4403 Commissoque
2836 4331 3040 4403 prwlio
3063 4332 3484 4388 Constantinus
3506 4332 3661 4387 inter
3681 4348 3775 4387 ex-

2124 4431 2347 4480 tremos
2378 4423 2439 4477 in
2470 4422 2607 4494 fuga
2652 4421 3112 4492 comprehensus
3170 4426 3227 4477 et
3282 4420 3630 4477 interfectus
3660 4425 3768 4476 est.

2121 4517 2210 4570 Ita
2238 4512 2617 4569 Constantius
2647 4511 2963 4568 Occidente
2994 4517 3116 4568 toto
3151 4512 3393 4583 potitur.
3425 4512 3634 4567 Satura
3661 4510 3774 4567 fuit

365 4610 610 4672 στάντιος
665 4612 765 4681 τὴν
822 4613 920 4664 τοῦ
976 4609 1231 4682 σώματος
1289 4602 1601 4680 ἀναδρομὴν
1648 4603 1895 4677 εὐμήκης
1926 4603 2013 4659 καὶ

2129 4601 2506 4659 Constantius
2561 4616 2828 4672 procera,
2862 4600 3012 4657 52!
3049 4616 3257 4671 navus,
3312 4606 3554 4672 aspectu
3595 4600 3769 4669 truci,

362 4697 668 4770 ἒπίξανθος,
700 4699 946 4775 χαροπὸς
987 4702 1100 4769 (95)
1147 4698 1246 4765 τήν
1306 4691 1455 4769 ὄψιν,
1508 4688 1880 4767 εὐμετάϐολος
1911 4694 2008 4762 τήν

361 4791 616 4868 γνώμην,
675 4791 907 4868 σώφρων
961 4788 1027 4843 τὰ
1082 4788 1218 4864 πρὸς
1274 4781 1585 4863 ἀφροδίσια,
1645 4784 1832 4847 φίλοις
1889 4804 2011 4837 συν-

2124 4693 2323 4750 animo
2356 4691 2741 4754 inconstanti.
2773 4691 2861 4746 rei
2908 4707 3172 4747 venerea:
3221 4691 3547 4759 abstinens,
3584 4691 3771 4748 comis

2124 4798 2261 4854 erga
2289 4780 2532 4845 amicos,
2562 4779 2623 4835 in
2654 4778 2785 4835 cibo
2822 4778 3252 4835 continentiam
3283 4779 3595 4851 adhibens,
3629 4778 3772 4838 sub-

1566 4909 1929 4966 XYLANDRI
1968 4908 2055 4963 ET
2090 4905 2308 4964 GOARI
2335 4904 2557 4964 NOTAE.

432 5042 547 5114 (92)
582 5043 781 5114 Aquas
810 5040 978 5114 nulla
1006 5040 1267 5114 humana
1296 5036 1612 5102 industria,
1645 5034 1749 5114 sed
1779 5039 2006 5114 natura:

356 5106 571 5198 sponte
603 5106 1012 5184 beneficioque
1043 5111 1117 5167 ad
1165 5110 1384 5166 balnea
1427 5112 1788 5181 praeparatas
1827 5106 2006 5162 intel-

357 5187 497 5260 lige.
532 5186 707 5241 Cosa.

424 5260 541 5329 (93)
608 5258 846 5330 Absque
905 5255 1102 5330 verbis
1162 5252 1225 5307 τὸ
1290 5247 1350 5330 δε
1424 5250 1670 5330 τούτους.
1717 5248 2007 5330 dumeta-ﬁ.-

356 5316 441 5383 ναί
472 5316 689 5385 sensus
719 5316 1025 5401 integrior,
1059 5327 1106 5382 si
1137 5323 1496 5398 praemiseris
1544 5319 1671 5376 ἀλλ’
1717 5316 1852 5375 ἔπεϊ
1881 5316 2010 5373 ἀλό-

361 5420 570 5477 γιστος.
613 5402 788 5457 Com.
1556 5466 1566 5476 α
1706 5465 1716 5474 _

435 5472 548 5544 (94)
581 5473 816 5529 Falsum
847 5472 959 5544 hoc
1017 5472 1106 5544 est
1129 5538 1142 5544 _
1163 5470 1242 5544 et_
1276 5472 1481 5544 contra
1509 5462 2006 5544 historiaaﬁdem.

364 5533 671 5600 Constanti
695 5545 854 5600 enim
877 5539 1106 5616 absenti
1129 5537 1349 5594 bellum
1372 5538 1632 5616 inferens
1653 5533 1807 5616 apud
1831 5533 2009 5616 nqui-

368 5615 545 5672 leiam
576 5617 649 5672 ab
681 5619 812 5685 eius
841 5614 1104 5671 exercitu
1135 5626 1323 5685 caesus
1359 5610 1541 5685 periit
1566 5610 2006 5666 Constantinus.

371 5688 441 5745 Et
468 5689 552 5744 sic
582 5682 759 5761 paulo
791 5693 927 5761 post
953 5690 1112 5741 recte
1143 5682 1377 5755 legitur.
1410 5682 1543 5737 XvL.

2187 5031 2299 5102 (95)
2349 5030 2453 5084 Hic
2508 5045 2677 5100 aeque
2734 5045 2801 5084 ac
2858 5028 3308 5102 in__J_ustiniano
3361 5026 3608 5101 χαροπόν
3663 5028 3764 5096 τήν

2116 5095 2240 5175 ὄψιν
2281 5095 2519 5172 ἀερεοιιι
2580 5095 2814 5175 ῐῃατεπι-
2840 5099 3100 5155 reddidit
3147 5095 3461 5175 interpres.
3490 5095 3771 5175 _Constat

2119 5171 2437 5241 autem,’ut
2467 5171 2752 5237 moribus,
2801 5172 2884 5226 ita
2939 5171 3205 5241 corporis
3256 5171 3438 5242 signis
3483 5172 3768 5228 Iustinia-

2118 5262 2260 5300 num
2294 5259 2586 5300 summam
2612 5242 3128 5298 mansuetudinem
3154 5243 3506 5313 prmtulisse.
3532 5244 3768 5300 Rectius

2117 5317 2319 5396 itaque
2351 5330 2485 5396 cum
2513 5313 2897 5396 Jo.“Baptist_a
2924 5316 3101 5368 Porta
3120 5313 3208 5396 in.
3242 5313 3562 5396 Phi/siege;
3595 5334 3768 5396 χαρο-

2116 5384 2426 5441 adv—caesiis
2483 5384 2673 5449 oculis,
2720 5384 2940 5449 quales
2998 5391 3139 5439 sunt
3194 5384 3444 5447 leonini.
3497 5384 3767 5445 illustrem

2116 5463 2538 5533 verto,__quem
2594 5454 2873 5533 eumdem
2925 5460 3191 5533 περιφερῆ
3248 5454 3339 5533 καὶ
3399 5454 3766 5533 εὐόφθαλμον,

2117 5528 2450 5601 volubilibus
2480 5527 2837 5597 benignisque
2894 5527 3062 5601 oculis
3119 5527 3516 5601 Conspicuum'
3556 5527 3766 5588 Suidas

2117 5617 2252 5658 cum
2302 5598 2489 5655 lexico
2550 5601 2859 5671 Anonymo
2918 5597 3064 5655 Bibl.
3126 5597 3282 5675 Reg:
3318 5601 3763 5675 interpretatur.

2117 5675 2295 5733 Con.
