4118 6276
389 333 508 394 867

1747 338 2069 401 GEORGII
2101 335 2441 400 CEDRENI

3689 341 3828 401 568

391 465 651 522 ditorum
683 467 1072 538 petitionibus
1105 473 1163 524 et
1192 471 1387 526 causis
1409 470 1730 542 benignus:
1755 469 2047 526 fructibus

2179 465 2646 544 ἱναστρεφόμενος,
2681 466 2952 544 ἐγκρατὴς
3011 468 3078 523 τά
3134 469 3270 543 πρὸς
3305 471 3540 546 τροφὴν,
3579 467 3832 541 εὐμενὴς

393 573 638 628 prorsus
669 556 1028 624 abstinebat,
1054 559 1114 613 in
1147 561 1631 616 contentionibus
1653 561 1869 615 ducum
1891 575 2049 613 sem-

394 663 503 717 per
554 645 832 702 decorum
884 648 1173 714 servabat,
1229 649 1530 705 neminem
1590 647 1954 704 ineruditum
1985 648 2047 702 in

397 742 672 789 senatum
700 736 1043 808 recipiebat,
1070 739 1196 808 ipso
1223 744 1282 793 et
1303 755 1540 810 prosam
1562 739 1888 793 orationem
1912 735 2051 791 scri-

397 822 536 878 bere
568 831 627 878 et
654 842 858 880 versus
889 843 1144 898 pangere
1176 827 1484 882 didicerat.
1535 828 1725 882 Unum
1757 827 1811 880 ei
1843 825 2046 880 vitium

398 911 608 981 adfuit,
641 930 834 985 pravae
860 914 932 969 de
956 915 1241 987 religione
1273 917 1606 988 opiniones.

469 1101 640 1154 Anno
700 1099 1028 1154 Constantii
1086 1100 1322 1172 imperii
1382 1100 1645 1157 secundo
1721 1099 2048 1155 Dalmatius

397 1188 590 1243 Caesar
621 1203 654 1242 a
685 1187 975 1244 militibus
1008 1196 1273 1254 necatur,
1304 1207 1498 1262 neque
1523 1190 1774 1262 jubente
1806 1189 1863 1243 id
1895 1189 2048 1244 Con-

399 1278 615 1332 stantio
648 1293 840 1348 neque
862 1284 1114 1335 vetante.
1138 1282 1320 1335 Erant
1340 1281 1517 1336 etiam
1541 1296 1660 1334 una
1678 1277 2047 1334 interfecturi

395 1366 629 1421 Gallum
661 1372 718 1420 et
745 1367 1050 1422 Julianum
1085 1368 1235 1424 ﬁlios
1266 1369 1590 1425 Constantii
1624 1369 1754 1440 ejus
1784 1369 1883 1440 qui
1908 1369 2051 1422 Con-

397 1455 658 1509 stantino
691 1454 899 1526 Magno
961 1456 1144 1512 frater
1189 1458 1333 1512 fuit:
1381 1458 1485 1512 sed
1543 1457 1774 1512 Gallum
1808 1455 2048 1512 morbus

399 1544 530 1598 neci
561 1543 872 1608 subtraxit,
903 1545 1206 1601 Iulianum
1241 1553 1405 1613 mtas,
1437 1552 1567 1602 octo
1599 1551 1829 1601 tantum
1863 1559 2049 1601 annos

400 1639 629 1688 natum.
650 1634 1028 1690 Constantius
1051 1642 1247 1690 autem
1271 1653 1406 1692 cum
1433 1642 1570 1692 ante
1598 1635 1956 1691 sententiam
1978 1634 2049 1689 de

402 1722 550 1777 Filio
577 1722 1069 1779 consubstantiali
1130 1731 1287 1780 esset
1340 1725 1672 1797 amplexus,
1714 1730 1849 1796 post
1876 1724 1948 1779 ab
1983 1739 2053 1777 ea

404 1811 912 1875 descivitJevitate
936 1813 1159 1885 ingenii
1181 1831 1248 1869 ac
1268 1814 1473 1870 fraude
1495 1815 1695 1870 Ariani
1723 1811 2052 1885 presbyteri

405 1907 465 1956 et
495 1900 728 1955 Eusebii
768 1903 1179 1958 ennuchorum
1209 1903 1498 1975 principis
1529 1909 1588 1958 et
1617 1903 1853 1958 Eusebii
1885 1902 2058 1957 Nico-

403 1989 728 2046 mediensis
759 1990 1044 2063 episcopi.

475 2079 668 2135 Tertio
696 2095 851 2134 anno
881 2079 1304 2136 Constantinus
1365 2097 1499 2137 eum
1531 2081 1591 2136 in
1625 2081 1912 2137 ditionem
1944 2079 2059 2135 fra-

404 2169 512 2224 tris
541 2169 879 2225 Constantis
912 2169 1269 2238 advenisset,
1301 2171 1622 2227 commissa
1651 2188 1849 2243 pugna
1875 2187 1909 2225 a
1939 2169 2061 2225 mi-

404 2257 611 2313 litibus
662 2263 752 2312 est
798 2258 1167 2323 interfectus,
1228 2265 1296 2315 ut
1347 2260 1622 2316 diximus.
1685 2260 2063 2314 Constantius

408 2347 664 2403 Orientis
690 2347 1014 2418 imperator
1043 2348 1273 2402 Gallum
1295 2355 1353 2402 et
1370 2349 1672 2404 Iulianum
1705 2347 2064 2405 erudiendos

408 2435 656 2492 tradidit
685 2437 747 2490 in
778 2437 907 2491 loco
970 2438 1070 2507 qui
1129 2439 1436 2494 Macelium
1490 2439 1824 2511 appellatur
1855 2444 1913 2494 et
1944 2453 2064 2492 non

414 2525 623 2597 procul
653 2525 820 2580 abest
849 2543 882 2581 a
913 2528 1178 2582 Caasarea
1229 2527 1636 2599 Cappadociaa.
1686 2528 1753 2583 Hi
1801 2528 1916 2583 duo
1948 2528 2066 2583 fra-

416 2619 538 2670 tres
569 2615 821 2670 lectores
849 2614 1238 2688 (Anagnostas
1259 2617 1490 2689 vocant)
1516 2617 2067 2686 fuerunt,intende-

416 2708 674 2774 runtquc
693 2705 984 2775 templum
1007 2712 1210 2760 sancto
1235 2708 1476 2776 martyri
1491 2707 1767 2762 Mamanti
1790 2706 2066 2762 condere.

418 2795 556 2860 Quae
588 2797 785 2848 autem
817 2809 956 2864 pars
987 2794 1140 2850 252
1167 2794 1402 2850 Juliano
1453 2794 1804 2850 mdiﬁcanda
1841 2795 2070 2867 obtige-

418 2887 530 2943 rat.
563 2882 645 2937 ibi
702 2883 894 2938 solum
953 2884 1262 2940 materiam
1321 2901 1442 2940 non
1498 2885 1742 2957 recepit.
1803 2885 2070 2942 Julianus

422 2977 593 3028 tonso
643 2972 859 3044 capillo
909 2973 1297 3028 monasticam
1340 2975 1518 3030 vitam
1569 2991 1631 3029 se
1679 2974 1889 3046 degere
1923 2974 2071 3028 velle

2157 557 2294 630 πρὸς
2322 556 2417 618 τὰς
2472 555 2716 626 αἰτήσεις
2771 556 2861 610 καὶ
2921 556 3123 631 κρίσεις
3178 561 3282 612 τῶν
3341 559 3621 612 ὑπτκόων·
3657 557 3829 612 ὀπω-

2158 651 2266 719 ρῶν
2298 646 2537 715 καθάπαξ
2596 645 2916 723 ἀφέστηκεν.
2979 647 3066 703 Ἐν
3121 643 3178 701 δὶ
3235 653 3352 708 ταῖς
3383 652 3492 702 τῶν
3523 648 3832 723 ἡγεμόνων

2157 733 2503 812 φιλοτιμίαις
2559 735 2622 790 τὸ
2676 737 2883 808 πρέπον
2941 735 3024 790 ἀεὶ
3083 732 3341 812 διετήρει.
3395 733 3608 793 Οὐδένα
3641 735 3701 791 δὶ
3738 737 3826 810 μή

2155 822 2404 886 παιδείας
2465 823 2764 899 μετέχοντα
2817 829 2884 899 τῇ
2945 826 3201 901 γερουσίᾳ
3256 825 3567 902 κατέλεγεν,
3614 829 3695 889 ὼς
3726 828 3827 880 καὶ

2155 913 2218 968 τὸ
2278 911 2438 988 εἷ’ρειν
2497 908 2664 988 λόγον
2734 914 2824 968 καὶ
2908 915 3128 988 μέτροις
3183 914 3404 990 γράφειν
3461 914 3828 982 ἐπίστασθαι,

2157 1003 2235 1058 ἐνὶ
2271 1003 2420 1076 μόνῳ
2447 1005 2717 1076 νοσήματι
2749 1008 2815 1078 τῇ
2846 1001 3138 1074 κακοδοξίᾳ
3168 1007 3282 1076 (96)
3321 1005 3668 1076 ἡττώμενος.

2227 1095 2321 1164 Τῷ
2356 1093 2400 1166 β’
2425 1090 2531 1148 ἔτει
2575 1100 2675 1162 τῆς
2735 1091 3014 1168 βασιλείας
3065 1095 3234 1149 αὐτοῦ
3265 1093 3578 1166 Δαλμάτιος
3609 1099 3829 1168 Καῖσαρ

2159 1183 2264 1238 ὑπὸ
2321 1187 2670 1254 στρατιωτῶν
2729 1183 3049 1259 ἀναιρεῖται,
3109 1182 3171 1238 οὗ
3243 1181 3600 1246 κελεύσαντος
3663 1187 3833 1240 Κων-

2159 1271 2431 1343 σταντίου,
2461 1269 2590 1327 ἀλλ’
2622 1269 2746 1328 οὐδὲ
2795 1270 3145 1335 κωλύσαντος
3191 1274 3290 1341 τὴν
3334 1275 3570 1350 σφαγήν.
3602 1271 3830 1346 ’Ὶκμελ-

2159 1361 2254 1418 λον
2286 1360 2342 1418 δὲ
2382 1369 2811 1438 συναναιρεῖσθαι
2864 1361 3080 1424 Γάλλος
3123 1361 3212 1417 καὶ
3245 1362 3544 1424 Ἰουλιανὸς
3574 1363 3626 1416 οἱ
3665 1365 3829 1419 Κων-

2160 1450 2412 1507 σταντίου
2467 1455 2565 1507 τοῦ
2616 1449 2860 1526 ἀδελφοῦ
2916 1456 3014 1508 τοῦ
3085 1450 3345 1525 Μεγάλου
3403 1453 3830 1509 Κωνσταντίνου

2157 1539 2368 1604 παῖδες.
2402 1539 2576 1598 Ἀλλᾶ
2606 1541 2699 1598 τὸν
2729 1542 2824 1616 μὲν
2883 1539 3098 1598 Γάλλον
3156 1541 3334 1609 νόσος,
3362 1541 3454 1596 τὸν
3485 1540 3543 1596 δὲ
3574 1540 3834 1599 Ἰουλια-

2158 1633 2251 1686 νὸν
2311 1633 2345 1702 ἡ
2403 1631 2670 1702 νηπιότης
2729 1629 3004 1686 διέσωσεν·
3067 1631 3331 1702 ὀκταετής
3378 1633 3482 1706 γάρ
3532 1631 3624 1700 ἦν.
3662 1635 3838 1687 Κων-

2161 1721 2403 1782 στάντιος
2435 1717 2492 1776 δέ
2522 1719 2785 1796 πρότερον
2836 1717 3136 1796 δεχόμενος
3162 1721 3226 1774 τὸ
3258 1720 3560 1793 ὁμοούσιον
3590 1719 3837 1793 ὕστερον

2084 1837 2130 1902 Β
2165 1808 2415 1902 μετέθετο
2485 1811 2822 1902 κουφότητιΔ
2876 1810 3106 1902 γνώμης
3163 1809 3500 1902 καὶ-ἀπάτῃ
3560 1813 3641 1882 [Ρ.
3695 1814 3837 1884 298]

2163 1904 2262 1955 τοῦ
2321 1901 2595 1976 Ἄρειοινοῦ
2651 1895 3020 1975 πρεσϐυτέρου
3076 1902 3167 1955 καὶ
3226 1895 3492 1957 Εὐσεϐίου
3545 1904 3646 1956 τοῦ
3711 1903 3836 1955 τῶν

2166 1988 2442 2067 εὐνούχων
2503 1989 2876 2064 πρωτεύοντος
2931 1988 3022 2044 καὶ
3091 1984 3357 2046 Εὐσεϐίου
3418 1985 3843 2061 Νικομηδείας.

2239 2081 2330 2150 Τῷ
2358 2079 2404 2153 γ’
2433 2075 2538 2132 ἔτει
2570 2081 2976 2140 Κωνσταντῖνος
3035 2075 3277 2132 ἐπελθὼν
3327 2082 3443 2138 τοῖς
3474 2078 3852 2142 Κώνστωιτος

2165 2171 2263 2222 τοῦ
2301 2165 2444 2222 ίδίου
2504 2164 2742 2246 ἀδελφοῦ
2804 2167 3020 2243 μέρεσιν
3077 2167 3166 2222 καὶ
3222 2162 3526 2240 συμϐαλὼν
3584 2165 3853 2242 πόλεμον

2169 2257 2407 2332 ἀνῃρέθη
2479 2257 2581 2312 ὑπὸ
2655 2261 2764 2312 τῶν
2842 2261 3210 2332 στρατιωτῶν,
3292 2256 3368 2319 ὠς
3433 2254 3847 2330 προλέλεκται.

2171 2346 2548 2411 Κωνστάντιος
2603 2343 2662 2400 δὶ
2715 2353 2817 2415 τῆς
2874 2347 3050 2418 Ἑῷας
3111 2345 3412 2421 βασιλεύων
3473 2343 3695 2401 Γάλλον
3751 2347 3846 2401 καί

2172 2434 2470 2493 Ἰουλιανὸν
2510 2432 2865 2506 παιδευθῆναι
2923 2435 3235 2506 παρέδωκεν
3292 2435 3344 2490 ἐν
3400 2435 3562 2512 χώρᾳ
3618 2436 3842 2492 καλου-

2177 2527 2308 2599 μένῃ
2343 2522 2410 2593 δὴ
2444 2523 2703 2597 Μακελίῳ
2737 2529 2870 2597 (97),
2927 2524 3162 2595 πλησίον
3219 2525 3546 2600 Καισαρείας
3597 2528 3843 2582 Καππα-

2174 2613 2376 2678 δοκίας.
2413 2615 2579 2672 Οὗτοι
2639 2615 2690 2669 οἱ
2750 2612 2846 2668 δύο
2904 2611 3133 2688 ἀδελφοὶ
3189 2615 3516 2688 ἀναγνῶσται
3547 2616 3839 2691 γεγόνασι,

2173 2704 2263 2759 καὶ
2323 2702 2618 2775 ἐκκλησίαν
2696 2703 2872 2758 κτίσαι
2946 2707 3026 2774 τῷ
3084 2702 3218 2777 ἁγίῳ
3279 2703 3512 2779 μάρτυρι
3569 2705 3834 2777 Μάμαντι

2175 2795 2658 2868 προεθυμήθησαν.
2717 2795 2805 2850 Ἐν
2853 2793 2898 2865 ᾧ
2952 2791 3008 2848 δὶ
3067 2796 3219 2868 μέρει
3268 2795 3468 2864 κτίζειν
3521 2792 3824 2856 Ἰουλιανὸς

2175 2881 2367 2961 ἔλαχε,
2417 2886 2578 2936 τοῦτο
2608 2884 2644 2951 ἡ
2675 2889 2746 2959 γῆ
2807 2881 2906 2936 οὐκ
2959 2879 3198 2956 ἐδέχετο.
3260 2884 3711 2959 Ἀποκειράμενος
3757 2881 3818 2938 δὲ

2173 2975 2271 3035 τὰς
2323 2971 2519 3046 τρίχας
2582 2973 2890 3046 μοναχικήν
2949 2972 3174 3043 ἄσκησιν
3264 2974 3601 3048 ὑπεκρίνατο.
3660 2977 3823 3030 Κων-

420 3061 744 3118 simulavit.
780 3064 1161 3119 Constantius
1185 3070 1242 3118 et
1263 3065 1554 3120 Constans
1586 3064 1774 3137 legem
1807 3064 2060 3119 tulerunt

2179 3059 2421 3121 στάντιος
2471 3056 2528 3113 δέ
2578 3058 2669 3113 καὶ
2720 3059 2974 3123 Κώνστας
3019 3058 3415 3132 ἐνομοθέτησαν
3449 3057 3711 3118 Ἰουδαῖον
3749 3064 3832 3134 μή

414 3169 489 3208 ne
518 3152 652 3223 quis
673 3151 910 3207 Judaeus
933 3169 1166 3208 servum
1193 3160 1452 3210 emeret:
1477 3160 1742 3225 emptum
1774 3153 2063 3225 publicari

404 3242 757 3313 jusserunt;
819 3241 866 3295 si
918 3242 1051 3312 quis
1103 3243 1532 3299 circumcidere
1591 3260 1824 3299 servum
1883 3259 2064 3300 ausus

410 3338 586 3395 esset,
619 3332 814 3403 gladio
842 3332 1004 3386 feriri
1039 3339 1096 3386 et
1123 3333 1280 3388 bona
1311 3334 1440 3405 ejus
1463 3335 1775 3406 publicari.

478 3421 665 3476 Annis
723 3427 978 3491 quatuor
1034 3428 1093 3476 et
1149 3423 1413 3494 quinque
1453 3425 1770 3480 Antiochia
1801 3425 2063 3480 triduum

408 3526 623 3582 magno
659 3515 830 3564 terra:
863 3515 1028 3564 motu
1058 3511 1394 3580 periclitata
1423 3518 1530 3567 est.

480 3600 656 3654 Sexto
689 3615 845 3654 anno
877 3600 1257 3656 Constantius
1285 3600 1357 3656 de
1377 3601 1546 3656 victis
1579 3602 1834 3674 Assyriis
1863 3601 2067 3657 trium-

407 3689 610 3762 phavit
666 3689 917 3760 Sapores
949 3690 1263 3745 Persarum
1296 3707 1398 3745 rex
1420 3690 1787 3747 Christianos
1819 3697 1909 3747 est
1937 3708 2065 3763 per-

411 3786 670 3835 secutus.
704 3779 993 3834 Constans
1026 3779 1086 3834 in
1117 3780 1435 3837 Occidente
1473 3781 1731 3836 Francos
1761 3797 2066 3853 oppugna—

410 3870 510 3924 vit.
559 3875 635 3924 Eo
695 3885 853 3925 anno
911 3869 1198 3941 Didymus
1254 3871 1518 3941 quidam,
1578 3872 1664 3926 vir
1721 3871 2064 3943 praeclarus,

413 3957 601 4013 oculis
631 3965 837 4028 captus
869 3957 1149 4013 innotuit.
1174 3958 1260 4014 Ad
1284 3960 1440 4015 hunc
1470 3977 1718 4033 magnus
1750 3961 1850 4016 ille
1881 3962 2067 4014 Anto-

411 4047 549 4102 nius
573 4046 946 4101 Alexandriaa
1004 4047 1336 4104 accedens:
1395 4050 1523 4104 Non
1577 4055 1686 4117 est,
1719 4050 1821 4116 ait,
1856 4067 1960 4104 cur
1991 4049 2064 4104 ob

402 4136 700 4207 jacturam
726 4133 1033 4190 oculorum
1052 4137 1447 4207 perturberis:
1468 4137 1614 4193 tales
1632 4139 1791 4193 enim
1813 4131 2066 4193 amisisti

410 4224 641 4288 oculos,
676 4241 826 4297 quos
857 4224 1036 4280 etiam
1071 4243 1289 4282 muscae
1324 4243 1391 4281 ac
1423 4227 1643 4283 culices
1688 4227 1904 4283 damno
1935 4227 2067 4283 affi-

401 4332 534 4370 cere
588 4321 852 4385 possunt.
913 4314 1109 4371 Gaude
1168 4315 1366 4388 potius
1425 4317 1581 4388 quod
1638 4317 1842 4372 oculos
1882 4317 2066 4372 habes

411 4406 690 4479 qualibus
720 4405 914 4478 angeli
945 4405 1162 4460 vident.

480 4494 744 4565 Septimo
775 4510 931 4549 anno
965 4495 1190 4565 ingenti
1249 4500 1421 4551 terra)
1477 4504 1641 4553 motu
1687 4499 2067 4554 Neocaesarea

409 4583 561 4639 mari
594 4582 874 4653 absorpta
903 4587 1012 4650 est,
1048 4589 1274 4638 tantum
1326 4585 1587 4656 episcopi
1622 4588 1760 4642 sede
1793 4593 1850 4642 et
1879 4587 2064 4643 eccle-

411 4673 500 4727 sia
556 4671 994 4743 superstitibus.
1051 4673 1210 4728 Tunc
1263 4674 1441 4728 etiam
1497 4675 1714 4730 Paulus
1760 4677 2064 4732 confessor

411 4761 726 4833 episcopus
759 4759 1104 4830 Cpolitanus
1135 4761 1434 4833 deligitur.

481 4853 693 4908 Octavo
724 4867 882 4907 anno
917 4866 1127 4924 magno
1179 4857 1353 4908 terrm
1399 4859 1563 4909 motu
1596 4853 1836 4911 Rhodus
1867 4854 2066 4912 insula

404 4946 703 5016 prostrata
732 4945 842 4997 est.

2178 3149 2429 3213 ὠνεῖσθαι
2497 3145 2717 3215 δοῦλον,
2783 3146 2900 3203 ἐπεὶ
2966 3147 3308 3223 ἀφαιρεῖσθαι
3371 3150 3531 3205 αὐτὸν
3601 3149 3680 3212 εἰς
3745 3151 3837 3205 νὸν

2104 3198 2148 3262 C
2178 3237 2444 3312 δημόσιον
2479 3238 2669 3317 Αὸγον·
2700 3236 2744 3292 εἶ
2769 3235 2824 3292 δε
2846 3239 2933 3292 καὶ
2964 3198 3272 3313 πέριίζεμεῖν
3298 3239 3568 3312 τολμήσει
3603 3238 3836 3312 δοῦλον,

2171 3328 2308 3406 ξίφει
2341 3329 2696 3403 τιμωρεῖσθαι
2743 3328 2833 3382 καὶ
2879 3329 2978 3398 τήν
3006 3328 3201 3383 τούτου
3252 3327 3583 3402 δημεύεσθαι
3614 3331 3833 3386 οὐσίαν.

2242 3422 2332 3490 Τῷ
2365 3413 2409 3471 δ’
2435 3419 2522 3473 καὶ
2556 3418 2593 3472 ε’
2623 3412 2728 3472 ἔτει
2757 3417 3074 3493 ’Δντιόχεια
3129 3418 3233 3474 ὑπὸ
3291 3423 3522 3493 σεισμοῦ
3573 3421 3832 3494 μεγάλου

2173 3507 2260 3562 ἐπὶ
2289 3506 2462 3581 τρισὶν
2497 3505 2729 3581 ἡμέραις
2756 3504 3068 3564 ἐκινδύνευε.

2242 3601 2330 3668 Τῷ
2413 3597 2457 3660 ς’
2532 3594 2636 3651 ἔτει
2742 3597 3116 3659 Κωνστάντιος
3193 3597 3507 3674 Ἀσσυρίους
3597 3601 3838 3670 νικήσας

2173 3679 2553 3759 ἐθριάμϐευσε,
2607 3686 2882 3759 Σαπώρης
2940 3683 2997 3741 δὲ
3055 3687 3083 3743 ὁ
3137 3691 3245 3742 τῶν
3296 3693 3514 3760 Περσῶν
3563 3687 3832 3763 βασιλεὺς

2172 3776 2306 3839 τοὺς
2362 3775 2715 3850 Χριστιανοὺς
2774 3773 2987 3846 ἐδίωκε,
3048 3776 3306 3840 Κώνστας
3362 3774 3420 3832 δὲ
3474 3775 3526 3832 ἐν
3566 3781 3635 3851 τῇ
3670 3779 3835 3835 Δύσει

2175 3863 2462 3939 Φράγγους
2520 3863 2809 3937 ἐπόρθησε.
2869 3866 3063 3938 Τούτῳ
3113 3870 3192 3938 τῷ
3267 3864 3372 3922 ἔτει
3440 3865 3683 3941 Δίδυμός
3741 3889 3828 3930 τις

2175 3952 2480 4028 ἐλλόγιμος
2553 3953 2693 4028 ἀνὴρ
2767 3954 2874 4009 ἀπὸ
2948 3953 3212 4028 ὀμμάτων
3289 3956 3400 4029 (98)
3476 3955 3828 4030 ἐγνωρίζετο.

2172 4044 2359 4117 Τούτῳ
2417 4044 2658 4126 ἐντυχὼν
2715 4045 2743 4099 ὁ
2805 4047 2973 4119 μέγας
3028 4045 3320 4108 Ἀντώνιος
3351 4045 3402 4100 ἐν
3445 4045 3834 4120 Ἀλεξανδρείᾳ

2177 4134 2297 4190 εἶπε
2327 4134 2462 4210 πρὸς
2497 4133 2678 4190 αυτὸν·
2713 4131 2895 4206 Μηδὲν
2931 4136 3244 4210 ταραττέτω
3277 4156 3334 4190 σε
3363 4137 3398 4206 ἡ
3431 4131 3687 4206 ἀποϐολὴ
3717 4144 3832 4193 τῶν

2176 4222 2464 4299 ὀμμάτων
2497 4224 2737 4279 τοιοῦτοι
2795 4224 2898 4302 γὰρ
2961 4245 3020 4278 σε
3076 4222 3356 4279 λείπουσιν
3413 4225 3691 4302 ὀφθαλμοὶ
3737 4226 3832 4289 οὕς

2173 4315 2265 4370 καὶ
2326 4320 2482 4387 μυῖαι
2534 4315 2624 4369 καὶ
2681 4315 2942 4376 κώνωπες
3004 4312 3210 4388 βλάψαι
3265 4313 3518 4393 ἰσχύουσι
3572 4317 3742 4390 Χαῖρε
3773 4314 3832 4371 δὲ

2177 4403 2260 4459 ὅτι
2293 4401 2442 4483 ἔχεις
2475 4401 2794 4480 ὀρθαλμοὺς
2827 4403 2908 4465 οἷς
2937 4401 3026 4457 καὶ
3061 4401 3286 4480 ἄγγελοι
3322 4402 3610 4479 βλέπουσι.

2249 4495 2345 4564 Τῷ
2377 4495 2419 4564 ζ’
2449 4491 2554 4548 ἔτει
2613 4496 2839 4566 σεισμοῦ
2898 4491 3144 4571 μεγάλου
3199 4491 3494 4565 γενομένου
3525 4493 3824 4551 Νεοκαισά-

2176 4605 2292 4662 ρεια
2359 4585 2706 4638 ποντισθεῖσα
2763 4583 3084 4653 κατεπτώθη
3147 4580 3296 4652 πλὴν
3363 4586 3462 4653 τῆς
3522 4583 3814 4650 ἐπισκοπῆς

2173 4675 2262 4729 καὶ
2293 4680 2392 4741 τῆς
2441 4670 2754 4743 ἐκκλησίας.
2816 4673 2954 4729 Τότε
3009 4673 3100 4727 καὶ
3161 4671 3378 4735 Παῦλος
3407 4674 3435 4728 ὁ
3467 4671 3812 4747 ὁμολογητὴς

2174 4768 2570 4841 χειροτονεῖται
2601 4760 2895 4824 ἐπίσκοπος
2928 4762 3570 4826 Κωνσταντινουπόλεως.

2245 4856 2346 4926 Τῷ
2394 4854 2445 4924 η’
2503 4850 2606 4912 ἔτει
2666 4856 2890 4925 σεισμοῦ
2947 4851 3190 4927 μεγάλου
3248 4852 3536 4928 γενομένου
3566 4851 3756 4917 Ῥόδος
3789 4855 3823 4925 ἡ

2172 4950 2344 5015 νῆσος
2365 4943 2648 5001 κατέπεσε.
3266 4975 3273 4978 -

1621 5095 1982 5158 XYLANDRI
2021 5097 2108 5153 ET
2146 5097 2364 5154 GOARI
2401 5098 2621 5155 ΝΟΤᾸΞ.

459 5221 572 5293 (96)
605 5219 974 5293 Favitenim
1027 5217 1257 5293 Arianae
1319 5218 1611 5293 impietali
1665 5221 1735 5293 Et
1789 5225 1946 5293 recte
2006 5221 2067 5276 in

394 5288 664 5366 margine
697 5291 966 5366 additur,
1028 5288 1144 5366 οὐαῖ
1175 5289 1294 5366 -δτι
1317 5288 1424 5366 *τῷ
1447 5291 1661 5346 πάντων
1691 5290 1924 5366 ἐσχάτῳ.
1956 5294 2064 5349 De-

399 5362 594 5436 plorat
627 5379 766 5417 eum
805 5363 913 5417 hoc
944 5379 1061 5418 uno
1087 5363 1226 5417 vitio
1253 5362 1578 5430 laborasse,
1603 5362 2062 5436 quod'omnium

406 5434 484 5486 sit
510 5449 837 5487 summum.
867 5436 991 5488 XvL

480 5504 598 5580 (97,_
626 5504 958 5580 Scriptura
984 5521 1280 5580 perversa.
1339 5508 1687 5580 Ammianus
1736 5525 1855 5563 non
1887 5507 2058 5580 longe

412 5575 485 5630 ab
517 5575 690 5650 initio
722 5576 759 5628 ι.
796 5591 873 5650 xv
905 5575 1167 5650 Marcelli
1214 5578 1479 5650 fundum
1537 5587 1740 5636 vocat:
1802 5575 2058 5650 legerem

413 5663 549 5722 ergo
627 5642 982 5722 Μαρκελλίῳ.
1062 5647 1234 5719 Apud
1305 5651 1691 5706 Sozomenum
1763 5642 2059 5725 μαρῖιέλλῳ

2179 5221 2414 5304 legitur,
2446 5241 2498 5291 v,
2532 5223 2568 5276 2
2593 5240 2605 5278 :
2631 5220 2742 5304 sed
2771 5221 2832 5276 in
2877 5221 3263 5304 eo_scriptore
3312 5225 3557 5281 nomina
3587 5228 3830 5304 propria

2177 5295 2372 5350 vitiari
2406 5312 2525 5350 non
2558 5299 2648 5349 est
2676 5310 2913 5348 novum.
2951 5293 3091 5348 XYL.

2249 5369 2355 5438 (98)
2387 5369 2510 5422 Non
2542 5366 2614 5421 ab
2645 5365 2863 5438 oculis,
2895 5381 3152 5438 quorum
3208 5365 3408 5423 lumen
3464 5371 3830 5428 exstinctum

2176 5435 2780 5525 erat,’innotescebat‘
2804 5435 3108 5518 Didymus,
3161 5438 3264 5525 sed
3319 5441 3475 5525 quod
3506 5457 3540 5496 a
3573 5443 3828 5524 visendo

2173 5511 2545 5579 excessisset,
2601 5526 2670 5565 ea
2725 5508 2927 5580 phrasi
2984 5525 3103 5579 qua
3164 5508 3268 5562 ἀπὸ
3334 5508 3573 5576 ὑπατων,
3606 5522 3668 5569 et
3721 5515 3827 5570 dum

2169 5580 2540 5710 ἔραμματέων
2608 5581 2869 5637 exconsul
2948 5588 3006 5634 et
3088 5583 3336 5638 eccm-{ba
3424 5595 3823 5662 nuncupatur.

2216 5668 2341 5710 οιιιι.

2216 5668 2341 5712 ΘΑΚ.
