4118 6288
313 403 432 463 569

1457 405 1995 470 ElSTOltlARUM
2044 402 2596 468 COMPENDIUM.

3601 403 3724 466 5Ἱο

387 536 478 605 Τῷ
517 535 559 590 0'
591 532 697 590 ἔτει
757 535 1060 613 Δυρράχιον
1117 536 1283 595 πόλις
1333 545 1434 610 τῆς
1492 538 1806 611 Δαλματίας
1855 536 1941 592 imi

2146 539 2306 593 Nono
2363 554 2520 592 anno
2579 535 2964 608 Dyrrachium
3024 535 3329 592 Dalmatia:
3381 537 3523 593 urbs
3549 543 3722 594 terrm

312 627 540 678 σεισαοῦ
571 620 861 702 διεφθάρη,
891 626 976 680 καὶ
1009 627 1202 701 Ῥωμη
1267 627 1318 684 ἐν
1373 629 1548 704 τρισὶν
1601 625 1964 684 ἐκινδύνευσεν

2073 633 2236 682 motu
2269 626 2465 698 periit.
2498 629 2582 680 Ac
2612 629 2797 680 Roma
2825 627 3002 681 etiam
3045 643 3150 698 per
3200 626 3458 682 triduum
3491 629 3727 699 pericu-

311 711 550 785 ἡμέραις
614 713 897 784 σειομένη,
959 721 1064 784 τῆς
1133 715 1190 771 δὶ
1258 717 1579 790 Καμπανίας
1650 717 1720 792 ιβ’
1776 713 1936 771 πόλει

2071 716 2195 772 lose
2221 718 2482 779 tremuit.
2503 715 2814 772 duodecim
2838 716 3174 788 Campaniae
3195 718 3372 772 urbes
3395 719 3723 788 perierunt

311 799 697 879 διεφθάρησαν.
756 801 966 860 Ἐλθὼν
1026 803 1083 860 δὲ
1142 807 1524 870 Κωνσταντιος
1567 807 1643 868 εἷς
1668 807 1731 862 τὸ
1767 805 1966 876 Βυζάν-

304 910 427 946 τιον
462 888 676 946 Παῦλον
703 893 799 946 τὸν
839 891 1135 950 ἐπίσκοπον
1188 901 1285 950 τοῦ
1344 897 1539 971 θρόνου
1570 894 1839 967 ἀπήλασε,
1872 895 1961 950 καὶ

299 977 396 1031 τὸν
431 973 784 1034 ἀσεϐέστατον
843 976 1104 1037 Εὐσὲϐιον
1158 985 1249 1044 τὸν
1305 981 1667 1058 ήικομηδείας
1707 984 1962 1060 εἰσήγαγε

299 1064 612 1140 λῃστρικῶς
642 1070 731 1123 καὶ
791 1068 1066 1145 ἀθὲσμως,
1121 1074 1183 1128 τὸ
1237 1079 1344 1129 τῶν
1386 1079 1566 1130 κακῶν
1599 1074 1956 1150 καταγώγιον.

297 1156 408 1213 Καὶ
463 1160 896 1215 συντελεσθεῖσαν
951 1163 1053 1232 τὴν
1105 1168 1204 1218 τοῦ
1261 1169 1396 1220 Θεοῦ
1453 1163 1696 1241 μεγάλου
1759 1162 1957 1234 ἐκκλη-

295 1245 420 1300 σίαν
450 1247 554 1302 ὑπὸ
587 1250 964 1306 Κωνσταντίου
1020 1253 1157 1308 κατά
1221 1255 1322 1322 τήν
1377 1253 1698 1325 ἐνδιάθηγον
1732 1251 1958 1322 ἐντολήν

291 1339 396 1390 τοῦ
429 1336 684 1414 Μεγάλου
744 1342 1156 1398 Κωνσταντίνου
1214 1339 1475 1406 Εὐσέϐιος
1525 1343 1830 1421 ἐγκαινίζει,
1864 1342 1954 1398 καὶ

287 1425 360 1479 τὰ
433 1425 658 1500 λείψανα
713 1429 818 1483 ἀπὸ
877 1431 1216 1507 Ἀντιοχείας
1280 1433 1496 1506 κομίζει
1553 1433 1643 1488 καὶ
1701 1431 1753 1486 ἐν
1806 1431 1955 1505 αὐτῷ

285 1514 622 1587 κατατίθησι
682 1522 778 1572 τοῦ
837 1519 997 1596 ἁγίου
1060 1542 1334 1597 μαρτυρος
1387 1519 1684 1599 Παμφίλου
1714 1521 1804 1576 καὶ
1847 1525 1954 1576 τῶν

287 1603 388 1659 σὺν
426 1604 598 1677 αὐτῷ,
628 1606 960 1680 Θεοδούλου,
998 1611 1308 1687 ΙΙοριρυρίου
1365 1612 1456 1666 καὶ
1490 1611 1728 1669 Παύλου.
1764 1609 1949 1679 Ἀλεξ-

284 1690 512 1768 ανδρεῖς
574 1691 631 1750 δὲ
689 1697 990 1772 Γρηγόριον
1051 1696 1356 1774 λῃστρικῶς
1415 1703 1500 1774 [Ρ.
1534 1693 1952 1774 299]ἐπι6ἀντα

278 1781 386 1838 τοῖ’»
422 1784 618 1857 θρόνου
677 1784 1090 1859 Ἀλεξανδρείας
1146 1789 1238 1844 καὶ
1293 1790 1388 1845 τὸν
1433 1789 1598 1864 μεγαν
1636 1790 1947 1846 Ἀθανασιον

2072 807 2226 863 528
2258 806 2639 862 Constantius
2695 811 2759 860 ut
2813 807 3151 876 Byzantium
3199 807 3379 874 venit,
3413 808 3721 879 episcopa-

2069 900 2194 950 tum
2229 895 2393 950 Pauli
2421 895 2664 964 ademit,
2688 895 3219 966 impiissimumque
3241 896 3559 952 Eusebium
3582 899 3710 960 (mi-

2067 985 2228 1039 nime
2251 1003 2356 1040 suo
2379 985 2605 1040 nomini
2632 985 3115 1056 respondentem)
3149 985 3494 1054 introduxit,
3529 986 3712 1040 latro-

2066 1074 2222 1128 cinio
2256 1074 2480 1146 injusto
2510 1075 2685 1130 malis
2728 1074 2960 1146 asylum
3007 1074 3300 1144 aperiens.
3334 1074 3495 1128 ldem
3528 1077 3712 1130 Euse-

2062 1162 2196 1218 bius
2227 1164 2423 1235 magni
2458 1163 2559 1218 Dei
2589 1163 2876 1235 templum
2909 1179 2944 1217 ιι
2973 1163 3316 1218 Constantio
3347 1163 3709 1230 absolutum,

2064 1253 2235 1307 sicuti
2267 1253 2690 1308 Constantinus
2719 1258 3072 1308 testamento
3114 1253 3515 1320 mandaverat,
3546 1253 3712 1308 dedi-

2063 1343 2213 1397 cavit.
2238 1360 2250 1408 ;
2279 1350 2456 1413 atque
2478 1342 2793 1398 Antiochia
2813 1342 3022 1397 allatas
3045 1350 3383 1397 sanctorum
3415 1342 3709 1413 Pamphili

2062 1433 2339 1504 martyris
2369 1438 2428 1487 et
2457 1433 2748 1488 sooioram
2769 1432 3076 1499 Theoduli,
3100 1432 3409 1503 Porphyrii
3441 1449 3510 1487 ac
3539 1432 3706 1487 Pauli

2058 1521 2343 1593 reliquias
2375 1523 2435 1576 in
2467 1539 2536 1577 eo
2567 1522 2859 1594 deposuit.
2897 1521 3284 1577 Alexandrini
3331 1528 3532 1577 autem
3565 1524 3708 1577 Gre-

2056 1613 2311 1681 gorium,
2344 1612 2444 1682 qui
2477 1612 2884 1684 episcopatum
2935 1612 3246 1666 latrocinio
3293 1618 3701 1684 occupaverat,

2057 1690 2456 1775 magnumque
2481 1702 2870 1758 Athanasium
2910 1719 3016 1774 per
3059 1703 3406 1758 sexennium
3438 1702 3576 1759 inde
3608 1721 3704 1758 ar-

2056 1798 2278 1857 cuerat,
2313 1794 2759 1847 interfecerunt.
2785 1793 2846 1845 In
2872 1791 3002 1862 ejus
3024 1791 3220 1846 locum
3244 1791 3599 1864 snbrogatur
3629 1792 3702 1847 ab

281 1869 673 1942 ἀποδιώξαντα
705 1873 790 1928 ἐπὶ
823 1873 874 1944 ἓξ
918 1870 1085 1930 ἔτεσιν
1143 1877 1382 1937 ἀνεῖλον,
1417 1879 1512 1933 Καὶ
1553 1882 1941 1953 χειροτονεῖται

282 1962 300 1983 Ῑ
367 1962 386 1983 ἴ
451 1967 463 1983 Ι
485 1964 505 1983 Δ
539 1982 544 1983 ,
567 1982 574 1983 κ
683 1966 705 1978 ο
803 1969 840 1983 νς
895 1967 906 1983 ν
1150 1966 1164 1983 ς
1333 1968 1346 1983 \
1503 1968 1514 1983 Ι
1793 1973 1831 1983 π.

2063 1880 2294 1936 Arianis
2323 1881 2606 1952 Georgius
2664 1896 2870 1936 eorum
2932 1885 3128 1947 sectae,
3185 1886 3517 1936 monstrum
3551 1881 3701 1952 Cap-

280 1962 396 2017 ὑπὸ
451 1964 746 2037 Ἀρειανῶν
803 1967 1073 2040 Γεώργιος
1139 1966 1411 2042 ἀρειανὸς,
1462 1968 1623 2044 τὲραι·
1680 1989 1732 2023 τι
1789 1973 1946 2023 Καπ-

277 2048 610 2108 παδόκειον.

349 2143 448 2213 Τῷ
480 2143 512 2196 ι’
541 2138 646 2198 ἔτει
683 2143 1048 2210 Κωνστάντιος
1075 2146 1166 2202 τὸν
1196 2144 1248 2202 ἐν
1295 2146 1585 2218 Σελευκείᾳ
1614 2154 1714 2218 τῆς
1750 2146 1945 2224 Συρίας

270 2223 483 2303 λιμένα
527 2231 846 2308 πεποίηκεν,
878 2231 1005 2308 ὅρος
1061 2232 1150 2290 ἐπὶ
1211 2234 1356 2291 πολὺ
1389 2233 1683 2308 διατεμὼν,
1723 2235 1810 2291 καὶ
1841 2236 1941 2304 τήν

275 2316 453 2375 πόλιν
484 2319 896 2396 ἀνῳκοδοῖμησε.
932 2325 1034 2381 Καὶ
1077 2327 1176 2396 τήν
1237 2323 1559 2401 Ἀντάραδον
1611 2325 1664 2381 ἒν
1712 2327 1942 2401 Φοινίκῃ

271 2405 508 2481 ἔκτισεν,
555 2409 622 2479 ἥν
675 2412 1080 2468 Κωνσταιτείαν
1139 2413 1414 2488 ὠνόμασε.
1457 2417 1552 2487 Τῷ
1581 2413 1630 2470 δ’
1657 2416 1809 2484 αὐτῷ
1839 2410 1944 2471 ἔτει

271 2493 527 2573 ἔκλειψις
557 2497 774 2574 ἐγάνετο
827 2501 1017 2573 ἡλίου,
1071 2503 1202 2576 μηνὶ
1252 2503 1453 2576 Δαισίῳ
1485 2505 1551 2572 ς’,
1581 2503 1794 2578 ἡμέρας
1831 2503 1946 2576 ὥρᾳ

271 2585 458 2661 τρίτῃ.
494 2586 594 2642 Καὶ
656 2588 710 2642 οἱ
767 2587 1127 2654 ἀπελαθέντες
1187 2590 1470 2664 ὀρθόδοξοι
1513 2591 1801 2647 ἱπίσκοποι
1834 2593 1946 2666 ἅμα

276 2676 593 2750 Ἀθανασίῳ
618 2678 716 2745 τήν
749 2678 975 2750 Ῥώμην
1004 2675 1548 2753 καταλαμϐάνουσιν.

355 2768 450 2839 Τῷ
528 2763 588 2820 δε
664 2767 729 2821 ια’
803 2760 910 2822 ἔτει
984 2771 1302 2844 γράμμασιν
1351 2769 1590 2826 Ἰουλίου
1643 2775 1740 2825 τοῦ
1791 2771 1946 2826 παπα

275 2840 510 2927 Ῥώμης
544 2853 909 2931 θαρρήσαντες
938 2840 1067 2920 τους
1097 2840 1105 2844 ﬁ
1130 2840 1305 2922 ίόίους
1361 2858 1586 2935 θρόνους
1615 2854 1941 2918 κατέλαϐον.

281 2942 662 3004 Κωνστὰντιος
687 2941 744 2998 δὲ
767 2942 819 2998 ἐν
845 2945 1160 3021 Ἀντιοχείᾳ
1180 2944 1382 3022 διάγων
1403 2948 1631 3009 τούτους
1661 2946 1942 3019 ἀπήλασεν

290 3028 545 3108 ὑποϐολῇ
577 3039 688 3089 τῶν
719 3037 1033 3110 Ἀρειανῶν.

355 3129 444 3195 Τῷ
477 3125 549 3200 ιβ’
581 3119 685 3179 ἔτει
720 3125 944 3197 σεισμὸς
986 3127 1157 3202 μέγας
1205 3126 1411 3204 ἐγένετο
1470 3127 1522 3184 ἐν
1582 3131 1815 3206 Βηρυτῷ
1841 3137 1941 3201 τῆς

297 3214 568 3283 Φοινίκης,
599 3214 674 3277 ὡς
694 3217 760 3270 τὸ
791 3217 983 3271 πλεῖον
1014 3219 1114 3287 τῆς
1147 3216 1363 3281 πόλεως
1394 3224 1600 3276 πεσεῖν.

361 3303 459 3372 Τῷ
492 3305 552 3376 ιγ’
601 3301 708 3358 ἔτει
770 3305 1044 3380 Σαπώρης
1104 3305 1312 3382 Πέρσης
1366 3310 1465 3378 τήν
1529 3303 1745 3367 Νίσιϐιν
1775 3307 1937 3364 πόλιν

285 3388 556 3453 ποικίλως
594 3395 1040 3466 παρακαθεσθεὶς,
1102 3396 1192 3450 τόν
1249 3417 1310 3452 τε
1366 3397 1612 3470 ποταμὸν
1660 3397 1798 3453 κατά
1843 3399 1940 3467 τῆς

276 3480 497 3544 πόλεως
525 3487 749 3555 κινήσας
805 3485 896 3540 καὶ
954 3487 1213 3550 παντοίας
1275 3488 1528 3563 μηχανὰς
1568 3491 1803 3560 ποιήσας
1830 3491 1936 3558 ἡτ-

275 3574 449 3643 τήθη,
508 3571 600 3628 καὶ
660 3572 875 3651 φεύγων
936 3573 1013 3636 είς
1067 3577 1167 3645 τὴν
1227 3575 1430 3632 οἰκείαν
1491 3578 1840 3654 ὑπεχώρησε,
1877 3577 1940 3634 τὸ

271 3659 536 3717 πλεῖστον
567 3667 666 3716 τοῦ
697 3660 838 3718 λαοῦ
871 3664 1040 3720 αὐτοῦ
1072 3663 1366 3728 ἀπολέσας.

345 3755 441 3822 Τῷ
480 3748 544 3806 ιδ’
574 3748 678 3806 ἔτει
711 3753 1088 3818 Κωνστάντιος
1135 3755 1227 3809 τον
1271 3755 1493 3830 ἀνεψιὸν
1545 3755 1758 3812 Γάλλον
1795 3758 1937 3814 Καί-

274 3860 418 3917 σαρα
449 3841 811 3917 ἀναγορεύσας
839 3841 930 3898 καὶ
983 3848 1349 3901 Κωνστάντιον
1385 3847 1757 3921 μετονομάσας
1788 3845 1840 3902 ἐν
1869 3851 1937 3922 τῇ

273 3928 563 4004 Ἀνατυλῇ
597 3930 936 3990 ἀπέστειλεν.

350 4022 444 4094 Τῇ
476 4021 536 4074 ει’
575 4017 682 4076 ἔτει
731 4020 785 4076 οἴ
848 4020 898 4076 ἐν
958 4026 1027 4097 τῇ
1088 4024 1357 4100 Ἀνατολῇ
1412 4032 1514 4095 τῆς
1568 4024 1937 4099 Παλαιστίνης

288 4106 534 4166 Ιουὸαῖοι
566 4110 826 4186 ἀντῆραν,
857 4110 946 4166 καὶ
998 4111 1246 4176 πολλοὺς
1295 4119 1402 4169 τῶν
1456 4113 1739 4186 Ἑλλήνων
1769 4114 1935 4171 ἐθνῶν

268 4219 330 4255 τε
362 4200 454 4255 καὶ
488 4207 840 4276 Σαμαρειτῶν
897 4200 1134 4260 ἀνεῖλον.
1196 4201 1372 4260 Ἀλλὰ
1423 4204 1512 4259 καὶ
1553 4205 1707 4260 αὐτοὶ
1738 4227 1938 4280 παγγε-

269 4288 353 4343 νεὶ
390 4288 495 4343 ὑπὸ
551 4289 843 4362 Ῥωμαίων
904 4291 1262 4364 ἀνηρέϐησαν,
1319 4293 1411 4348 καὶ
1468 4294 1503 4362 ἡ
1563 4291 1727 4357 πόλις
1759 4295 1938 4359 αὐτῶν

273 4377 656 4450 Διοκαισαρεια
686 4379 979 4456 ἠφανίσθη.
1031 4382 1120 4452 Τῷ
1176 4380 1322 4451 αὐτῷ
1372 4375 1476 4436 ἔτει
1510 4382 1538 4436 ὁ
1572 4386 1740 4458 μέγας
1771 4383 1936 4440 Ἀθα-

273 4468 465 4530 νὰσιος
496 4467 600 4522 ὑπὸ
633 4465 1011 4524 Κωνσταντίου
1067 4469 1202 4524 κατᾶ
1257 4471 1358 4541 τήν
1408 4470 1728 4545 Βρεττανίαν
1760 4469 1938 4546 ἐξορί-

274 4561 448 4626 ζεται,
479 4557 567 4611 καὶ
605 4555 784 4626 Φῆλιξ
842 4555 961 4610 ἀντ’
1015 4557 1180 4613 αὐτοῦ
1238 4565 1656 4634 χειροτονεῖται.
1703 4563 1792 4616 Ἑν
1825 4563 1934 4618 Με-

2053 1970 2266 2042 padox.

2123 2143 2361 2198 Decimo
2394 2159 2550 2198 anno
2580 2143 2960 2206 Constantius
3008 2149 3243 2215 portum
3285 2142 3568 2199 Seleucia)
3598 2142 3703 2214 Sy-

2051 2231 2154 2285 ria
2178 2232 2531 2294 construxit,
2557 2231 2776 2287 montis
2799 2247 3009 2303 magna
3031 2239 3196 2303 parte
3223 2233 3440 2299 excisa,
3463 2231 3701 2286 urbemo

2052 2336 2168 2392 que
2192 2320 2702 2376 refecit.Condidit
2722 2321 2898 2376 etiam
2919 2322 3281 2378 Antaradum
3301 2323 3361 2376 in
3378 2322 3704 2390 Phoenicia,

2051 2416 2110 2464 et
2137 2411 2540 2466 Constantiam
2589 2411 2936 2466 nominavit.
2977 2411 3197 2466 Eodem
3249 2428 3404 2466 anno
3437 2411 3702 2466 defectus

2051 2499 2194 2554 solis
2219 2499 2521 2566 fuit,sexta
2539 2501 2762 2558 mensis
2784 2499 2980 2563 Daesii.
3003 2499 3275 2565 die,hora
3296 2500 3411 2555 diei
3436 2500 3706 2556 tertia.Et

2051 2590 2315 2662 episc0pi
2337 2607 2535 2645 veram
2557 2590 2907 2662 religionem
2930 2594 3186 2659 tuentes,
3210 2590 3311 2661 qui
3342 2590 3404 2644 in
3427 2589 3702 2644 exsilium

2053 2679 2169 2734 acti
2204 2685 2394 2744 erant,
2427 2695 2562 2734 eum
2597 2680 2919 2736 Athanasio
2980 2683 3224 2736 Romam
3285 2684 3702 2751 pervenerunt.

2126 2767 2450 2823 Undecimo
2483 2786 2639 2824 anno
2669 2769 2851 2825 iidem
2882 2769 3097 2824 litteris
3125 2770 3262 2824 Julii
3294 2785 3460 2840 papm
3497 2769 3703 2823 Roma-

2049 2856 2110 2912 ni
2169 2857 2304 2912 freti
2359 2873 2466 2912 sua
2520 2858 2672 2913 solia
2729 2863 3250 2930 recuperaverunt.
3321 2857 3700 2912 Constantius

2049 2951 2247 3002 autem
2280 2947 2604 3002 Antiochia:
2635 2947 2856 3019 degens
2885 2948 3172 3003 instinctu
3213 2947 3567 3002 Arianorum
3598 2963 3698 3001 eos

2050 3036 2266 3108 abegit.

2121 3125 2480 3181 Duodecimo
2510 3142 2668 3184 anno
2727 3131 2898 3182 terrm
2956 3131 3154 3182 motus
3185 3127 3471 3199 majorem
3505 3127 3699 3200 Beryti

2052 3216 2219 3286 (urbs
2251 3223 2341 3272 est
2361 3217 2697 3287 Phoenicim)
2729 3224 2958 3291 partem
2993 3219 3220 3274 evertit.

2124 3307 2281 3363 δτι
2339 3310 2508 3362 Anno
2567 3309 2632 3361 13
2689 3307 2940 3380 Sapores
2995 3309 3173 3363 Persa
3226 3308 3455 3364 Nisibin
3495 3309 3702 3364 urbem

2052 3396 2248 3451 omnis
2305 3395 2544 3468 generis
2604 3397 3043 3468 Oppugnatione
3101 3397 3386 3465 tentavit;
3465 3416 3702 3454 amnem

2052 3501 2289 3557 quoque
2309 3485 2590 3541 adversus
2609 3485 2818 3542 urbem
2836 3487 3151 3542 concitavit
3170 3494 3346 3559 atque
3369 3489 3705 3559 omnigenis

2054 3573 2349 3630 machinis
2370 3574 2748 3647 oppugnavit.
2776 3576 2970 3630 Victus
2992 3580 3190 3630 tamen
3213 3575 3474 3630 maxima
3505 3577 3707 3647 copia-

2051 3679 2186 3718 rum
2217 3670 2385 3735 parte
2416 3664 2638 3720 amissa
2668 3663 2911 3719 domum
2933 3663 3202 3721 recessit.

2125 3755 2296 3810 Anno
2329 3753 2394 3807 14
2424 3753 2804 3809 Constantius
2827 3752 3060 3808 Gallum
3082 3751 3506 3807 consobrinum
3531 3771 3703 3809 suum

2051 3844 2346 3898 Ctesarem
2377 3842 2724 3915 designavit,
2756 3841 3000 3896 nomine
3043 3841 3372 3896 Constantii
3408 3841 3615 3910 indito,
3651 3848 3710 3897 et

2051 3932 2114 3987 in
2149 3933 2452 3989 Orientem
2487 3931 2673 3985 misit.

2123 4028 2295 4078 Anno
2363 4023 2426 4078 t5
2487 4018 2674 4074 Judmi
2740 4019 2802 4074 in
2860 4018 3177 4074 Palmstina
3242 4019 3704 4088 rebellaverunt,

2051 4110 2392 4182 multosque
2423 4111 2676 4174 Graecos,
2700 4108 3021 4164 Samaritas
3042 4115 3102 4164 et
3122 4109 3490 4181 alienigenas
3521 4111 3706 4165 truci-

2051 4201 2356 4257 daverunt.
2417 4201 2544 4255 Mox
2601 4199 2714 4270 ipsi
2772 4216 2807 4255 a
2864 4199 3144 4254 Romanis
3184 4200 3490 4254 occidione
3522 4201 3700 4255 occisi

2053 4296 2211 4358 sunt,
2241 4289 2500 4360 urbsque
2532 4304 2739 4344 eorum
2788 4288 3156 4343 Diocmsarea
3212 4287 3426 4344 deleta.
3482 4288 3701 4344 Eodem

2052 4395 2208 4436 anno
2241 4394 2488 4449 magnus
2522 4377 2872 4435 Athanasius
2917 4393 2951 4432 a
2997 4377 3342 4433 Constantio
3374 4377 3434 4431 in
3469 4377 3700 4433 Britan-

2051 4469 2214 4524 niam
2246 4469 2608 4540 deportatur,
2641 4467 2814 4539 eique
2844 4466 3008 4521 Felix
3053 4466 3450 4521 substituitur.
3486 4468 3702 4522 Medio-

2051 4556 2173 4612 lani
2209 4573 2446 4628 quoque
2495 4555 2817 4612 concilium
2873 4556 3111 4611 Patrum
3171 4563 3586 4628 congregatum
3636 4574 3698 4614 re

273 4641 556 4707 διολάνοις
599 4642 657 4699 δὲ
715 4643 942 4706 σύνοδος
997 4651 1104 4702 τῶν
1166 4649 1419 4722 Ηατέρων
1480 4651 1920 4725 συναθροισθεῖσα

2063 4646 2268 4703 nfecta
2297 4647 2559 4702 solutum
2591 4651 2701 4701 est.

277 4733 446 4789 πάλιν
477 4731 752 4810 ἄπρακτος
785 4731 1086 4792 διαλύεται.

345 4823 440 4894 Τῷ
487 4822 558 4892 ιη’
615 4819 719 4876 ἔτει
781 4820 995 4886 Γάλλος
1055 4823 1341 4897 τυραννίδα
1401 4824 1707 4900 μελετήσας
1736 4827 1930 4883 κτείνει

275 4911 604 4984 Δομετιανὸν
637 4908 879 4986 ἔπαρχον
937 4917 1038 4982 τῆς
1097 4913 1274 4985 Ἐῴας
1331 4913 1421 4968 καὶ
1479 4917 1702 4993 Μάγνον
1749 4918 1928 4972 κοιαί-

275 5020 479 5075 στωρα,
537 5000 603 5056 τὰ
663 5006 764 5071 τῆς
822 4996 1126 5070 ἐπιϐουλῆς
1186 5003 1539 5077 Κωνσταντίῳ
1594 5004 1926 5079 μηνύσαντα.

275 5090 331 5144 δν
401 5088 898 5163 μεταπεμψάμενος
987 5091 1361 5155 Κωνστάντιος
1427 5094 1552 5168 περὶ
1619 5093 1930 5168 Θαλαμῶνα

271 5180 370 5250 τὴν
400 5185 563 5248 νῆσον
593 5180 707 5251 (99)
738 5179 962 5255 ἀναιρεῖ.
1010 5181 1120 5238 Τὸν
1180 5180 1238 5236 δὲ
1292 5182 1489 5238 τούτου
1519 5180 1754 5262 ἀδελφὸν
1787 5185 1925 5242 Ἰου-

276 5267 462 5324 λιανὸν
492 5265 545 5322 ἐν
578 5271 787 5344 φρουρᾷ
817 5266 1100 5344 κατέσχεν.
1152 5265 1388 5326 Εὗσεϐία
1438 5268 1496 5326 δὲ
1524 5274 1558 5342 ἡ
1593 5275 1804 5347 γαμετή
1832 5278 1929 5328 τοῦ

281 5355 549 5433 βασιλέως
583 5359 775 5412 τοῦτον
834 5355 1227 5433 ἐξαιτησαμένη
1285 5358 1337 5414 ἐν
1390 5361 1643 5433 Ἀθήναις
1701 5359 1925 5436 πέμπει.

2113 4829 2277 4884 Anno
2309 4827 2375 4882 18
2435 4825 2639 4883 Gallus
2674 4825 3049 4898 tyrannidem
3082 4827 3367 4883 affectans
3399 4828 3696 4884 Domitia-

2038 4935 2180 4974 num
2216 4917 2472 4974 Orientis
2517 4916 2861 4988 praefectum
2909 4923 3083 4971 necat
3130 4923 3189 4971 et
3229 4919 3498 4988 Magnum
3533 4935 3697 4988 qum-

2038 5006 2387 5077 storem.qui
2404 5005 2649 5060 insidias
2665 5005 3010 5060 Constantio
3025 5005 3702 5060 indicaverat.(’£onstan-

2037 5097 2156 5152 tius
2188 5097 2420 5153 Gallum
2463 5099 2769 5150 evocatum
2800 5095 2956 5166 apud
2987 5094 3248 5149 insulam
3268 5095 3694 5150 Thalamonem

2037 5185 2342 5253 interficit,
2399 5183 2694 5239 lulianum
2775 5184 3019 5238 fratrem
3107 5184 3238 5253 ejus
3304 5183 3364 5237 in
3424 5183 3694 5239 custodia

2039 5274 2286 5330 detinet.
2318 5275 2503 5339 Quem
2537 5271 2788 5326 Eusebia
2819 5271 3194 5342 imperatoris
3228 5287 3374 5326 uxor
3414 5272 3691 5343 precibus

2038 5363 2356 5422 liberatum
2423 5361 2687 5416 Athenas
2773 5359 2974 5415 mittit.
3061 5361 3328 5417 Julianus
3395 5362 3690 5434 permissu

1473 5515 1832 5578 XYLANDBI
1873 5517 1958 5582 ET
1998 5516 2214 5581 GOARI
2252 5514 2474 5579 NOT.E.

338 5627 453 5700 (99)
512 5628 681 5700 Apud
758 5627 1147 5704 S_o_zomenum
1215 5629 1434 5704 legitur
1489 5625 1764 5685 Φλάϐωνα
1821 5638 1920 5704 νῆ-

273 5699 384 5772 σον,
416 5717 491 5769 1v,
525 5699 580 5755 7.
626 5699 799 5774 Apud
831 5701 989 5758 hunc
1038 5707 1098 5758 et
1143 5699 1378 5774 reliqua
1407 5704 1600 5760 fusius
1629 5699 1916 5763 enarran-

2033 5638 2164 5710 tur._
2185 5631 2559 5710 Marcellinus
2583 5629 2820 5710 gallum
2881 5629 3262 5710 interfectum
3293 5635 3448 5710 apud
3479 5637 3684 5694 Potam

2031 5705 2220 5764 lstrim
2251 5705 2335 5762 ait
2361 5720 2545 5778 prope
2575 5702 2758 5766 tinem
2788 5703 2829 5760 l.
2865 5719 2975 5768 nv.
3009 5706 3148 5763 Χνι..
