4126 6296
404 370 517 430 571

1757 365 2081 426 GEORGII
2124 365 2469 428 CEDRENI

3702 362 3841 421 572

402 500 729 558 Constantii
760 501 1042 556 Grazciam
1074 516 1395 574 peragrans
1449 498 1670 555 ariolos
1700 497 2047 554 consulebat

2170 496 2268 566 Γήν
2299 494 2541 554 Ἐλλάδα
2570 495 2627 553 δὶ
2654 498 3088 573 περιερχόμενος
3145 494 3314 573 ἐφέσει
3368 501 3471 563 τῆς
3528 490 3837 569 βασιλείας

408 597 467 648 et
520 590 812 657 fatidicos,
847 607 924 645 an
979 596 1408 645 consecuturus
1462 589 1616 643 foret
1670 588 1730 642 id
1789 586 1947 658 quod
1992 588 2052 642 in

405 682 604 735 animo
618 679 1116 735 babebatJncidit
1130 685 1329 734 autem
1344 679 1402 732 in
1416 678 1732 749 quemdam
1747 677 2051 731 hominem

404 769 678 840 impium,
730 769 827 839 qai
886 785 948 823 se
1008 769 1149 823 talia
1204 768 1527 839 praedicere
1559 765 1964 838 profitebatur.
1999 766 2052 819 Is

405 875 540 913 eum
616 858 679 912 in
751 873 993 929 specum
1054 857 1371 927 quamdam
1441 857 1588 913 525
1646 854 2052 927 superstitioni

405 946 741 1002 dedicatum
763 946 945 1017 impie
967 946 1226 1011 abducit,
1249 947 1719 1017 impostoresque
1752 944 2053 999 daemones

407 1036 670 1100 advocat,
705 1036 806 1105 qui
832 1052 968 1090 cum
997 1035 1171 1090 solita
1222 1041 1576 1107 apparerent
1605 1051 1844 1106 pompa,
1872 1033 2053 1089 Julia-

407 1142 523 1180 nus
559 1130 719 1180 metu
743 1124 1086 1194 compulsus
1116 1125 1371 1179 frontem
1401 1125 1594 1179 crucis
1622 1124 1790 1193 signo
1819 1122 2052 1187 affecit;

408 1230 525 1284 quo
555 1214 682 1269 viso
730 1213 1030 1268 daemones
1078 1213 1237 1268 illico
1287 1231 1355 1268 ex
1405 1219 1725 1284 conspectu
1757 1211 2051 1266 abierunt.

411 1304 525 1359 Sed
554 1304 843 1374 impostor
872 1303 1022 1374 fugae
1053 1304 1287 1375 cognita
1314 1321 1493 1359 causa
1520 1304 1820 1359 Julianum
1852 1317 2056 1372 repre-

406 1392 634 1457 hendit,
668 1408 785 1446 non
816 1392 1053 1464 fugisse,
1076 1398 1143 1447 ut
1171 1393 1296 1464 ipse
1327 1399 1586 1463 putaret,
1610 1391 1712 1447 sed
1743 1391 2054 1446 abomina-

405 1487 494 1535 tos
526 1494 759 1535 crucem
805 1480 1021 1536 abiisse
1079 1497 1181 1535 eos
1242 1481 1464 1537 dicens.
1530 1484 1725 1545 Itaque
1754 1479 2055 1535 Julianum

407 1570 704 1640 captivum
721 1570 1021 1641 decipiens
1044 1570 1295 1625 initiavit
1316 1570 1515 1641 impiis
1538 1569 1722 1625 sacris
1739 1584 1927 1639 eaque
1950 1568 2056 1621 im-

408 1658 626 1729 pietate
648 1657 1099 1727 implevit,Adeo
1116 1665 1313 1713 autem
1333 1658 1732 1713 miserrimum
1751 1657 2056 1712 hominem

409 1749 702 1818 cupiditas
734 1749 966 1820 imperii
1002 1749 1220 1818 pietate
1269 1749 1531 1818 nudavit,
1564 1753 1629 1804 ut
1660 1747 1921 1803 divinum
1955 1747 2053 1803 ba-

408 1838 693 1907 ptismum
724 1839 1034 1893 cruoribus
1059 1838 1474 1894 abominandis
1501 1838 1734 1893 eluerit.

481 1926 647 1980 Haud
677 1927 867 1982 multo
891 1933 1025 1998 post
1045 1929 1360 1998 imperium
1384 1927 1632 1999 adeptus
1652 1927 1921 1982 Julianus
1948 1927 2057 1980 im-

410 2014 714 2086 piissimus
728 2023 930 2088 aperte
944 2017 1073 2088 jam
1098 2017 1235 2073 inde
1258 2023 1433 2088 atque
1460 2016 1837 2089 impudenter
1856 2014 2059 2088 pietati

410 2103 635 2159 bellum
666 2105 1129 2177 fecit.Principio
1159 2107 1365 2162 fontes.
1396 2107 1500 2178 qui
1526 2112 1584 2161 et
1618 2106 1779 2161 intus
1810 2110 1870 2161 et
1898 2111 2063 2160 extra

410 2193 621 2249 urbem
653 2194 1109 2257 erant,infandis
1132 2195 1441 2250 sacrificiis
1464 2194 1694 2266 polluit,
1721 2200 1787 2248 ut
1806 2194 2058 2264 quicun-

416 2298 529 2352 que
561 2299 731 2353 aquaa
762 2282 928 2337 ﬁeret
958 2284 1274 2355 particeps.
1307 2285 1484 2339 etiam
1527 2283 1732 2356 ﬂagitii
1763 2285 1892 2352 ejus
1921 2299 2064 2337 con-

418 2387 545 2425 sors
595 2372 722 2424 ﬁeri
776 2378 1101 2443 cogeretur.
1155 2372 1397 2433 Deinde.
1433 2388 1563 2442 qua)
1595 2371 1656 2425 in
1688 2371 1816 2426 foro
1846 2387 2063 2427 venum

420 2460 888 2531 exponebantur,
946 2460 1249 2532 impietate
1322 2477 1393 2515 ea
1460 2460 1746 2531 implevit,
1809 2476 1947 2515 eum
2004 2466 2066 2515 et

419 2562 604 2618 panes
634 2553 695 2601 et
718 2563 925 2602 carnes
970 2554 1028 2602 et
1083 2550 1310 2604 fructus
1340 2554 1399 2603 et
1426 2548 1589 2603 olera
1617 2554 1674 2603 et
1702 2547 1901 2603 omnia
1930 2564 2062 2620 quas

416 2637 543 2692 esui
574 2642 735 2704 sunt,
786 2644 1337 2710 conspergerentur.
1376 2638 1509 2693 Haec
1561 2638 1830 2694 videntes
1857 2640 2061 2694 Chris-

409 2726 556 2781 tiani
608 2725 932 2799 gemebant
961 2743 1105 2782 sane
1157 2733 1215 2783 et
1272 2727 1698 2799 deplorabant:
1749 2735 1945 2784 tamen
1990 2728 2062 2782 iis

413 2815 822 2883 vescebantur,
879 2815 1266 2888 apostolicam
1336 2823 1606 2873 tenentes
1664 2818 1875 2890 legem,
1931 2834 2062 2888 qum

407 2902 581 2974 jubet
610 2903 783 2959 edere
814 2905 1107 2976 quidquid
1154 2907 1215 2961 in
1260 2907 1507 2963 macello
1541 2906 1832 2972 venditur,
1868 2923 2063 2977 neque

411 2994 790 3049 conscientias
812 3012 987 3050 causa
1012 2994 1333 3050 discrimen
1357 3002 1632 3052 statuere.
1654 2996 2065 3070 Flagitiosissi-

416 3097 549 3136 mus
580 3081 691 3137 iste
713 3083 983 3139 Julianus
1038 3085 1269 3140 Judzeos
1309 3102 1545 3157 quoque
1578 3086 1641 3141 in
1697 3086 2063 3141 Christianos

408 3186 667 3233 armans,
719 3162 1115 3246 interrogavit
1142 3191 1248 3230 cur
1295 3192 1413 3230 non
1465 3176 1888 3237 sacriﬁcarent,
1921 3192 2060 3231 eum

411 3259 506 3313 lex
527 3259 613 3313 eis
642 3259 701 3313 id
725 3259 981 3329 juberet.
1008 3264 1147 3317 Cum
1174 3264 1604 3335 responderent
1632 3280 1739 3320 sua
1768 3265 2061 3321 sacriﬁcia

410 3347 830 3417 Hierosivlymaa
864 3350 1084 3419 templo
1115 3351 1566 3423 circumscripta
1610 3369 1761 3418 esse,
1785 3354 2059 3409 Julianus

412 3436 724 3490 confestim
755 3438 1053 3492 mandavit
1112 3439 1263 3494 526
1320 3445 1389 3494 ut
1440 3440 1500 3495 id
1558 3441 1868 3512 templum,
1897 3441 2059 3512 quod

410 3524 501 3578 ira
522 3541 589 3579 ac
611 3523 845 3580 decreto
870 3526 970 3581 Dei
991 3533 1119 3583 erat
1144 3527 2060 3600 dejectum,instaurarent.Quod

411 3614 759 3668 mandatum
789 3614 975 3670 Judaei
1031 3631 1245 3689 magno
1305 3634 1441 3673 cum
1479 3618 1692 3691 gaudio
1749 3618 2057 3675 audientes

409 3703 726 3774 gentilibus
759 3706 881 3760 suis
912 3722 1017 3777 per
1067 3712 1255 3762 totum
1312 3706 1516 3763 orbem
1551 3707 2054 3781 signiﬁcaverunt.

408 3793 496 3846 lta
552 3792 817 3865 undique
864 3810 1112 3867 magnus
1181 3796 1518 3852 Judzaorum
1586 3812 1654 3852 eo
1712 3808 2058 3866 concursus,

413 3880 691 3937 alacriter
720 3883 1033 3954 pecuniam
1078 3889 1136 3939 et
1183 3901 1423 3957 Operam
1464 3885 1539 3941 ad
1569 3886 2059 3941 instaurationem

417 3973 625 4044 templi
647 3975 1101 4031 conferentium.
1126 3976 1238 4032 Sed
1261 3981 1318 4030 et
1337 3976 1602 4032 Julianus
1624 3976 1708 4032 eis
1728 3976 2057 4048 praefectos,

415 4061 673 4118 famulos
702 4079 1096 4137 magnamque
1123 4064 1357 4122 turbam
1389 4066 1697 4123 hominum
1736 4066 1917 4128 misit,
1951 4081 2061 4121 nec

413 4167 535 4207 non
565 4160 874 4225 argenteos
905 4153 1130 4226 ligones
1172 4159 1229 4210 et
1275 4172 1476 4212 uiuas.
1512 4156 1829 4227 Postquam
1858 4154 2059 4211 fodere

415 4249 722 4314 coeperunt
758 4242 924 4314 impii
980 4244 1186 4313 Judaai,
1246 4245 1442 4300 subito
1500 4245 1877 4301 vehementes
1902 4244 2059 4300 venti

412 4331 944 4403 incubuerunt,qui
974 4351 1074 4389 eos
1096 4332 1497 4406 dissiparunt;
1529 4351 1597 4390 ac
1619 4351 1749 4406 quae
1781 4351 1956 4405 porro
1986 4333 2060 4389 iis

416 4421 572 4476 mala
603 4424 930 4490 evenerint,
949 4422 1025 4479 ad
1048 4424 1293 4479 tertium
1319 4423 1541 4479 Juliani
1571 4424 1806 4496 imperii
1834 4440 2060 4480 annum

414 4510 709 4582 progressi
739 4510 1028 4566 dicemus.

488 4676 777 4735 Caaterum
806 4680 1073 4737 Julianus
1095 4682 1156 4737 in
1179 4683 1483 4757 Persidem
1512 4683 1813 4754 ingressus
1840 4683 2060 4738 daamo-

412 4783 555 4824 nem
610 4769 673 4824 in
729 4771 1107 4827 Occidentem
1150 4773 1331 4835 misit,
1381 4773 1482 4843 qui
1535 4773 1589 4827 ei
1620 4772 1759 4829 inde
1788 4773 2063 4828 celeriter

414 4875 767 4932 responsum
798 4859 1107 4933 perferret.
1135 4863 1281 4917 Eum
1308 4861 1639 4917 daemonem
1663 4859 1902 4932 quidam
1932 4876 2059 4916 mo-

412 4950 642 5007 nachus
690 4966 1006 5023 progressu
1034 4967 1142 5023 per
1171 4949 1377 5006 decem
1428 4949 1554 5005 dies
1605 4948 1926 5021 prohibuit,
1978 4949 2061 5006 ita

409 5047 478 5098 ut
506 5042 735 5099 daemon
766 5039 1041 5114 progredi
1071 5056 1193 5096 non
1222 5041 1423 5097 valens
1448 5039 1522 5096 ad
1550 5038 2053 5095 Julianumredie-

2161 585 2376 658 μάντεις
2424 587 2672 657 ἐπεζήτει
2730 588 2818 643 καὶ
2881 584 3331 662 χρησμολόγους.
3366 584 3412 639 εἶ
3440 583 3696 653 τεύξεται
3732 584 3838 634 τοῦ

2157 676 2521 748 ποθουμένου.
2556 676 2655 731 Καὶ
2714 675 2781 746 δὴ
2841 673 3231 751 περιτυγχάνει
3262 673 3534 744 ἀνθρώπῳ
3565 664 3836 726 δυσσεϐεῖ

2155 769 2323 820 ταῦτα
2352 764 2645 843 προλέγειν
2700 764 3140 840 ὑπισχνουμένῳ,
3202 763 3260 826 ὅς
3308 766 3500 818 τουτον
3563 760 3650 824 ε’ίς
3711 781 3843 815 τινα

2156 858 2265 909 τῶν
2298 851 2609 911 εἰδωλικῶν
2653 852 2997 911 καταδύσεων
3054 853 3374 929 καταγαγὼν
3404 854 3533 914 τοὺς
3566 851 3840 906 ἀπατεῶ-

2156 965 2250 1006 νας
2283 942 2504 1001 έκαλεσε
2534 942 2816 1019 δαίμονας.
2850 944 3102 1002 Ἐκείνων
3143 942 3201 999 δέ
3258 943 3395 1016 μετᾶ
3420 949 3521 1010 τῆς
3554 946 3844 1010 συνήθους

2159 1033 2452 1111 φαντασίας
2507 1033 2891 1113 ἐπιφανέντων,
2960 1034 3231 1109 ἠνάγκασε
3305 1036 3496 1087 τοῦτον
3553 1033 3583 1086 6
3647 1024 3844 1107 φόϐος

2158 1122 2424 1187 ἐπιθεῖναι
2498 1129 2578 1197 τῷ
2640 1124 2881 1198 μετώπῳ
2964 1128 3062 1178 τοῦ
3146 1127 3380 1198 σταυροῦ
3434 1123 3496 1175 τὸ
3560 1125 3842 1192 σημεῖον·

2159 1210 2292 1286 ὅπερ
2351 1208 2554 1275 ἰδόντες
2613 1212 2831 1292 ἀφανεῖς
2887 1211 3080 1267 αὐτίκα
3135 1210 3411 1288 γεγόνασι.
3475 1214 3679 1270 Συνεὲς
3748 1205 3845 1262 οὖν

2159 1300 2351 1374 ὁγόης
2412 1301 2617 1363 ἐκεῖνος
2670 1309 2771 1369 τῆς
2832 1305 2911 1375 [Ρ.
2945 1304 3070 1375 300]
3129 1302 3309 1378 φυγῆς
3359 1301 3462 1369 τὴν
3510 1296 3707 1353 α’τίαν
3738 1296 3810 1351 έπ

2160 1391 2443 1463 επέμψατο
2471 1390 2651 1463 τούτῳ
2682 1390 2880 1467 λέγων’
2912 1389 2989 1449 Οὐ
3043 1385 3391 1468 φοϐηθέντες.
3441 1388 3516 1448 ὼς
3559 1386 3625 1441 σὺ
3662 1385 3839 1457 νομί-

2162 1482 2290 1547 ζεις,
2324 1478 2470 1534 ἀλλᾶ
2504 1477 2895 1552 βδελυξάμενοι
2927 1481 2990 1535 τὸ
3041 1480 3189 1554 παρὰ
3217 1482 3314 1534 σοῦ
3343 1479 3653 1553 γενόμενον
3686 1474 3847 1549 ἐχώ-

2164 1586 2351 1640 ρησαν.
2389 1566 2547 1624 Οὕτω
2579 1566 2927 1643 βουκολήσας
2974 1568 3067 1622 τὸν
3116 1567 3483 1642 αἰχμάλωτον
3526 1565 3759 1638 ἐμυησέ
3788 1585 3851 1620 τι

2160 1655 2252 1710 καὶ
2308 1660 2406 1711 τοῦ
2468 1656 2672 1730 μὸσους
2731 1656 3044 1728 ένὲπλησεν·
3132 1655 3323 1731 αἵμασι
3382 1657 3484 1730 γὰρ
3556 1660 3847 1729 μυσαροῖς

2163 1743 2614 1818 ἀπολουσάμενον
2642 1746 2705 1801 τὸ
2754 1752 2897 1809 θεῖον
2954 1747 3260 1821 βέῖπτισμα,
3291 1748 3326 1815 ἡ
3379 1748 3477 1809 τῆς
3539 1743 3847 1820 βασιλείας

2164 1833 2425 1907 ἐπιθυμία
2454 1841 2553 1904 τῆς
2583 1830 2859 1897 εὐσεϐείας
2892 1835 3174 1910 έγύμνωσε
3203 1836 3296 1890 τὸν
3319 1831 3662 1907 τρισάθλιον.

2238 1923 2388 1978 Μετὰ
2447 1924 2638 1998 μικρὸν
2707 1922 2764 1979 δὲ
2820 1927 2918 1994 τῆς
2980 1922 3259 1999 βασιλείας
3317 1925 3594 1993 κρατήσας
3640 1923 3678 1977 ὁ
3725 1923 3853 1977 ἀσε-

2166 2005 2421 2074 ϐέστατος
2473 2012 2773 2075 Ἰουλιανὸς
2831 2018 3125 2090 προφανῶς
3185 2012 3379 2068 λοιπὸν
3438 2013 3528 2067 καὶ
3591 2009 3846 2071 ἀναιδῶς

2164 2100 2300 2155 κατᾶ
2347 2107 2449 2169 τῆς
2506 2096 2781 2164 εὐσεϐείας
2836 2100 3132 2171 ὡπλίζετο.
3191 2102 3288 2156 Καὶ
3350 2101 3713 2176 πρῶτονμὲν
3746 2101 3846 2161 τας

2167 2190 2218 2245 έν
2273 2191 2342 2264 τῇ
2398 2190 2558 2247 πόλει
2623 2192 2713 2248 καὶ
2770 2192 2868 2254 τὰς
2924 2187 3118 2265 ἔξωθεν
3176 2192 3360 2266 πηγὰς
3398 2197 3519 2253 ταῖς
3554 2196 3846 2265 μυσαραῖς

2165 2278 2373 2341 θυσίαις
2431 2279 2714 2353 έμόλυνεν,
2772 2280 2923 2345 ὅπως
2973 2278 3200 2346 ἕκαστος
3257 2275 3709 2355 μεταλαμϐάνων
3744 2280 3846 2335 τοῦ

2164 2367 2406 2442 νάματος
2462 2368 2856 2448 μεταλαγχάνῃ
2912 2371 3002 2426 καὶ
3061 2373 3160 2425 τοῦ
3215 2373 3440 2442 μύσους.
3503 2372 3754 2425 Ἔπειτα
3786 2366 3845 2422 δέ

2165 2457 2255 2512 καὶ
2301 2460 2370 2513 τα
2427 2459 2561 2513 κατὰ
2609 2461 2711 2527 τήν
2759 2459 2959 2533 ἀγορὰν
3019 2460 3346 2534 προκείμενα
3375 2463 3472 2514 τοῦ
3510 2458 3845 2533 μιάσματος

2168 2545 2500 2619 ἐνεπίμπλη·
2560 2547 3001 2623 περιερᾇαίνοντο
3058 2548 3163 2621 γὰρ
3222 2546 3312 2602 καὶ
3369 2545 3526 2615 ἄρτοι
3571 2549 3668 2602 καὶ
3702 2548 3841 2618 κρέα

2167 2636 2255 2690 καὶ
2293 2635 2505 2708 ὀπῶραι
2535 2637 2624 2691 καὶ
2659 2637 2996 2711 Αάχαναᾼκαὶ
3025 2636 3206 2693 τᾶλλα
3236 2636 3336 2691 ὅσα
3368 2633 3839 2708 έδώδιμα.Τοῦτα

2170 2726 2262 2780 οὗν
2288 2725 2521 2799 ὁρῶντος
2543 2726 2595 2781 οἱ
2616 2703 2931 2801 Χριστιανᾌέ
2959 2720 3170 2781 ἔστενον
3194 2726 3287 2796 μὶν
3310 2725 3399 2780 καὶ
3422 2723 3720 2795 ὠλόλυζον
3744 2725 3833 2780 ἐπὶ

2166 2819 2285 2876 τοῖς
2315 2813 2650 2891 γινομένοις,
2686 2809 3097 2887 μετελάμϐανον
3149 2811 3206 2869 δὲ
3255 2814 3430 2886 ὅμως,
3473 2812 3828 2882 ἀποστολικῷ

2167 2903 2325 2976 νόμῳ
2348 2903 2662 2976 πειθόμενοι
2715 2908 2796 2975 τῷ
2839 2904 3091 2982 φάσκονι·
3132 2907 3241 2959 Πᾶν
3267 2902 3331 2958 τὸ
3363 2900 3416 2957 ἐν
3450 2900 3708 2976 μακέλλῳ
3738 2902 3818 2971 (1)

2169 2990 2528 3065 πωλούμενον
2586 2990 2810 3061 έσθίετε,
2888 2990 3056 3065 μηδὲν
3141 2991 3523 3064 ἀνακρίνοντες
3577 2987 3667 3045 διὰ
3716 2990 3815 3059 τήν

2169 3076 2489 3149 συνείδησιν.
2532 3080 2706 3141 Οὗτος
2747 3081 2776 3134 6
2827 3079 3154 3154 παμμίαρος
3194 3077 3495 3141 Ἰουλιανὸς
3528 3076 3659 3141 τοὺς
3689 3078 3823 3133 ἰου-

2171 3163 2357 3231 δτίους
2399 3168 2534 3223 κατὰ
2590 3170 2929 3245 Χριστιανῶν
2988 3167 3290 3238 ἐξοπλίζων
3342 3167 3509 3241 ἤρετο
3566 3166 3829 3227 τούτους

2099 3240 2142 3306 C
2169 3258 2266 3313 Διὰ
2294 3256 2344 3312 τί
2377 3256 2523 3313 θύειν
2568 3262 2667 3313 τοῦ
2722 3258 2897 3330 νόμου
2953 3255 3268 3320 κελεῦοντος
3300 3257 3363 3312 οὐ
3394 3256 3586 3326 θύετε;
3617 3261 3743 3311 Τῶν
3777 3253 3835 3310 8‘s

2167 3347 2259 3401 τὸν
2315 3346 2366 3401 έν
2424 3345 2831 3421 Ἰεροσολύμοις
2889 3348 3018 3403 ναὸν
3079 3346 3169 3402 καὶ
3224 3347 3324 3414 τήν
3382 3344 3555 3402 ἐκεῖσε
3606 3364 3837 3422 περιγε-

2170 3438 2496 3510 γραμμένην
2556 3435 2810 3511 λατρείαν
2865 3431 3363 3511 προϐαλλομένων,
3408 3435 3602 3490 αὐτίκα
3660 3455 3838 3510 προσ⁹

2170 3525 2346 3594 έταξεν
2406 3525 2435 3579 6
2496 3526 2775 3600 θεομᾶχος
2830 3525 3097 3602 ἀνεγεῖραι
3166 3526 3257 3580 τὸν
3318 3526 3438 3580 κατ’
3496 3523 3670 3598 ὀργῆν
3737 3523 3836 3580 καὶ

2169 3612 2393 3687 γνώμην
2453 3617 2592 3667 Θεοῦ
2648 3611 3013 3677 καταλυθέντα
3082 3612 3228 3668 ναόν.
3302 3614 3409 3668 Καὶ
3464 3614 3627 3666 τοῦτο
3692 3612 3838 3684 μετὰ

2172 3698 2392 3775 πολλῆς
2423 3706 2598 3776 χαρᾶς
2655 3701 2974 3765 ἀκούσαντες
3032 3702 3196 3757 ἃπασι
3252 3701 3322 3756 τὰ
3372 3699 3836 3774 προστεταγμένα

2170 3796 2288 3854 τοῖς
2319 3790 2455 3847 κατᾶ
2485 3792 2584 3861 τὴν
2645 3790 2966 3865 οἰκουμένην
3019 3789 3327 3869 ὁμοφύλοις
3380 3787 3685 3861 ἐδήλωσαν.
3722 3790 3835 3846 Καὶ

2173 3880 2225 3935 οἱ
2285 3880 2379 3952 μὲν
2436 3880 2774 3955 πανταχόθεν
2834 3882 3176 3956 συνέτρεχον,
3234 3880 3499 3954 χρήματα
3555 3879 3649 3935 καὶ
3683 3899 3835 3956 προ-

2172 3969 2371 4040 θυμίαν
2404 3967 2480 4031 εἷς
2526 3970 2626 4038 τήν
2685 3966 2986 4043 οἰκοδομὴν
3044 3973 3143 4049 tofi
3199 3972 3331 4023 ναοῦ
3364 3967 3830 4044 συνεισφέροντες·

2173 4057 2202 4112 6
2230 4054 2288 4111 δὲ
2316 4055 2723 4113 συναπέστειλεν
2780 4057 2964 4120 αὐτοῖς
3015 4056 3105 4112 καὶ
3162 4054 3433 4132 ἄρχοντας
3479 4055 3570 4111 καὶ
3599 4052 3830 4124 πολλήν

2176 4145 2471 4221 ὑπηρεσίαν
2505 4146 2593 4200 καὶ
2625 4143 2956 4221 συνδρομήν·
3008 4145 3279 4206 σκαπάνας
3312 4144 3415 4222 γὰρ
3445 4144 3535 4199 καὶ
3568 4143 3714 4217 ἄμας
3746 4147 3826 4220 (2)

2171 4234 2409 4312 ἀργυρᾶς
2467 4233 2675 4310 ἔπεμψε
2726 4241 2845 4300 τοῖς
2898 4234 3159 4297 ἀντιθέοις
3214 4232 3524 4297 Ἰουδαίοις.
3574 4235 3680 4291 Καὶ
3710 4234 3825 4289 ἐπεὶ

2172 4324 2414 4399 ὀρύττειν
2446 4325 2698 4399 ἤρξαντο,
2748 4323 2999 4396 ἐξαπίνης
3048 4321 3242 4398 ἄνεμοι
3294 4323 3462 4399 βίαιοι
3498 4322 3821 4386 πνεύσαντες

2171 4413 2385 4489 ἀθρόως
2417 4414 2625 4469 ἃπαντα
2653 4412 3053 4489 διεσκόρπισαν.
3113 4415 3216 4471 Καὶ
3275 4414 3342 4469 τὰ
3395 4411 3567 4469 λοιπᾶ
3620 4415 3821 4468 πεπόν-

2172 4505 2293 4558 θασι
2322 4499 2468 4559 δεινὰ
2531 4503 2565 4559 ἃ
2622 4503 2673 4559 έν
2722 4507 2802 4576 τῷ
2856 4503 3026 4580 τρίτῳ
3070 4501 3175 4559 ἔτει
3204 4509 3305 4573 τῆς
3346 4500 3628 4578 βασιλείας
3657 4500 3815 4557 αὐτοῦ

2115 4580 2216 4648 ἀνα
2229 4592 2544 4670 γράψομαι.

2242 4679 2519 4746 Εἰσελθὼν
2550 4678 2607 4736 δέ
2636 4682 2664 4737 ὁ
2720 4682 3023 4757 κατάρατος
3080 4680 3135 4737 ἐν
3192 4679 3414 4756 Περσίδι
3446 4701 3643 4754 πέμπει
3672 4675 3759 4734 δαί
3784 4710 3805 4723 -

2173 4791 2319 4844 μονα
2372 4771 2509 4845 πρὸς
2564 4772 2666 4840 τῆν
2724 4767 2872 4825 δύσιν
2952 4774 3052 4826 τοῦ
3117 4769 3347 4846 ἐνεγκεῖν
3410 4769 3560 4840 αὐτῷ
3613 4769 3810 4825 item“

2168 4860 2455 4936 ἀπόκρισιν
2514 4856 2603 4915 διὰ
2658 4860 2883 4935 τάχους.
2945 4857 3231 4929 Ἐκωλύθη
3266 4857 3324 4915 δέ
3366 4863 3465 4926 τῆς
3492 4860 3681 4931 πρόσω
3713 4880 3817 4915 πο·-

2169 4951 2316 5025 ρείας
2365 4948 2470 5005 ὐπὸ
2524 4970 2667 5011 τινος
2721 4950 3048 5024 μονάζοντος
3105 4946 3195 5004 ἐπὶ
3252 4947 3461 5024 ἡμέρας
3529 4946 3679 5006 δέκα.
3716 4949 3816 5006 Καὶ

2171 5040 2247 5113 μὴ
2281 5036 2579 5114 δυνάμενος
2633 5040 2662 5096 6
2721 5036 2933 5114 δαίμων
2988 5034 3263 5114 προϐῆναι
3319 5036 3485 5094 πάλιν
3543 5041 3683 5118 πρὸς
3727 5041 3818 5095 τὸν

1606 5221 1973 5279 XYLANDRI
2011 5221 2099 5277 ET
2135 5221 2352 5278 GOARI
2387 5222 2612 5278 ΝΟΤΑΞ.

489 5378 577 5454 (l)_
607 5380 979 5454 I_nmargine‘_:
1175 5373 1234 5432 δὲ
1264 5374 1342 5454 Δτό
1358 5452 1375 5454 ἡ
1392 5374 1655 5454 ἐχόμενον
1682 5375 2055 5454 τοῦ-*ἀποστο-

419 5444 579 5528 λικοῦ
610 5446 780 5528 ῥητοῦ
807 5444 888 5505 ντί
944 5448 1205 5528 ἔμελλες.
1234 5444 2018 5528 εῗπιεῖνξσοφῴξτατεΚξδρςηνέ
2043 5466 2058 5516 ;

416 5520 572 5594 ᾼέγει
611 5517 723 5594 ’γὰρ
781 5517 1128 5594 παρακατιὼν
1186 5521 1239 5594 6_
1275 5517 1439 5594 μέγας
1490 5517 1733 5594 νΙΙαιξλος·
1785 5517 1848 5594 Ei
1976 5537 2060 5580 τις

421 5589 581 5682 ὑμῖν-
606 5589 880 5682 ﬁsi)?"
917 5595 1108 5682 Τεδτει
1167 5589 1530 5682 etimit"???
1555 5591 1722 5682 dish
1759 5591 1864 5682 ei.
1884 5590 2063 5682 ἔδοτέ

416 5664 604 5719 αὐτοῦ.
639 5667 845 5737 Magna
872 5664 1134 5738 profecto
1165 5665 1437 5735 quaestio,
1468 5671 1527 5720 et
1551 5665 1807 5720 multum
1837 5664 2063 5723 habens

2165 5375 2707 5432 difﬁcultatis.Vide
2727 5373 3294 5447 August.P0plicola3
3325 5373 3495 5446 epist.
3522 5373 3644 5430 155.
3677 5376 3816 5431 Χῖοι..

2238 5448 2315 5519 (2)
2346 5447 2510 5504 Unde
2541 5465 2742 5505 vocem
2787 5446 2939 5503 hanc
2996 5446 3468 5519 verteritrurnas,
3503 5447 3816 5513 edisserat,

2167 5518 2216 5573 si
2248 5518 2463 5602 potest,
2496 5521 2827 5602 interpres;
2858 5519 3072 5602 Graecis
3106 5518 3325 5600 batillos
3348 5526 3541 5602 sonat,
3574 5518 3648 5602 ad
3679 5535 3812 5602 ege:

2166 5590 2415 5646 rendam
2449 5590 2672 5648 terram
2715 5592 3150 5648 instrumenta:
3212 5590 3367 5646 sicut
3420 5590 3816 5658 ααπάναιίοά

2167 5661 2584 5720 eﬂ‘odiendam.
2614 5663 2793 5721 chi.

2167 5677 2584 5720 ευοιιιοοαοω.
2614 5677 2793 5722 WAR.
