4118 6288
311 393 437 452 573

1464 390 2010 454 HISTORIARUM
2055 389 2610 456 GOMPENDIUM.

3606 391 3725 450 574

317 522 618 583 Ἰουλιανὸν
670 525 1013 601 ὑπέστρεψεν.
1068 528 1130 586 Ὁ
1184 524 1243 583 δὶ
1295 528 1396 596 τὴν
1444 526 1617 583 αἰτίαν
1674 532 1776 594 τῆς
1831 526 1967 601 βρα-

2080 528 2175 583 rit.
2205 528 2440 584 Juliano
2472 542 2710 584 causam
2740 543 2924 583 morm
2972 525 3331 594 sciscitante,
3373 525 3498 579 Non
3547 523 3724 579 modo

318 614 556 688 δύτητπ
615 619 904 688 ἠρώτησεν
939 637 952 651 ’
1011 617 1275 695 ἀπεκρίθη
1331 614 1391 673 δὲ
1446 618 1597 690 αὐτῷ
1648 618 1676 672 ὁ
1734 612 1966 688 δαίμων.

317 707 426 763 Καὶ
502 701 768 779 ἐϐράδυνα
840 706 931 762 καὶ
988 705 1261 783 ἅπρκατος
1312 704 1515 781 ἔμεινα.
1576 703 1971 780 Ἐκδεχόμενος

315 795 421 873 γὰρ
452 794 734 852 Πούπλιόν
764 818 885 851 τινα
918 797 1242 870 μονάζοντα,
1275 794 1329 851 εἷ’
1382 817 1499 859 πως
1555 795 1812 850 παύσεται
1867 800 1969 862 τῆς

316 891 660 960 προσευχῆς,
682 886 771 939 καὶ
799 886 877 959 μὴ
906 885 1249 960 παυσάμενος
1280 885 1491 961 ἡμέρας
1543 881 1671 938 δέκα
1726 879 1971 938 ἐκώλυσέ

322 993 391 1047 με
420 979 648 1042 ποιῆσαι
679 975 741 1028 τὸ
772 973 989 1047 θέλημα
1018 994 1137 1031 σου.
1198 973 1295 1029 Καὶ
1351 978 1512 1029 τοῦτο
1566 972 1798 1033 ἀκούσας
1829 973 1966 1026 Ἰου-

319 1061 507 1124 λιανὸς
534 1061 625 1117 καὶ
683 1061 890 1141 σφόδρα
941 1064 1311 1140 ἀγανακτήσας
1365 1059 1779 1139 προσηηείλησε
1836 1058 1971 1132 μετὰ

317 1152 419 1220 τὴν
454 1151 797 1228 ὑποστροφὴν
841 1150 1217 1228 ἐξολοθρεῦσαι
1272 1153 1336 1208 τὸ
1392 1156 1501 1208 τῶν
1559 1155 1645 1224 [Ρ.
1679 1153 1804 1223 301]
1871 1169 1970 1221 μο-

315 1243 504 1317 ναχῶν
563 1241 739 1315 γένος.
828 1242 1001 1317 Ὀπερ
1057 1241 1242 1315 μαθὼν
1319 1261 1401 1303 τις
1458 1244 1567 1297 τῶν
1634 1238 1970 1312 μεγιστάνων

318 1328 486 1384 αὐτοῦ
543 1329 633 1385 καὶ
693 1331 991 1404 θαυμάσας,
1049 1328 1360 1386 ἐπανελθὼν
1421 1327 1656 1403 διένειμε
1684 1329 1750 1384 τὰ
1798 1328 1973 1403 ὑπάρ-

317 1437 491 1493 χοντα
522 1418 686 1474 αὐτοῦ
715 1420 889 1474 πάντα
940 1419 1135 1489 πένησι
1165 1419 1255 1475 καὶ
1309 1419 1521 1489 ἀπῆλθε
1577 1419 1713 1493 πρὸς
1759 1419 1849 1474 τὸν
1888 1417 1977 1492 γέ-

315 1525 500 1579 ροντα.
556 1504 658 1563 Καὶ
706 1505 1003 1583 γενόμενος
1079 1504 1307 1580 δόκιμος
1366 1510 1444 1580 (3)
1506 1505 1746 1580 μοναχὸς
1810 1509 1972 1559 πᾶσιν

315 1589 470 1670 ἔλεγε
498 1597 599 1666 τὴν
643 1594 798 1651 ἰσχὺν
826 1599 933 1651 τῶν
967 1596 1329 1668 μοναζόντων,
1357 1596 1418 1664 ἣν
1452 1589 1650 1651 ἔλαϐον
1689 1594 1828 1650 κατὰ
1869 1597 1975 1648 τῶν

320 1680 801 1760 αοτεινομόρφων
836 1681 1125 1758 δαιμόνων.

390 1772 482 1829 ’Ev
516 1769 574 1828 δὲ
607 1773 821 1847 Κάραις,
852 1777 922 1849 τῇ
966 1775 1112 1850 παρὰ
1156 1778 1254 1830 τοῦ
1304 1775 1494 1848 Κάρου
1548 1777 1646 1829 τοῦ
1707 1771 1975 1848 βασιλέως

2076 617 2272 687 inquit
2298 618 2554 684 daamon,
2590 616 2772 687 tarde,
2805 615 2909 672 sed
2944 616 3123 671 etiam
3153 630 3217 669 re
3275 613 3494 669 infecta
3547 612 3723 669 redii.

2076 707 2502 777 Exspectabam
2525 706 2685 762 enim
2699 705 2841 761 dum
2862 705 3106 760 Publius
3130 704 3372 776 quidam
3395 703 3722 759 monachus

2076 796 2358 866 precandi
2382 798 2561 851 finem
2592 795 2835 851 faceret.
2858 794 2965 860 Qui
2986 810 3122 848 cum
3145 793 3347 848 decem
3377 791 3505 847 dies
3535 790 3722 846 conti-

2077 890 2289 941 nenter
2309 890 2798 957 precaretur,non
2820 883 2981 955 potui
2996 883 3233 954 jussum
3256 887 3424 936 tuum
3458 882 3722 952 exsequi.

2078 976 2197 1030 Hoc
2241 975 2442 1030 audito
2500 974 2791 1041 Julianus,
2841 972 3004 1045 gravi
3060 970 3468 1043 indignatione
3525 971 3727 1025 conci-

2080 1070 2194 1131 tus,
2223 1064 2485 1119 minatus
2509 1068 2600 1119 est
2627 1080 2688 1117 se
2720 1073 2752 1119 a
2779 1062 2976 1116 reditu
3012 1066 3248 1133 gentem
3294 1060 3723 1114 monachorum

2076 1153 2433 1209 deleturum.
2460 1154 2580 1208 Hoc
2604 1168 2739 1208 cum
2778 1151 3023 1223 quidam
3055 1165 3366 1221 procerum
3397 1152 3524 1214 ejus
3554 1148 3721 1202 inau-

2079 1242 2339 1310 divisset,
2372 1242 2764 1298 admiratione
2795 1256 3028 1297 summa
3055 1240 3267 1295 ductus
3298 1245 3429 1309 post
3460 1237 3719 1293 reditum

2078 1348 2252 1387 suum
2293 1332 2495 1387 omnia
2525 1349 2631 1388 sua
2674 1330 3032 1403 pauperibus
3084 1328 3405 1391 distribuit,
3439 1333 3615 1397 atque
3647 1323 3722 1380 ad

2080 1437 2283 1476 senem
2310 1422 2486 1476 istum
2520 1421 2819 1492 profectus
2849 1419 3168 1491 praeclarus
3208 1416 3536 1472 monachus
3565 1415 3713 1472 521

2079 1510 2280 1576 evasit,
2317 1509 2596 1565 omnibus
2647 1508 2976 1580 praedicatus
3026 1506 3453 1561 monachorum
3484 1502 3600 1556 vim
3657 1516 3726 1555 ac

2079 1607 2434 1673 potestatem
2494 1616 2611 1671 qua
2656 1599 2931 1655 adversas
2988 1595 3369 1653 tenebriones
3425 1593 3730 1649 daemonas

2081 1697 2217 1746 sunt
2249 1689 2499 1762 praediti.

2153 1782 2331 1837 Porro
2386 1781 2656 1837 Julianus
2706 1780 2921 1844 Garris,
2990 1796 3121 1850 qua)
3165 1776 3308 1834 urbs
3368 1780 3458 1830 est
3502 1789 3539 1829 a
3585 1773 3730 1827 Caro

320 1862 600 1936 κτισθείσῃ
641 1862 825 1933 πόλει,
874 1863 973 1933 τήν
1027 1864 1166 1938 πρὸς
1223 1864 1428 1938 Πέρσας
1483 1861 1813 1935 ποιούμενος
1862 1882 1972 1916 πο-

2083 1872 2439 1942 imperatore
2461 1871 2719 1939 condita,
2752 1871 2865 1925 iter
2908 1869 2969 1923 in
2992 1870 3200 1923 Persas
3230 1866 3454 1921 faciens
3487 1861 3727 1935 spelun-

323 1950 493 2026 ρείαν,
528 1950 787 2016 εἲσελθὼν
848 1951 939 2006 καὶ
994 1947 1047 2007 ἓν
1102 1973 1204 2007 τινι
1261 1949 1547 2008 κατάδύσει
1607 1950 1789 2011 θυσίας
1840 1950 1970 2005 ἀκα-

324 2040 560 2115 θάρτους
639 2036 973 2113 ἐπιτελέσας,
1058 2039 1282 2116 γλεῖθρα
1348 2040 1440 2095 καὶ
1514 2042 1800 2113 σήμαντρα
1852 2042 1970 2100 ταῖς

326 2130 516 2204 θύραις
593 2128 822 2200 ἐηέθηκε
910 2129 1000 2185 καὶ
1082 2129 1328 2204 φύλακας
1412 2126 1717 2198 ἐπέστησεν·
1803 2130 1972 2199 ἣνπεο

325 2218 634 2289 ἀνοίξαντες
678 2219 812 2293 μετᾶ
842 2221 941 2289 τήν
974 2218 1180 2274 ἐκείνου
1237 2224 1468 2287 πτῶσιν,
1538 2219 1693 2293 εὗρον
1753 2230 1970 2294 γυναιον

323 2305 383 2361 ὶκ
411 2311 521 2362 τῶν
543 2313 751 2384 τριχῶν
790 2309 1133 2383 κρεμάμενον
1165 2309 1255 2364 καὶ
1314 2307 1665 2382 ἐκτεταμένας
1724 2303 1854 2382 ἔχον
1878 2308 1976 2370 τὰς

325 2403 537 2472 χεῖρας,
596 2398 663 2467 ἧς
744 2397 1038 2473 ἀνασχίσας
1093 2400 1122 2454 ὁ
1169 2396 1521 2478 ἄσπλαγχνος
1570 2399 1669 2469 τήν
1738 2399 1976 2473 γαστέρα

321 2488 423 2555 τὴν
480 2487 619 2542 κατὰ
685 2492 898 2562 Περσῶν
966 2485 1234 2560 δήπουθεν
1291 2487 1432 2563 ἓγνω
1479 2485 1571 2543 διὰ
1623 2490 1720 2542 τοῦ
1763 2488 1973 2557 ἥπατος

321 2576 511 2647 νίκην.
552 2579 639 2633 Ἐν
670 2573 729 2632 δὲ
761 2577 1075 2654 Ἀντιοχείᾳ
1104 2577 1288 2634 πολλὰ
1347 2580 1440 2652 μὲν
1495 2573 1731 2634 κιϐώτια
1779 2576 1829 2632 ἐν
1857 2582 1975 2639 τοῖς

330 2661 634 2741 βασιλείοις
667 2667 918 2741 κεφαλῶν
969 2668 1267 2743 ἀνθρώπων
1326 2666 1759 2742 πεπληρωμένα,
1792 2663 1977 2722 πολλᾶ

325 2753 385 2810 δὲ
420 2754 626 2833 φρέατα
671 2761 876 2832 νεκγῶν
935 2759 1205 2829 σωμάτων
1258 2758 1412 2832 εὗρον
1470 2755 1852 2830 πεπλησμένον·
1885 2755 1975 2810 καὶ

320 2846 423 2920 γὰρ
459 2845 657 2919 μυρίας
716 2846 809 2918 μὶν
864 2851 1120 2923 γυναῖκας
1175 2845 1227 2901 ἐν
1283 2847 1471 2922 γαστρὶ
1530 2845 1762 2922 ἐχούσας
1820 2847 1977 2901 ἀνατε

325 2936 443 3005 μὼν
502 2932 594 2990 καί
651 2935 704 2990 ἐν
759 2940 875 2998 τοῖς
938 2931 1199 3011 ἐμϐρύοις
1257 2936 1829 3008 ἠπατοσκοπούμενος,
1885 2932 1976 2990 καὶ

323 3020 517 3078 πολλά
549 3020 738 3077 παιδία
765 3026 1125 3103 κατασφάξας,
1159 3023 1262 3079 ὑπὸ
1291 3023 1359 3078 τὰ
1414 3021 1618 3078 εἴδωλα
1672 3023 1974 3098 κατώρυξεν

332 3112 361 3165 ὁ
389 3110 722 3188 φιλείδωλος
771 3111 1073 3176 Ιουλιανός.
1112 3111 1334 3182 Πολλὴν
1380 3110 1437 3167 δὶ
1487 3113 1573 3168 καὶ
1611 3110 1789 3182 ἄλλην
1819 3110 1979 3187 λογι-

339 3201 438 3267 κὴν
470 3199 669 3276 ἀγέλην
700 3198 762 3256 ἐκ
788 3200 1057 3256 ποικίλων
1096 3201 1332 3271 ἡλικιῶν
1393 3196 1680 3277 διαφόροις
1738 3194 1978 3255 ὑπέϐαλε

2083 1977 2211 2016 cam
2242 1959 2559 2031 quamdam
2592 1959 2794 2026 subiit,
2821 1959 3024 2029 ibique
3062 1956 3329 2012 scelestis
3367 1952 3550 2009 sacris
3592 1966 3727 2021 ope-

2082 2056 2245 2106 ratus
2275 2050 2433 2104 fores
2464 2048 2613 2103 seris
2650 2048 2901 2103 occlusit
2929 2064 2996 2102 ac
3036 2044 3422 2116 consignavit,
3456 2039 3728 2113 apposita

2083 2138 2363 2194 custodia.
2404 2137 2628 2203 Quibus
2674 2137 2926 2201 foribus,
2975 2151 3044 2190 eo
3088 2133 3420 2199 interfecto,
3480 2128 3722 2201 apertis,

2082 2228 2324 2283 inventa
2355 2234 2442 2282 est
2462 2226 2815 2282 muliercula
2844 2223 3073 2296 capillis
3111 2236 3421 2295 suspensa,
3471 2217 3724 2275 extentis

2082 2316 2396 2383 manibus;
2483 2316 2655 2388 cujus
2741 2314 3000 2371 crudelis
3054 2313 3156 2368 ille
3212 2316 3414 2367 ventre
3470 2309 3725 2363 dissecto

2082 2407 2350 2462 victorim
2407 2405 2636 2461 scilicet
2691 2403 2764 2460 de
2822 2404 3017 2459 Persis
3074 2417 3242 2456 suam
3322 2416 3392 2455 ex
3458 2396 3728 2469 jecinore

2085 2495 2392 2552 didicerat.
2430 2495 2756 2551 Antiochiae
2787 2500 2985 2550 autem
3016 2493 3079 2547 in
3103 2492 3261 2559 regia
3288 2488 3492 2546 multa;
3513 2485 3728 2542 arculas

2084 2587 2336 2643 inventas
2368 2592 2508 2642 sunt
2535 2585 2813 2641 humanis
2846 2582 3137 2655 capitibus
3194 2582 3386 2653 plenae
3438 2578 3731 2647 mullique

2084 2678 2246 2748 putei
2304 2675 2690 2733 cadaveribus
2764 2674 3008 2746 oppleti.
3072 2674 3216 2727 Nam
3270 2677 3329 2725 et
3384 2670 3728 2724 innumeras

2084 2768 2353 2840 gravidas
2375 2768 2657 2823 mulieres
2689 2767 2959 2822 Julianus
2993 2765 3376 2829 dissecuerat,
3400 2768 3466 2816 ut
3504 2762 3730 2816 fetuum

2077 2858 2350 2930 jecinore
2368 2857 2893 2929 contemplaretur,
2926 2860 2985 2911 et
3014 2855 3234 2910 multos
3272 2854 3528 2908 infantes
3552 2853 3729 2921 jugu-

2087 2946 2237 3001 latos
2294 2946 2368 3001 ad
2418 2946 2590 3001 bases
2647 2945 3099 3000 simulacrorum
3155 2941 3481 3005 deloderat,
3515 2938 3730 3009 quibus

2088 3035 2358 3106 impense
2415 3041 2542 3091 erat
2625 3034 2879 3089 deditus.
2932 3035 3205 3105 Magnum
3254 3045 3489 3101 quoque
3546 3027 3730 3082 alium

2085 3140 2324 3196 gregem
2345 3124 2575 3180 ratione
2607 3122 2988 3195 praeditorum
3019 3119 3437 3183 animantium,
3469 3116 3732 3171 diversa-

2085 3231 2219 3270 rum
2271 3220 2534 3279 natatum,
2586 3212 2762 3268 variis
2817 3211 3028 3266 mortis
3090 3208 3408 3282 generibus
3467 3204 3726 3274 sustulit,

342 3288 590 3351 θανάτοις
641 3289 725 3344 ἐπ’
783 3290 1009 3363 ὀνόματι
1065 3287 1402 3350 Ποσειδῶνος
1464 3289 1553 3344 καὶ
1604 3293 1713 3344 τῶν
1762 3286 1972 3344 λοιπῶν

2084 3307 2350 3376 Neptuno
2383 3319 2483 3359 eos
2513 3308 2571 3359 et
2590 3302 2725 3358 aliis
2757 3299 3146 3366 daemonibus,
3179 3313 3431 3369 quorum
3454 3312 3517 3351 se
3548 3295 3725 3350 homo

336 3374 610 3450 δαιμόνων
641 3380 669 3433 ὁ
721 3375 1091 3452 δαιμονιώδης
1122 3378 1209 3433 καὶ
1263 3377 1608 3450 θεομίσητος.
1669 3377 1746 3435 Οὐ
1779 3379 1888 3452 μὴν
1922 3376 1979 3433 δὲ

324 3465 476 3522 ἀλλὰ
530 3468 620 3523 καὶ
663 3469 867 3530 ἳππους
893 3467 1121 3533 λευκούς
1145 3489 1205 3524 τε
1242 3468 1331 3524 καὶ
1362 3466 1599 3544 πυρῥοὺς
1656 3464 1796 3537 ἔθυε,
1849 3468 1976 3532 τοὺς

328 3558 425 3630 μὶν
456 3562 539 3629 τῷ
567 3556 716 3631 ἡλίῳ
744 3557 871 3621 τοὺς
903 3556 961 3613 δὲ
988 3562 1069 3630 τῷ
1096 3558 1228 3633 πυρὶ
1255 3558 1345 3613 καὶ
1399 3563 1515 3620 τοῖς
1573 3554 1815 3629 ἀνέμοις.
1872 3558 1976 3614 Καὶ

322 3648 463 3722 πρὸς
488 3649 705 3712 τούτοις
758 3649 919 3711 κύνας
972 3649 1062 3704 καὶ
1121 3652 1389 3720 πιθήκους
1445 3649 1536 3704 καὶ
1593 3649 1827 3725 κόρακας
1886 3650 1974 3706 καὶ

326 3743 433 3793 πᾶν
468 3734 666 3813 σχεδὸν
710 3739 948 3813 ἑρπετῶν
1008 3735 1152 3801 εἶδος
1209 3740 1299 3794 καὶ
1364 3737 1710 3813 τετραπόδων
1770 3739 1974 3814 θηρίων

322 3847 385 3881 τε
412 3826 641 3882 καὶτῶν
700 3826 889 3883 ἄλλων
918 3825 1139 3898 πτηνῶδ
1196 3828 1286 3883 καὶ
1343 3832 1557 3898 νηκτῶν
1617 3828 1680 3884 οὗ
1739 3825 1979 3885 διέλειπε

324 3917 714 3994 κατασφάττων
745 3917 832 3972 καὶ
889 3915 1168 3976 τελετετὰς
1199 3917 1457 3981 παντοίας
1491 3917 1723 3974 ἐπινοῶν
1750 3916 1976 3982 πλείους

326 4006 416 4060 καὶ
450 4004 672 4080 χείρους
704 4010 813 4060 τῶν
867 4008 995 4080 παρ’
1060 4003 1304 4077 Ἕλλησι
1362 4007 1782 4081 νενομισμένων,
1842 4010 1979 4085 πρὸς

324 4114 389 4149 το
418 4094 618 4157 πάντας
662 4093 791 4156 τοὺς
837 4097 944 4170 πρὸ
981 4094 1157 4152 ,αὖτοῦ
1224 4093 1621 4173 ἑλληνίφαντας
1683 4097 1977 4172 ὑπερακονο

324 4180 618 4252 τίσαι,διᾶ
655 4187 762 4238 τῶν
821 4184 1051 4238 τοιότων
1119 4183 1372 4257 οἰόμενος
1432 4186 1459 4240 ὁ
1515 4187 1675 4249 ἄθεος
1724 4186 1976 4251 ἀποθεω-

329 4274 487 4342 θῆναι
516 4273 607 4329 καὶ
638 4274 756 4337 θεὸς
779 4280 1123 4346 νομισθῆναι.
1158 4272 1332 4332 Ἀλλὰ
1376 4273 1444 4330 τὰ
1490 4275 1614 4350 περὶ
1671 4276 1867 4330 τούτου
1925 4274 1977 4331 ἐν

324 4365 396 4427 τῆ
425 4363 571 4434 τάξει
600 4370 700 4434 τῆς
731 4364 899 4419 αὐτου
939 4368 1261 4439 θεοστυγοῦς
1313 4361 1591 4440 βασιλείας
1650 4365 1724 4426 ὡς
1773 4364 1888 4420 οἶόν
1916 4385 1977 4420 τε

329 4448 417 4506 διὰ
451 4451 704 4529 βραχέων
735 4449 979 4528 λέξομεν.
1010 4453 1073 4510 Ὀ
1100 4448 1158 4507 δὲ
1203 4449 1369 4528 λόγος
1415 4452 1552 4528 πρὸς
1598 4452 1662 4508 τὰ
1713 4453 1832 4527 ἑξῆς
1873 4455 1973 4529 βα-

328 4537 356 4595 δ
366 4539 544 4610 ιζὲτω.

2081 3395 2199 3449 Deo
2247 3393 2470 3448 invisus
2508 3391 2694 3447 cultui
2727 3390 3053 3457 addixerat,
3098 3386 3437 3442 immolans.
3469 3385 3621 3450 Quin
3670 3387 3730 3438 et

2081 3481 2232 3537 albis
2263 3481 2432 3552 equis
2477 3480 2610 3546 soli,
2660 3480 2806 3534 ruﬁs
2837 3478 2956 3550 igni
2986 3493 3055 3532 ac
3111 3475 3301 3531 ventis
3358 3472 3727 3530 sacrificavit.

2078 3571 2195 3626 Nec
2228 3585 2347 3625 non
2377 3569 2616 3625 assidue
2646 3585 2843 3636 canes,
2875 3567 3099 3629 simias,
3123 3580 3327 3620 corvos
3357 3569 3532 3634 atque
3555 3576 3729 3616 omne

2079 3659 2507 3732 propemodum
2532 3676 2719 3732 genus
2744 3656 3216 3729 quadrupedum,
3266 3653 3463 3708 avium
3521 3656 3728 3706 natan-

2079 3750 2347 3821 tiumque
2380 3748 2695 3815 mactabat,
2727 3746 3040 3817 omnisque
3067 3743 3229 3799 modi
3275 3757 3446 3798 sacra
3489 3740 3723 3811 excogi-

2079 3840 2259 3908 tabat,
2292 3840 2465 3912 plura
2494 3845 2553 3895 et
2596 3839 2890 3894 deteriora
2939 3835 3034 3891 his
3093 3851 3224 3905 qum
3281 3831 3438 3903 apud
3491 3832 3725 3886 Graecos

2078 3936 2318 4001 recepta
2340 3934 2497 3984 sunt.
2533 3930 2612 3982 Ea
2633 3926 2797 3983 enim
2826 3942 2890 3980 re
2921 3923 3198 3979 omnibus
3231 3921 3332 3993 qui
3365 3926 3502 3976 ante
3525 3919 3723 3991 ipsum

2077 4019 2337 4074 Graecam
2368 4017 2714 4089 religionem
2745 4014 2951 4071 sectati
2973 4013 3247 4079 fuissent,
3279 4011 3538 4083 palmam
3570 4025 3724 4080 prm-

2076 4108 2269 4179 ripere
2297 4105 2591 4174 studebat,
2626 4104 2776 4162 528
2803 4108 3116 4175 propterea
3145 4118 3207 4157 se
3257 4100 3317 4154 in
3351 4099 3597 4154 deorum
3629 4114 3720 4153 re-

2077 4197 2262 4252 latum
2292 4196 2363 4251 iri
2402 4197 2577 4251 homo
2608 4212 2644 4249 a
2665 4195 2785 4250 Deo
2808 4193 3038 4248 alienus
3060 4206 3326 4262 sperans.
3360 4189 3573 4242 Verum
3594 4186 3723 4258 ejus

2074 4303 2170 4341 res
2202 4302 2310 4340 nos
2333 4284 2538 4340 ordine
2572 4298 2887 4345 annorum,
2920 4280 3134 4352 quibus
3184 4277 3516 4349 imperavit,
3543 4290 3721 4345 quam

2075 4374 2419 4430 brevissime
2496 4373 2777 4445 deinceps
2845 4369 3219 4426 referemus:
3284 4381 3442 4421 nunc
3490 4363 3722 4434 reliqua

2077 4470 2405 4521 attexamus
2434 4462 2751 4536 prioribus.

393 4633 501 4687 Τοῦ
533 4628 905 4687 Κωνσταντίου
964 4634 1045 4704 τῷ
1105 4631 1167 4685 ιθ¹
1222 4624 1350 4699 ἔτει,
1408 4629 1463 4687 ἐν
1517 4634 1586 4706 τῇ
1638 4632 1821 4708 ἡμέρᾳ
1868 4638 1969 4703 τῆς

2144 4641 2380 4694 Annum
2405 4637 2749 4693 Constantio
2778 4634 3109 4706 imperante
3148 4633 3236 4697 19,
3276 4629 3372 4687 die
3436 4630 3722 4686 Penteco-

325 4724 720 4793 Πεντηκοστῆς,
748 4720 799 4775 ἒν
831 4717 1236 4794 Ἰεροσολῦμοις
1294 4719 1458 4799 ἐφάνη
1508 4721 1571 4777 τὸ
1611 4728 1839 4796 σημεῖον
1871 4726 1969 4778 τοῦ

323 4814 597 4880 ζωοποιοῦ
655 4813 886 4885 σταυροῦ
917 4809 969 4864 ἐν
1019 4810 1258 4885 οὖρανῳ,
1316 4807 1631 4883 φωτοειδὲς,
1676 4812 1968 4885 τεταμένον

319 4900 425 4956 ἀπὸ
475 4905 573 4957 τοῦ
631 4901 902 4977 Γολγοθᾶ,
957 4895 1079 4965 ἔνθα
1130 4899 1442 4975 ἐσταυρώθη
1494 4902 1806 4978 ὁΧριστὸς,
1859 4898 1966 4965 ἕως

317 4995 414 5046 τοῦ
445 4986 610 5068 ὄρους
638 4996 748 5046 τῶν
779 4989 1034 5060 Ἐλαιῶν,
1069 4991 1187 5046 ὅθεν
1217 4991 1308 5045 καὶ
1352 4990 1658 5071 ἀνελήφθη,
1688 4991 1879 5066 κύκλῳ
1906 4989 1962 5048 δὲ

316 5079 515 5137 τούτου
545 5082 826 5160 στέφανος,
858 5080 932 5143 ὡς
961 5080 1072 5157 ἶρις
1122 5081 1187 5135 τὸ
1244 5078 1390 5145 εἶδος
1422 5076 1591 5156 ἔχων.
1622 5080 1703 5157 Τῇ
1732 5081 1874 5157 αὐτῇ
1906 5079 1964 5137 δὲ

314 5171 500 5246 ἡμέρᾳ
524 5172 609 5226 καὶ
660 5169 1019 5242 Κωνσταντίῳ
1072 5163 1254 5248 ὤφθη,
1285 5167 1566 5245 Κυρίλλου
1621 5172 1744 5227 τότε
1794 5173 1961 5244 Ἱερο.

319 5258 579 5334 σολόμων
608 5260 1049 5322 ὲπισκοποῦντος.

2077 4733 2204 4795 σιω,
2228 4728 2290 4783 in
2320 4726 2466 4784 coelo
2491 4727 2724 4799 signum
2753 4724 2996 4779 vivificaa
3026 4721 3220 4777 crucis
3241 4720 3531 4792 apparuit,
3567 4719 3724 4775 luci-

2076 4815 2217 4871 dum
2247 4821 2424 4887 atque
2479 4820 2784 4870 extentum
2815 4827 2850 4866 a
2887 4810 3188 4883 Golgotha.
3224 4825 3340 4880 quo
3374 4808 3500 4863 loco
3560 4806 3726 4861 Chri-

2076 4908 2201 4960 stus
2232 4905 2292 4960 in
2322 4920 2556 4961 crucem
2590 4901 2853 4958 sublatus
2900 4900 3033 4968 fuit,
3082 4912 3272 4969 usque
3332 4897 3406 4952 ad
3459 4902 3723 4950 montem

2074 4994 2371 5061 Olearum,
2419 4993 2578 5049 unde
2616 4991 2773 5047 idem
2825 4990 3093 5045 Christus
3139 4988 3201 5043 in
3250 4986 3464 5042 coelum
3519 4983 3720 5039 subiit.

2072 5083 2429 5157 Cingebatur
2444 5100 2550 5156 per
2569 5081 2774 5138 orbem
2803 5079 3027 5136 circulo
3050 5095 3222 5135 arcus
3239 5076 3493 5132 caelestis
3516 5074 3717 5131 simili.

2074 5174 2290 5231 Eadem
2346 5175 2441 5231 die
2473 5175 2651 5230 etiam
2708 5170 3093 5228 Constantino
3150 5167 3443 5241 apparuit,
3502 5163 3721 5238 Cyrillo

2071 5263 2494 5335 Hierosolymis
2527 5268 2651 5319 tum
2685 5260 2982 5333 episcopo.

1523 5379 1888 5434 XYLANDRI
1926 5378 2014 5433 ET
2052 5379 2268 5434 GOARI
2302 5379 2524 5434 ΝΟΤᾸΞ.

390 5479 466 5548 (3)
498 5476 736 5545 Δόκιμος
768 5492 900 5532 cum
950 5475 1023 5532 de
1079 5475 1386 5532 monachis
1433 5476 1669 5534 dicitur.
1732 5492 1853 5531 non
1908 5476 1960 5548 is

318 5556 408 5622 est
428 5547 529 5622 qui
554 5550 668 5621 jam
706 5548 1109 5622 asceticaAvita
1156 5548 1459 5622 probatus,
1516 5548 1834 5622 virtutibus
1887 5547 1966 5603 ef-

316 5619 499 5704 fulget
525 5619 856 5702 provectus,
888 5619 1019 5704 sed.
1038 5619 1088 5674 is
1128 5620 1377 5704 proprie
1403 5621 1604 5704 _cujus
1650 5621 1801 5702 vires
1830 5635 1964 5704 pro-

316 5689 597 5768 positum,
631 5692 866 5748 animus
891 5689 1222 5763 probantur
1251 5689 1318 5748 et
1347 5692 1422 5748 ad
1473 5689 1749 5749 virtutem
1780 5689 1967 5749 infor-

2070 5481 2343 5532 mantur:
2430 5490 2550 5530 uno
2604 5474 2799 5538 verbo,
2862 5490 2980 5529 non
3037 5473 3337 5528 monachus
3406 5471 3716 5544 praeclarus

2080 5547 2241 5619 iuxta
2268 5547 2655 5619 Xylandrum.
2677 5547 2987 5615 sed.juxta
3016 5545 3220 5619 tritum
3251 5546 3312 5600 in
3337 5544 3718 5602 monasteriis

2068 5565 2241 5675 {una
2269 5565 2655 5619 aylanarum.
2677 5565 2987 5615 sca.juxr.a
3016 5565 3196 5600 tntun

2098 5620 2355 5692 oquendi
2385 5634 2580 5690 usum,
2610 5619 2851 5675 novicius
2880 5624 2989 5674 est.
3022 5617 3196 5673 Cosa.
