  <div class='ocr_page' id='page_1' title='image "/cluster/home/n/w/nwhite01/storage/ocr_20150623/121/mdp.39015078384289/298.png"; bbox 0 0 4126 6296; ppageno 0'>
   <div class='ocr_carea' id='block_1_1' title="bbox 305 346 423 407">
    <p class='ocr_par' dir='ltr' id='par_1_1' title="bbox 305 346 423 407">
     <span class='ocr_line' id='line_1_1' title="bbox 305 346 423 407; baseline 0.017 -2"><span class='ocrx_word' id='word_1_1' title='bbox 305 346 423 407; x_wconf 71' lang='lat'>581</span> 
     </span>
    </p>
   </div>
   <div class='ocr_carea' id='block_1_2' title="bbox 1463 342 2609 413">
    <p class='ocr_par' dir='ltr' id='par_1_2' title="bbox 1463 342 2609 413">
     <span class='ocr_line' id='line_1_2' title="bbox 1463 342 2609 413; baseline -0.003 0"><span class='ocrx_word' id='word_1_2' title='bbox 1463 342 2015 413; x_wconf 76' lang='lat' dir='ltr'>HISTORIARUM</span> <span class='ocrx_word' id='word_1_3' title='bbox 2055 344 2609 411; x_wconf 73' lang='lat' dir='ltr'>COMPENDIUM.</span> 
     </span>
    </p>
   </div>
   <div class='ocr_carea' id='block_1_3' title="bbox 3611 354 3735 413">
    <p class='ocr_par' dir='ltr' id='par_1_3' title="bbox 3611 354 3735 413">
     <span class='ocr_line' id='line_1_3' title="bbox 3611 354 3735 413; baseline 0 0"><span class='ocrx_word' id='word_1_4' title='bbox 3611 354 3735 413; x_wconf 66' lang='lat'>583</span> 
     </span>
    </p>
   </div>
   <div class='ocr_carea' id='block_1_4' title="bbox 310 465 1964 557">
    <p class='ocr_par' dir='ltr' id='par_1_4' title="bbox 310 465 1964 557">
     <span class='ocr_line' id='line_1_4' title="bbox 310 465 1964 557; baseline -0.002 -27"><span class='ocrx_word' id='word_1_5' title='bbox 310 465 678 549; x_wconf 86' lang='grc' dir='ltr'>πρεσϐύτερος</span> <span class='ocrx_word' id='word_1_6' title='bbox 715 476 812 544; x_wconf 76' lang='grc' dir='ltr'>ῆν,</span> <span class='ocrx_word' id='word_1_7' title='bbox 869 474 959 531; x_wconf 82' lang='grc' dir='ltr'>καὶ</span> <span class='ocrx_word' id='word_1_8' title='bbox 1008 469 1268 539; x_wconf 74' lang='grc' dir='ltr'>Λιϐάνιος</span> <span class='ocrx_word' id='word_1_9' title='bbox 1301 477 1329 532; x_wconf 85' lang='grc' dir='ltr'>ὁ</span> <span class='ocrx_word' id='word_1_10' title='bbox 1360 478 1622 557; x_wconf 66' lang='grc' dir='ltr'>σοφιστῆς</span> <span class='ocrx_word' id='word_1_11' title='bbox 1678 475 1770 530; x_wconf 85' lang='grc' dir='ltr'>καὶ</span> <span class='ocrx_word' id='word_1_12' title='bbox 1828 470 1964 548; x_wconf 86' lang='grc' dir='ltr'>Πρό-</span> 
     </span>
    </p>
   </div>
   <div class='ocr_carea' id='block_1_5' title="bbox 2078 465 3736 557">
    <p class='ocr_par' dir='ltr' id='par_1_5' title="bbox 2088 474 3736 552">
     <span class='ocr_line' id='line_1_5' title="bbox 2088 474 3736 552; baseline 0.005 -24"><span class='ocrx_word' id='word_1_13' title='bbox 2088 474 2332 544; x_wconf 77' lang='lat' dir='ltr'>aequari.</span> <span class='ocrx_word' id='word_1_14' title='bbox 2377 475 2509 530; x_wconf 92' lang='lat' dir='ltr'>Fuit</span> <span class='ocrx_word' id='word_1_15' title='bbox 2566 481 2689 531; x_wconf 92' lang='lat' dir='ltr'>tum</span> <span class='ocrx_word' id='word_1_16' title='bbox 2737 476 2988 532; x_wconf 83' lang='lat' dir='ltr'>Basilius</span> <span class='ocrx_word' id='word_1_17' title='bbox 3044 493 3295 552; x_wconf 87' lang='lat' dir='ltr'>magnus</span> <span class='ocrx_word' id='word_1_18' title='bbox 3353 478 3736 551; x_wconf 67' lang='lat' dir='ltr'>Cappadociae</span> 
     </span>
    </p>
   </div>
   <div class='ocr_carea' id='block_1_6' title="bbox 308 562 1295 643">
    <p class='ocr_par' dir='ltr' id='par_1_6' title="bbox 308 562 1295 643">
     <span class='ocr_line' id='line_1_6' title="bbox 308 562 1295 643; baseline 0.005 -24"><span class='ocrx_word' id='word_1_19' title='bbox 308 563 447 626; x_wconf 87' lang='grc' dir='ltr'>κλος</span> <span class='ocrx_word' id='word_1_20' title='bbox 478 563 568 618; x_wconf 86' lang='grc' dir='ltr'>καὶ</span> <span class='ocrx_word' id='word_1_21' title='bbox 602 562 860 638; x_wconf 76' lang='grc' dir='ltr'>Μάξιμος</span> <span class='ocrx_word' id='word_1_22' title='bbox 890 565 943 619; x_wconf 88' lang='lat' dir='ltr'>o&#39;t</span> <span class='ocrx_word' id='word_1_23' title='bbox 973 562 1295 643; x_wconf 73' lang='grc' dir='ltr'>φιλόσοφοι.</span> 
     </span>
    </p>
   </div>
   <div class='ocr_carea' id='block_1_7' title="bbox 390 739 1971 818">
    <p class='ocr_par' dir='ltr' id='par_1_7' title="bbox 390 739 1971 818">
     <span class='ocr_line' id='line_1_7' title="bbox 390 739 1971 818; baseline 0 -21"><span class='ocrx_word' id='word_1_24' title='bbox 390 744 475 818; x_wconf 85' lang='grc' dir='ltr'>[Ρ.</span> <span class='ocrx_word' id='word_1_25' title='bbox 510 744 639 817; x_wconf 80' lang='grc'>305]</span> <span class='ocrx_word' id='word_1_26' title='bbox 694 746 790 815; x_wconf 78' lang='grc' dir='ltr'>Τῷ</span> <span class='ocrx_word' id='word_1_27' title='bbox 848 741 1080 817; x_wconf 67' lang='grc' dir='ltr'>δευτέρῳ</span> <span class='ocrx_word' id='word_1_28' title='bbox 1134 739 1241 799; x_wconf 80' lang='grc' dir='ltr'>ἔτει</span> <span class='ocrx_word' id='word_1_29' title='bbox 1271 745 1301 800; x_wconf 82' lang='grc' dir='ltr'>ὁ</span> <span class='ocrx_word' id='word_1_30' title='bbox 1350 739 1617 815; x_wconf 78' lang='grc' dir='ltr'>δυσσεϐὴς</span> <span class='ocrx_word' id='word_1_31' title='bbox 1678 741 1971 805; x_wconf 88' lang='grc' dir='ltr'>Ἰουλιανὸς</span> 
     </span>
    </p>
   </div>
   <div class='ocr_carea' id='block_1_8' title="bbox 313 830 1972 909">
    <p class='ocr_par' dir='ltr' id='par_1_8' title="bbox 313 830 1972 909">
     <span class='ocr_line' id='line_1_8' title="bbox 313 830 1972 909; baseline 0 -21"><span class='ocrx_word' id='word_1_32' title='bbox 313 830 630 907; x_wconf 65' lang='grc' dir='ltr'>ἐνομοθέτει</span> <span class='ocrx_word' id='word_1_33' title='bbox 665 834 744 905; x_wconf 85' lang='grc' dir='ltr'>μή</span> <span class='ocrx_word' id='word_1_34' title='bbox 784 833 1033 909; x_wconf 74' lang='grc' dir='ltr'>μετέχειν</span> <span class='ocrx_word' id='word_1_35' title='bbox 1066 835 1427 909; x_wconf 84' lang='grc' dir='ltr'>Χριστιανοὺς</span> <span class='ocrx_word' id='word_1_36' title='bbox 1486 833 1830 904; x_wconf 75' lang='grc' dir='ltr'>Ἑλληνικῶν</span> <span class='ocrx_word' id='word_1_37' title='bbox 1867 853 1972 905; x_wconf 87' lang='grc' dir='ltr'>μα-</span> 
     </span>
    </p>
   </div>
   <div class='ocr_carea' id='block_1_9' title="bbox 314 919 1973 1001">
    <p class='ocr_par' dir='ltr' id='par_1_9' title="bbox 314 919 1973 1001">
     <span class='ocr_line' id='line_1_9' title="bbox 314 919 1973 1001; baseline 0.001 -24"><span class='ocrx_word' id='word_1_38' title='bbox 314 923 604 994; x_wconf 79' lang='grc' dir='ltr'>θημάτων.</span> <span class='ocrx_word' id='word_1_39' title='bbox 646 920 1029 997; x_wconf 79' lang='grc' dir='ltr'>’Λπολινάριος</span> <span class='ocrx_word' id='word_1_40' title='bbox 1061 919 1120 979; x_wconf 68' lang='grc' dir='ltr'>δὲ</span> <span class='ocrx_word' id='word_1_41' title='bbox 1171 926 1240 996; x_wconf 76' lang='grc' dir='ltr'>τῇ</span> <span class='ocrx_word' id='word_1_42' title='bbox 1289 923 1405 994; x_wconf 76' lang='grc' dir='ltr'>θείᾳ</span> <span class='ocrx_word' id='word_1_43' title='bbox 1451 922 1635 1001; x_wconf 72' lang='grc' dir='ltr'>Γραφῇ</span> <span class='ocrx_word' id='word_1_44' title='bbox 1683 920 1788 997; x_wconf 78' lang='grc' dir='ltr'>ὅλῃ</span> <span class='ocrx_word' id='word_1_45' title='bbox 1830 943 1973 1001; x_wconf 89' lang='grc' dir='ltr'>χρη-</span> 
     </span>
    </p>
   </div>
   <div class='ocr_carea' id='block_1_10' title="bbox 316 1010 1971 1088">
    <p class='ocr_par' dir='ltr' id='par_1_10' title="bbox 316 1010 1971 1088">
     <span class='ocr_line' id='line_1_10' title="bbox 316 1010 1971 1088; baseline 0.001 -22"><span class='ocrx_word' id='word_1_46' title='bbox 316 1011 583 1084; x_wconf 85' lang='grc' dir='ltr'>σάμενος,</span> <span class='ocrx_word' id='word_1_47' title='bbox 612 1010 832 1066; x_wconf 85' lang='grc' dir='ltr'>πάντων</span> <span class='ocrx_word' id='word_1_48' title='bbox 888 1032 946 1067; x_wconf 81' lang='grc' dir='ltr'>τε</span> <span class='ocrx_word' id='word_1_49' title='bbox 1002 1017 1248 1083; x_wconf 82' lang='grc' dir='ltr'>ποιητῶν</span> <span class='ocrx_word' id='word_1_50' title='bbox 1302 1011 1431 1075; x_wconf 77' lang='grc' dir='ltr'>τοὺς</span> <span class='ocrx_word' id='word_1_51' title='bbox 1491 1019 1842 1088; x_wconf 73' lang='grc' dir='ltr'>χαρακτῆρας</span> <span class='ocrx_word' id='word_1_52' title='bbox 1876 1032 1971 1085; x_wconf 89' lang='grc' dir='ltr'>μι-</span> 
     </span>
    </p>
   </div>
   <div class='ocr_carea' id='block_1_11' title="bbox 315 1097 1968 1177">
    <p class='ocr_par' dir='ltr' id='par_1_11' title="bbox 315 1097 1968 1177">
     <span class='ocr_line' id='line_1_11' title="bbox 315 1097 1968 1177; baseline 0.001 -23"><span class='ocrx_word' id='word_1_53' title='bbox 315 1101 622 1175; x_wconf 79' lang='grc' dir='ltr'>μούμενος,</span> <span class='ocrx_word' id='word_1_54' title='bbox 682 1097 880 1175; x_wconf 76' lang='grc' dir='ltr'>ἔγραψε</span> <span class='ocrx_word' id='word_1_55' title='bbox 934 1098 1280 1157; x_wconf 86' lang='grc' dir='ltr'>παιδεύεσθαι</span> <span class='ocrx_word' id='word_1_56' title='bbox 1347 1104 1494 1177; x_wconf 83' lang='grc' dir='ltr'>παρᾶ</span> <span class='ocrx_word' id='word_1_57' title='bbox 1547 1106 1657 1157; x_wconf 81' lang='grc' dir='ltr'>τῶν</span> <span class='ocrx_word' id='word_1_58' title='bbox 1711 1105 1968 1176; x_wconf 80' lang='grc' dir='ltr'>Χριστια-</span> 
     </span>
    </p>
   </div>
   <div class='ocr_carea' id='block_1_12' title="bbox 309 1185 1968 1267">
    <p class='ocr_par' dir='ltr' id='par_1_12' title="bbox 309 1185 1968 1267">
     <span class='ocr_line' id='line_1_12' title="bbox 309 1185 1968 1267; baseline 0.001 -24"><span class='ocrx_word' id='word_1_59' title='bbox 309 1194 443 1248; x_wconf 83' lang='grc' dir='ltr'>νῶν.</span> <span class='ocrx_word' id='word_1_60' title='bbox 476 1190 541 1247; x_wconf 78' lang='grc' dir='ltr'><strong>Ὀ</strong></span> <span class='ocrx_word' id='word_1_61' title='bbox 572 1186 633 1244; x_wconf 69' lang='grc' dir='ltr'>δὲ</span> <span class='ocrx_word' id='word_1_62' title='bbox 664 1185 987 1263; x_wconf 85' lang='grc' dir='ltr'>παραϐάτης</span> <span class='ocrx_word' id='word_1_63' title='bbox 1022 1190 1118 1252; x_wconf 77' lang='grc' dir='ltr'>τάς</span> <span class='ocrx_word' id='word_1_64' title='bbox 1169 1196 1279 1246; x_wconf 82' lang='grc' dir='ltr'>τῶν</span> <span class='ocrx_word' id='word_1_65' title='bbox 1320 1192 1664 1267; x_wconf 82' lang='grc' dir='ltr'>’Χριστιανῶν</span> <span class='ocrx_word' id='word_1_66' title='bbox 1717 1189 1968 1253; x_wconf 81' lang='grc' dir='ltr'>εὐποιίας</span> 
     </span>
    </p>
   </div>
   <div class='ocr_carea' id='block_1_13' title="bbox 310 1276 1967 1355">
    <p class='ocr_par' dir='ltr' id='par_1_13' title="bbox 310 1276 1967 1355">
     <span class='ocr_line' id='line_1_13' title="bbox 310 1276 1967 1355; baseline 0.002 -24"><span class='ocrx_word' id='word_1_67' title='bbox 310 1278 662 1353; x_wconf 81' lang='grc' dir='ltr'>μιμούμενος</span> <span class='ocrx_word' id='word_1_68' title='bbox 691 1276 939 1335; x_wconf 64' lang='grc' dir='ltr'>ἐκέλευσε</span> <span class='ocrx_word' id='word_1_69' title='bbox 968 1277 1138 1349; x_wconf 72' lang='grc' dir='ltr'>ξένοις</span> <span class='ocrx_word' id='word_1_70' title='bbox 1168 1300 1227 1334; x_wconf 89' lang='grc' dir='ltr'>τε</span> <span class='ocrx_word' id='word_1_71' title='bbox 1253 1279 1343 1335; x_wconf 85' lang='grc' dir='ltr'>καὶ</span> <span class='ocrx_word' id='word_1_72' title='bbox 1402 1284 1652 1355; x_wconf 85' lang='grc' dir='ltr'>πτωχοῖς</span> <span class='ocrx_word' id='word_1_73' title='bbox 1711 1280 1779 1335; x_wconf 76' lang='grc' dir='ltr'>τά</span> <span class='ocrx_word' id='word_1_74' title='bbox 1831 1281 1967 1354; x_wconf 89' lang='grc' dir='ltr'>πρὸς</span> 
     </span>
    </p>
   </div>
   <div class='ocr_carea' id='block_1_14' title="bbox 308 1366 1966 1443">
    <p class='ocr_par' dir='ltr' id='par_1_14' title="bbox 308 1366 1966 1443">
     <span class='ocr_line' id='line_1_14' title="bbox 308 1366 1966 1443; baseline 0.001 -19"><span class='ocrx_word' id='word_1_75' title='bbox 308 1371 416 1436; x_wconf 79' lang='grc' dir='ltr'>τήν</span> <span class='ocrx_word' id='word_1_76' title='bbox 445 1366 639 1443; x_wconf 81' lang='grc' dir='ltr'>χρείαν</span> <span class='ocrx_word' id='word_1_77' title='bbox 677 1374 1056 1443; x_wconf 82' lang='grc' dir='ltr'>χορηγεῖσθαι,</span> <span class='ocrx_word' id='word_1_78' title='bbox 1086 1368 1305 1424; x_wconf 84' lang='grc' dir='ltr'>ἀπατῶν</span> <span class='ocrx_word' id='word_1_79' title='bbox 1363 1370 1491 1431; x_wconf 84' lang='grc' dir='ltr'>τοὺς</span> <span class='ocrx_word' id='word_1_80' title='bbox 1541 1368 1966 1443; x_wconf 72' lang='grc' dir='ltr'>ἁπλουστέρους.</span> 
     </span>
    </p>
   </div>
   <div class='ocr_carea' id='block_1_15' title="bbox 308 1456 1967 1534">
    <p class='ocr_par' dir='ltr' id='par_1_15' title="bbox 308 1456 1967 1534">
     <span class='ocr_line' id='line_1_15' title="bbox 308 1456 1967 1534; baseline -0.001 -20"><span class='ocrx_word' id='word_1_81' title='bbox 308 1459 453 1519; x_wconf 84' lang='grc' dir='ltr'>Ταῖς</span> <span class='ocrx_word' id='word_1_82' title='bbox 486 1456 548 1511; x_wconf 74' lang='grc' dir='ltr'>δὲ</span> <span class='ocrx_word' id='word_1_83' title='bbox 605 1456 808 1512; x_wconf 66' lang='grc' dir='ltr'>ετκόσιν</span> <span class='ocrx_word' id='word_1_84' title='bbox 867 1456 1032 1512; x_wconf 79' lang='grc' dir='ltr'>αὐτοῦ</span> <span class='ocrx_word' id='word_1_85' title='bbox 1090 1457 1185 1513; x_wconf 87' lang='grc' dir='ltr'>Δία</span> <span class='ocrx_word' id='word_1_86' title='bbox 1242 1458 1332 1514; x_wconf 86' lang='grc' dir='ltr'>καὶ</span> <span class='ocrx_word' id='word_1_87' title='bbox 1389 1465 1557 1534; x_wconf 77' lang='grc' dir='ltr'>Ἄρεα</span> <span class='ocrx_word' id='word_1_88' title='bbox 1611 1461 1698 1514; x_wconf 87' lang='grc' dir='ltr'>καὶ</span> <span class='ocrx_word' id='word_1_89' title='bbox 1756 1459 1967 1533; x_wconf 78' lang='grc' dir='ltr'>Ἑρμῆν</span> 
     </span>
    </p>
   </div>
   <div class='ocr_carea' id='block_1_16' title="bbox 308 1545 1967 1624">
    <p class='ocr_par' dir='ltr' id='par_1_16' title="bbox 308 1545 1967 1624">
     <span class='ocr_line' id='line_1_16' title="bbox 308 1545 1967 1624; baseline 0.001 -24"><span class='ocrx_word' id='word_1_90' title='bbox 308 1547 723 1624; x_wconf 70' lang='grc' dir='ltr'>συγγράφεσθαι</span> <span class='ocrx_word' id='word_1_91' title='bbox 754 1548 1048 1622; x_wconf 74' lang='grc' dir='ltr'>προσέταξε</span> <span class='ocrx_word' id='word_1_92' title='bbox 1085 1548 1173 1603; x_wconf 76' lang='grc' dir='ltr'>καὶ</span> <span class='ocrx_word' id='word_1_93' title='bbox 1217 1548 1345 1612; x_wconf 77' lang='grc' dir='ltr'>τοὺς</span> <span class='ocrx_word' id='word_1_94' title='bbox 1403 1546 1636 1611; x_wconf 75' lang='grc' dir='ltr'>λοιποὺς</span> <span class='ocrx_word' id='word_1_95' title='bbox 1685 1545 1967 1623; x_wconf 80' lang='grc' dir='ltr'>δαίμονας,</span> 
     </span>
    </p>
   </div>
   <div class='ocr_carea' id='block_1_17' title="bbox 303 1631 1967 1712">
    <p class='ocr_par' dir='ltr' id='par_1_17' title="bbox 303 1631 1967 1712">
     <span class='ocr_line' id='line_1_17' title="bbox 303 1631 1967 1712; baseline 0.001 -22"><span class='ocrx_word' id='word_1_96' title='bbox 303 1636 442 1698; x_wconf 75' lang='grc' dir='ltr'>τοὺς</span> <span class='ocrx_word' id='word_1_97' title='bbox 476 1633 535 1691; x_wconf 71' lang='grc' dir='ltr'>δὲ</span> <span class='ocrx_word' id='word_1_98' title='bbox 562 1631 1048 1709; x_wconf 67' lang='grc' dir='ltr'>ἀναϐαλλομένους</span> <span class='ocrx_word' id='word_1_99' title='bbox 1077 1637 1176 1706; x_wconf 76' lang='grc' dir='ltr'>τήν</span> <span class='ocrx_word' id='word_1_100' title='bbox 1212 1638 1419 1693; x_wconf 87' lang='grc' dir='ltr'>τούτων</span> <span class='ocrx_word' id='word_1_101' title='bbox 1480 1636 1846 1712; x_wconf 79' lang='grc' dir='ltr'>προσκύνησιν</span> <span class='ocrx_word' id='word_1_102' title='bbox 1891 1636 1967 1701; x_wconf 88' lang='grc' dir='ltr'>ὡς</span> 
     </span>
    </p>
   </div>
   <div class='ocr_carea' id='block_1_18' title="bbox 304 1722 1968 1802">
    <p class='ocr_par' dir='ltr' id='par_1_18' title="bbox 304 1722 1968 1802">
     <span class='ocr_line' id='line_1_18' title="bbox 304 1722 1968 1802; baseline 0.002 -23"><span class='ocrx_word' id='word_1_103' title='bbox 304 1723 550 1800; x_wconf 73' lang='grc' dir='ltr'>ἐχθροὺς</span> <span class='ocrx_word' id='word_1_104' title='bbox 584 1722 904 1799; x_wconf 79' lang='grc' dir='ltr'>βασιλικοὺς</span> <span class='ocrx_word' id='word_1_105' title='bbox 961 1731 1340 1799; x_wconf 79' lang='grc' dir='ltr'>τιμωρεῖσθαι.</span> <span class='ocrx_word' id='word_1_106' title='bbox 1376 1727 1466 1799; x_wconf 84' lang='grc' dir='ltr'>Τῷ</span> <span class='ocrx_word' id='word_1_107' title='bbox 1500 1724 1557 1781; x_wconf 78' lang='grc' dir='ltr'>δὲ</span> <span class='ocrx_word' id='word_1_108' title='bbox 1612 1732 1825 1802; x_wconf 83' lang='grc' dir='ltr'>στρατῷ</span> <span class='ocrx_word' id='word_1_109' title='bbox 1870 1727 1968 1794; x_wconf 74' lang='grc' dir='ltr'>τὴν</span> 
     </span>
    </p>
   </div>
   <div class='ocr_carea' id='block_1_19' title="bbox 2080 563 3735 640">
    <p class='ocr_par' dir='ltr' id='par_1_19' title="bbox 2080 563 3735 640">
     <span class='ocr_line' id='line_1_19' title="bbox 2080 563 3735 640; baseline 0.006 -23"><span class='ocrx_word' id='word_1_110' title='bbox 2080 564 2356 620; x_wconf 65' lang='lat' dir='ltr'>Ecclesiae</span> <span class='ocrx_word' id='word_1_111' title='bbox 2387 563 2715 637; x_wconf 81' lang='lat' dir='ltr'>presbyter,</span> <span class='ocrx_word' id='word_1_112' title='bbox 2748 572 2808 620; x_wconf 91' lang='lat' dir='ltr'>et</span> <span class='ocrx_word' id='word_1_113' title='bbox 2836 566 3114 622; x_wconf 89' lang='lat' dir='ltr'>Libanius</span> <span class='ocrx_word' id='word_1_114' title='bbox 3174 568 3456 640; x_wconf 75' lang='lat' dir='ltr'>sophista,</span> <span class='ocrx_word' id='word_1_115' title='bbox 3489 570 3735 628; x_wconf 89' lang='lat' dir='ltr'>Proclus</span> 
     </span>
    </p>
   </div>
   <div class='ocr_carea' id='block_1_20' title="bbox 2074 652 3256 725">
    <p class='ocr_par' dir='ltr' id='par_1_20' title="bbox 2074 652 3256 725">
     <span class='ocr_line' id='line_1_20' title="bbox 2074 652 3256 725; baseline 0.003 -18"><span class='ocrx_word' id='word_1_116' title='bbox 2074 652 2481 724; x_wconf 82' lang='lat' dir='ltr'>Maximusque</span> <span class='ocrx_word' id='word_1_117' title='bbox 2516 654 2850 725; x_wconf 86' lang='lat' dir='ltr'>philosophi</span> <span class='ocrx_word' id='word_1_118' title='bbox 2895 656 3256 712; x_wconf 77' lang='lat' dir='ltr'>claruerunt.</span> 
     </span>
    </p>
   </div>
   <div class='ocr_carea' id='block_1_21' title="bbox 2145 743 3735 817">
    <p class='ocr_par' dir='ltr' id='par_1_21' title="bbox 2145 743 3735 817">
     <span class='ocr_line' id='line_1_21' title="bbox 2145 743 3735 817; baseline 0.004 -20"><span class='ocrx_word' id='word_1_119' title='bbox 2145 745 2314 797; x_wconf 90' lang='lat' dir='ltr'>Anno</span> <span class='ocrx_word' id='word_1_120' title='bbox 2348 743 2608 798; x_wconf 90' lang='lat' dir='ltr'>secundo</span> <span class='ocrx_word' id='word_1_121' title='bbox 2628 743 2897 800; x_wconf 80' lang='lat' dir='ltr'>Julianus</span> <span class='ocrx_word' id='word_1_122' title='bbox 2931 745 3056 817; x_wconf 82' lang='lat' dir='ltr'>lege</span> <span class='ocrx_word' id='word_1_123' title='bbox 3088 746 3225 802; x_wconf 90' lang='lat' dir='ltr'>data</span> <span class='ocrx_word' id='word_1_124' title='bbox 3249 746 3437 803; x_wconf 80' lang='lat' dir='ltr'>edixit</span> <span class='ocrx_word' id='word_1_125' title='bbox 3466 765 3540 804; x_wconf 92' lang='lat' dir='ltr'>ne</span> <span class='ocrx_word' id='word_1_126' title='bbox 3572 749 3735 804; x_wconf 85' lang='lat' dir='ltr'>Chri-</span> 
     </span>
    </p>
   </div>
   <div class='ocr_carea' id='block_1_22' title="bbox 2075 830 3731 904">
    <p class='ocr_par' dir='ltr' id='par_1_22' title="bbox 2075 830 3731 904">
     <span class='ocr_line' id='line_1_22' title="bbox 2075 830 3731 904; baseline 0.004 -17"><span class='ocrx_word' id='word_1_127' title='bbox 2075 830 2253 887; x_wconf 91' lang='lat' dir='ltr'>stiani</span> <span class='ocrx_word' id='word_1_128' title='bbox 2286 832 2502 887; x_wconf 69' lang='lat' dir='ltr'>Graecis</span> <span class='ocrx_word' id='word_1_129' title='bbox 2534 832 2869 904; x_wconf 84' lang='lat' dir='ltr'>disciplinis</span> <span class='ocrx_word' id='word_1_130' title='bbox 2901 834 3374 892; x_wconf 86' lang='lat' dir='ltr'>instituerentur.</span> <span class='ocrx_word' id='word_1_131' title='bbox 3423 839 3548 903; x_wconf 89' lang='lat' dir='ltr'>Quo</span> <span class='ocrx_word' id='word_1_132' title='bbox 3581 843 3731 893; x_wconf 90' lang='lat' dir='ltr'>tem-</span> 
     </span>
    </p>
   </div>
   <div class='ocr_carea' id='block_1_23' title="bbox 2074 920 3730 993">
    <p class='ocr_par' dir='ltr' id='par_1_23' title="bbox 2074 920 3730 993">
     <span class='ocr_line' id='line_1_23' title="bbox 2074 920 3730 993; baseline 0.005 -19"><span class='ocrx_word' id='word_1_133' title='bbox 2074 936 2217 992; x_wconf 92' lang='lat' dir='ltr'>pore</span> <span class='ocrx_word' id='word_1_134' title='bbox 2248 920 2649 993; x_wconf 83' lang='lat' dir='ltr'>Apollinarius</span> <span class='ocrx_word' id='word_1_135' title='bbox 2679 922 2978 977; x_wconf 85' lang='lat' dir='ltr'>scribendi</span> <span class='ocrx_word' id='word_1_136' title='bbox 3012 925 3324 980; x_wconf 80' lang='lat' dir='ltr'>materiam</span> <span class='ocrx_word' id='word_1_137' title='bbox 3356 943 3730 986; x_wconf 84' lang='lat' dir='ltr'>sumens.sa-</span> 
     </span>
    </p>
   </div>
   <div class='ocr_carea' id='block_1_24' title="bbox 2074 1010 3729 1085">
    <p class='ocr_par' dir='ltr' id='par_1_24' title="bbox 2074 1010 3729 1085">
     <span class='ocr_line' id='line_1_24' title="bbox 2074 1010 3729 1085; baseline 0.007 -22"><span class='ocrx_word' id='word_1_138' title='bbox 2074 1024 2235 1065; x_wconf 89' lang='lat' dir='ltr'>cram</span> <span class='ocrx_word' id='word_1_139' title='bbox 2266 1010 2626 1082; x_wconf 89' lang='lat' dir='ltr'>Scripturam</span> <span class='ocrx_word' id='word_1_140' title='bbox 2651 1018 2827 1083; x_wconf 86' lang='lat' dir='ltr'>atque</span> <span class='ocrx_word' id='word_1_141' title='bbox 2881 1028 3091 1068; x_wconf 87' lang='lat' dir='ltr'>omnes</span> <span class='ocrx_word' id='word_1_142' title='bbox 3147 1020 3455 1085; x_wconf 90' lang='lat' dir='ltr'>poetarum</span> <span class='ocrx_word' id='word_1_143' title='bbox 3507 1017 3729 1074; x_wconf 81' lang='lat' dir='ltr'>formas</span> 
     </span>
    </p>
   </div>
   <div class='ocr_carea' id='block_1_25' title="bbox 2074 1100 3727 1173">
    <p class='ocr_par' dir='ltr' id='par_1_25' title="bbox 2074 1100 3727 1173">
     <span class='ocr_line' id='line_1_25' title="bbox 2074 1100 3727 1173; baseline 0.006 -20"><span class='ocrx_word' id='word_1_144' title='bbox 2074 1100 2317 1168; x_wconf 72' lang='lat' dir='ltr'>imitans</span> <span class='ocrx_word' id='word_1_145' title='bbox 2349 1117 2418 1156; x_wconf 91' lang='lat' dir='ltr'>ea</span> <span class='ocrx_word' id='word_1_146' title='bbox 2442 1102 2778 1173; x_wconf 91' lang='lat' dir='ltr'>composuit</span> <span class='ocrx_word' id='word_1_147' title='bbox 2836 1119 2968 1173; x_wconf 64' lang='lat' dir='ltr'>qua:</span> <span class='ocrx_word' id='word_1_148' title='bbox 3017 1103 3343 1159; x_wconf 86' lang='lat' dir='ltr'>Christiani</span> <span class='ocrx_word' id='word_1_149' title='bbox 3401 1105 3727 1163; x_wconf 82' lang='lat' dir='ltr'>discerent.</span> 
     </span>
    </p>
   </div>
   <div class='ocr_carea' id='block_1_26' title="bbox 2072 1188 3731 1266">
    <p class='ocr_par' dir='ltr' id='par_1_26' title="bbox 2072 1188 3731 1266">
     <span class='ocr_line' id='line_1_26' title="bbox 2072 1188 3731 1266; baseline 0.005 -23"><span class='ocrx_word' id='word_1_150' title='bbox 2072 1188 2361 1244; x_wconf 64' lang='lat' dir='ltr'>Caeterum</span> <span class='ocrx_word' id='word_1_151' title='bbox 2388 1189 2661 1245; x_wconf 82' lang='lat' dir='ltr'>Julianus</span> <span class='ocrx_word' id='word_1_152' title='bbox 2711 1207 2862 1246; x_wconf 69' lang='lat' dir='ltr'>vera)</span> <span class='ocrx_word' id='word_1_153' title='bbox 2910 1190 3215 1264; x_wconf 81' lang='lat' dir='ltr'>religionis</span> <span class='ocrx_word' id='word_1_154' title='bbox 3248 1194 3408 1250; x_wconf 71' lang='lat'>584</span> <span class='ocrx_word' id='word_1_155' title='bbox 3440 1194 3731 1266; x_wconf 86' lang='lat' dir='ltr'>desertor,</span> 
     </span>
    </p>
   </div>
   <div class='ocr_carea' id='block_1_27' title="bbox 2072 1276 3732 1355">
    <p class='ocr_par' dir='ltr' id='par_1_27' title="bbox 2072 1276 3732 1355">
     <span class='ocr_line' id='line_1_27' title="bbox 2072 1276 3732 1355; baseline 0.004 -23"><span class='ocrx_word' id='word_1_156' title='bbox 2072 1276 2543 1333; x_wconf 88' lang='lat' dir='ltr'>Christianorum</span> <span class='ocrx_word' id='word_1_157' title='bbox 2582 1278 3044 1336; x_wconf 78' lang='lat' dir='ltr'>beneﬁcentiam</span> <span class='ocrx_word' id='word_1_158' title='bbox 3103 1281 3370 1345; x_wconf 83' lang='lat' dir='ltr'>imitans,</span> <span class='ocrx_word' id='word_1_159' title='bbox 3403 1284 3732 1355; x_wconf 82' lang='lat' dir='ltr'>peregrinis</span> 
     </span>
    </p>
   </div>
   <div class='ocr_carea' id='block_1_28' title="bbox 2074 1368 3735 1442">
    <p class='ocr_par' dir='ltr' id='par_1_28' title="bbox 2074 1368 3735 1442">
     <span class='ocr_line' id='line_1_28' title="bbox 2074 1368 3735 1442; baseline 0.002 -18"><span class='ocrx_word' id='word_1_160' title='bbox 2074 1373 2134 1424; x_wconf 91' lang='lat' dir='ltr'>et</span> <span class='ocrx_word' id='word_1_161' title='bbox 2162 1368 2451 1424; x_wconf 89' lang='lat' dir='ltr'>mendicis</span> <span class='ocrx_word' id='word_1_162' title='bbox 2500 1369 2841 1425; x_wconf 86' lang='lat' dir='ltr'>necessaria</span> <span class='ocrx_word' id='word_1_163' title='bbox 2898 1370 3270 1442; x_wconf 89' lang='lat' dir='ltr'>suppeditari</span> <span class='ocrx_word' id='word_1_164' title='bbox 3325 1373 3526 1440; x_wconf 81' lang='lat' dir='ltr'>jussit,</span> <span class='ocrx_word' id='word_1_165' title='bbox 3589 1373 3735 1428; x_wconf 88' lang='lat' dir='ltr'>sim-</span> 
     </span>
    </p>
   </div>
   <div class='ocr_carea' id='block_1_29' title="bbox 2071 1457 3733 1531">
    <p class='ocr_par' dir='ltr' id='par_1_29' title="bbox 2071 1457 3733 1531">
     <span class='ocr_line' id='line_1_29' title="bbox 2071 1457 3733 1531; baseline 0.005 -20"><span class='ocrx_word' id='word_1_166' title='bbox 2071 1457 2351 1529; x_wconf 90' lang='lat' dir='ltr'>pliciores</span> <span class='ocrx_word' id='word_1_167' title='bbox 2381 1457 3079 1531; x_wconf 85' lang='lat' dir='ltr'>decipiens.lmaginibus</span> <span class='ocrx_word' id='word_1_168' title='bbox 3109 1460 3233 1515; x_wconf 89' lang='lat' dir='ltr'>suis</span> <span class='ocrx_word' id='word_1_169' title='bbox 3255 1461 3733 1519; x_wconf 82' lang='lat' dir='ltr'>Jovem.Martem</span> 
     </span>
    </p>
   </div>
   <div class='ocr_carea' id='block_1_30' title="bbox 2071 1547 3733 1631">
    <p class='ocr_par' dir='ltr' id='par_1_30' title="bbox 2071 1547 3733 1631">
     <span class='ocr_line' id='line_1_30' title="bbox 2071 1547 3733 1631; baseline 0.002 -30"><span class='ocrx_word' id='word_1_170' title='bbox 2071 1553 2131 1601; x_wconf 92' lang='lat' dir='ltr'>et</span> <span class='ocrx_word' id='word_1_171' title='bbox 2159 1547 2511 1601; x_wconf 86' lang='lat' dir='ltr'>Mercurium</span> <span class='ocrx_word' id='word_1_172' title='bbox 2527 1547 2912 1618; x_wconf 90' lang='lat' dir='ltr'>reliquosque</span> <span class='ocrx_word' id='word_1_173' title='bbox 2928 1548 3238 1604; x_wconf 74' lang='lat' dir='ltr'>daamones</span> <span class='ocrx_word' id='word_1_174' title='bbox 3269 1550 3511 1624; x_wconf 83' lang='lat' dir='ltr'>appingi</span> <span class='ocrx_word' id='word_1_175' title='bbox 3526 1553 3733 1631; x_wconf 59' lang='lat' dir='ltr'>jussit,</span> 
     </span>
    </p>
   </div>
   <div class='ocr_carea' id='block_1_31' title="bbox 2071 1634 3733 1711">
    <p class='ocr_par' dir='ltr' id='par_1_31' title="bbox 2071 1634 3733 1711">
     <span class='ocr_line' id='line_1_31' title="bbox 2071 1634 3733 1711; baseline 0.002 -19"><span class='ocrx_word' id='word_1_176' title='bbox 2071 1635 2144 1692; x_wconf 90' lang='lat' dir='ltr'>de</span> <span class='ocrx_word' id='word_1_177' title='bbox 2193 1636 2267 1691; x_wconf 93' lang='lat' dir='ltr'>iis</span> <span class='ocrx_word' id='word_1_178' title='bbox 2325 1635 2426 1707; x_wconf 88' lang='lat' dir='ltr'>qui</span> <span class='ocrx_word' id='word_1_179' title='bbox 2485 1634 2736 1691; x_wconf 86' lang='lat' dir='ltr'>adorare</span> <span class='ocrx_word' id='word_1_180' title='bbox 2787 1653 2858 1693; x_wconf 90' lang='lat' dir='ltr'>ea</span> <span class='ocrx_word' id='word_1_181' title='bbox 2916 1636 3315 1706; x_wconf 85' lang='lat' dir='ltr'>distulissent,</span> <span class='ocrx_word' id='word_1_182' title='bbox 3372 1640 3733 1711; x_wconf 88' lang='lat' dir='ltr'>supplicium</span> 
     </span>
    </p>
   </div>
   <div class='ocr_carea' id='block_1_32' title="bbox 2071 1725 3732 1805">
    <p class='ocr_par' dir='ltr' id='par_1_32' title="bbox 2071 1725 3732 1805">
     <span class='ocr_line' id='line_1_32' title="bbox 2071 1725 3732 1805; baseline 0.003 -26"><span class='ocrx_word' id='word_1_183' title='bbox 2071 1725 2224 1780; x_wconf 90' lang='lat' dir='ltr'>sumi</span> <span class='ocrx_word' id='word_1_184' title='bbox 2257 1730 2545 1796; x_wconf 89' lang='lat' dir='ltr'>tanquam</span> <span class='ocrx_word' id='word_1_185' title='bbox 2587 1725 2861 1780; x_wconf 88' lang='lat' dir='ltr'>hostibus</span> <span class='ocrx_word' id='word_1_186' title='bbox 2921 1726 3320 1798; x_wconf 88' lang='lat' dir='ltr'>imperatoris.</span> <span class='ocrx_word' id='word_1_187' title='bbox 3353 1728 3732 1805; x_wconf 77' lang='lat' dir='ltr'>Congiarium</span> 
     </span>
    </p>
   </div>
   <div class='ocr_carea' id='block_1_33' title="bbox 304 1811 1964 1900">
    <p class='ocr_par' dir='ltr' id='par_1_33' title="bbox 304 1811 1964 1890">
     <span class='ocr_line' id='line_1_33' title="bbox 304 1811 1964 1890; baseline 0.002 -21"><span class='ocrx_word' id='word_1_188' title='bbox 304 1814 476 1889; x_wconf 84' lang='grc' dir='ltr'>ῥὸγαν</span> <span class='ocrx_word' id='word_1_189' title='bbox 535 1816 648 1888; x_wconf 85' lang='grc'>(13)</span> <span class='ocrx_word' id='word_1_190' title='bbox 711 1812 977 1889; x_wconf 74' lang='grc' dir='ltr'>διανέμων</span> <span class='ocrx_word' id='word_1_191' title='bbox 1034 1820 1141 1890; x_wconf 88' lang='grc' dir='ltr'>πῦρ</span> <span class='ocrx_word' id='word_1_192' title='bbox 1217 1814 1382 1870; x_wconf 80' lang='grc' dir='ltr'><strong>ἐτίθει</strong></span> <span class='ocrx_word' id='word_1_193' title='bbox 1461 1816 1551 1870; x_wconf 83' lang='grc' dir='ltr'>γαὶ</span> <span class='ocrx_word' id='word_1_194' title='bbox 1636 1811 1964 1888; x_wconf 83' lang='grc' dir='ltr'>λιϐανωτὸν,</span> 
     </span>
    </p>
   </div>
   <div class='ocr_carea' id='block_1_34' title="bbox 2078 1811 3733 1900">
    <p class='ocr_par' dir='ltr' id='par_1_34' title="bbox 2079 1813 3733 1887">
     <span class='ocr_line' id='line_1_34' title="bbox 2079 1813 3733 1887; baseline 0.005 -20"><span class='ocrx_word' id='word_1_195' title='bbox 2079 1814 2364 1869; x_wconf 81' lang='lat' dir='ltr'>exercitui</span> <span class='ocrx_word' id='word_1_196' title='bbox 2395 1813 2653 1886; x_wconf 79' lang='lat' dir='ltr'>largiens</span> <span class='ocrx_word' id='word_1_197' title='bbox 2685 1815 2886 1887; x_wconf 88' lang='lat' dir='ltr'>ignem</span> <span class='ocrx_word' id='word_1_198' title='bbox 2910 1816 3050 1887; x_wconf 89' lang='lat' dir='ltr'>poni</span> <span class='ocrx_word' id='word_1_199' title='bbox 3083 1816 3469 1874; x_wconf 87' lang='lat' dir='ltr'>mandavitac</span> <span class='ocrx_word' id='word_1_200' title='bbox 3500 1817 3733 1884; x_wconf 88' lang='lat' dir='ltr'>thus,ac</span> 
     </span>
    </p>
   </div>
   <div class='ocr_carea' id='block_1_35' title="bbox 303 1902 1516 1982">
    <p class='ocr_par' dir='ltr' id='par_1_35' title="bbox 303 1902 1516 1982">
     <span class='ocr_line' id='line_1_35' title="bbox 303 1902 1516 1982; baseline 0.002 -24"><span class='ocrx_word' id='word_1_201' title='bbox 303 1903 403 1958; x_wconf 80' lang='grc' dir='ltr'>καὶ</span> <span class='ocrx_word' id='word_1_202' title='bbox 434 1905 631 1975; x_wconf 75' lang='grc' dir='ltr'>θυμιᾷν</span> <span class='ocrx_word' id='word_1_203' title='bbox 666 1902 796 1965; x_wconf 74' lang='grc' dir='ltr'>τοὺς</span> <span class='ocrx_word' id='word_1_204' title='bbox 828 1905 1164 1980; x_wconf 61' lang='grc' dir='ltr'>στρατιώτας</span> <span class='ocrx_word' id='word_1_205' title='bbox 1195 1905 1516 1982; x_wconf 76' lang='grc' dir='ltr'>ἠνάγκαζεν.</span> 
     </span>
    </p>
   </div>
   <div class='ocr_carea' id='block_1_36' title="bbox 385 1990 1969 2069">
    <p class='ocr_par' dir='ltr' id='par_1_36' title="bbox 385 1990 1969 2069">
     <span class='ocr_line' id='line_1_36' title="bbox 385 1990 1969 2069; baseline 0.002 -21"><span class='ocrx_word' id='word_1_206' title='bbox 385 1993 479 2049; x_wconf 89' lang='grc' dir='ltr'>Ἐν</span> <span class='ocrx_word' id='word_1_207' title='bbox 512 1991 804 2065; x_wconf 76' lang='grc' dir='ltr'>Καισαρείᾳ</span> <span class='ocrx_word' id='word_1_208' title='bbox 834 1990 893 2047; x_wconf 71' lang='grc' dir='ltr'>δὲ</span> <span class='ocrx_word' id='word_1_209' title='bbox 919 2000 1021 2062; x_wconf 80' lang='grc' dir='ltr'>τῆς</span> <span class='ocrx_word' id='word_1_210' title='bbox 1080 1994 1386 2064; x_wconf 82' lang='grc' dir='ltr'>Φιλίππου,</span> <span class='ocrx_word' id='word_1_211' title='bbox 1448 1997 1518 2069; x_wconf 74' lang='grc' dir='ltr'>τῇ</span> <span class='ocrx_word' id='word_1_212' title='bbox 1568 1998 1662 2049; x_wconf 90' lang='grc' dir='ltr'>νῦν</span> <span class='ocrx_word' id='word_1_213' title='bbox 1722 1992 1969 2067; x_wconf 80' lang='grc' dir='ltr'>Παναΐδι,</span> 
     </span>
    </p>
   </div>
   <div class='ocr_carea' id='block_1_37' title="bbox 308 2082 1971 2161">
    <p class='ocr_par' dir='ltr' id='par_1_37' title="bbox 308 2082 1971 2161">
     <span class='ocr_line' id='line_1_37' title="bbox 308 2082 1971 2161; baseline 0.002 -25"><span class='ocrx_word' id='word_1_214' title='bbox 308 2083 347 2151; x_wconf 80' lang='grc' dir='ltr'>ἡ</span> <span class='ocrx_word' id='word_1_215' title='bbox 415 2082 523 2138; x_wconf 82' lang='grc' dir='ltr'>ὑπὸ</span> <span class='ocrx_word' id='word_1_216' title='bbox 577 2087 676 2136; x_wconf 86' lang='grc' dir='ltr'>τοῦ</span> <span class='ocrx_word' id='word_1_217' title='bbox 732 2087 965 2158; x_wconf 80' lang='grc' dir='ltr'>Χριστοῦ</span> <span class='ocrx_word' id='word_1_218' title='bbox 1052 2088 1439 2158; x_wconf 81' lang='grc' dir='ltr'>θεραπευθεῖσα</span> <span class='ocrx_word' id='word_1_219' title='bbox 1524 2083 1826 2161; x_wconf 74' lang='grc' dir='ltr'>αἱμόῤῥους</span> <span class='ocrx_word' id='word_1_220' title='bbox 1878 2085 1971 2140; x_wconf 83' lang='grc' dir='ltr'>ἀν·</span> 
     </span>
    </p>
   </div>
   <div class='ocr_carea' id='block_1_38' title="bbox 311 2169 1968 2249">
    <p class='ocr_par' dir='ltr' id='par_1_38' title="bbox 311 2169 1968 2249">
     <span class='ocr_line' id='line_1_38' title="bbox 311 2169 1968 2249; baseline 0.001 -23"><span class='ocrx_word' id='word_1_221' title='bbox 311 2169 550 2246; x_wconf 74' lang='grc' dir='ltr'>δριάναα</span> <span class='ocrx_word' id='word_1_222' title='bbox 602 2173 798 2243; x_wconf 62' lang='grc' dir='ltr'>ἔστησε</span> <span class='ocrx_word' id='word_1_223' title='bbox 851 2172 931 2243; x_wconf 74' lang='grc' dir='ltr'>τῷ</span> <span class='ocrx_word' id='word_1_224' title='bbox 990 2172 1230 2246; x_wconf 79' lang='grc' dir='ltr'>Δεσπότῃ</span> <span class='ocrx_word' id='word_1_225' title='bbox 1316 2177 1561 2248; x_wconf 81' lang='grc' dir='ltr'>Χριστῷ,</span> <span class='ocrx_word' id='word_1_226' title='bbox 1617 2174 1704 2228; x_wconf 82' lang='grc' dir='ltr'>καὶ</span> <span class='ocrx_word' id='word_1_227' title='bbox 1765 2173 1968 2249; x_wconf 85' lang='grc' dir='ltr'>βοτάνη</span> 
     </span>
    </p>
   </div>
   <div class='ocr_carea' id='block_1_39' title="bbox 310 2258 1969 2339">
    <p class='ocr_par' dir='ltr' id='par_1_39' title="bbox 310 2258 1969 2339">
     <span class='ocr_line' id='line_1_39' title="bbox 310 2258 1969 2339; baseline 0.002 -25"><span class='ocrx_word' id='word_1_228' title='bbox 310 2258 510 2339; x_wconf 75' lang='grc' dir='ltr'>ἐφύετο</span> <span class='ocrx_word' id='word_1_229' title='bbox 542 2260 648 2315; x_wconf 77' lang='grc' dir='ltr'>ὑπὸ</span> <span class='ocrx_word' id='word_1_230' title='bbox 678 2263 781 2332; x_wconf 80' lang='grc' dir='ltr'>τήν</span> <span class='ocrx_word' id='word_1_231' title='bbox 840 2261 993 2337; x_wconf 86' lang='grc' dir='ltr'>βάσιν</span> <span class='ocrx_word' id='word_1_232' title='bbox 1047 2266 1146 2317; x_wconf 89' lang='grc' dir='ltr'>τοῦ</span> <span class='ocrx_word' id='word_1_233' title='bbox 1202 2259 1518 2337; x_wconf 80' lang='grc' dir='ltr'>ἀνδριάντος</span> <span class='ocrx_word' id='word_1_234' title='bbox 1575 2263 1753 2333; x_wconf 81' lang='grc' dir='ltr'>πάσης</span> <span class='ocrx_word' id='word_1_235' title='bbox 1809 2261 1969 2318; x_wconf 87' lang='grc' dir='ltr'>νόσου</span> 
     </span>
    </p>
   </div>
   <div class='ocr_carea' id='block_1_40' title="bbox 310 2347 1972 2431">
    <p class='ocr_par' dir='ltr' id='par_1_40' title="bbox 310 2347 1972 2431">
     <span class='ocr_line' id='line_1_40' title="bbox 310 2347 1972 2431; baseline 0.004 -28"><span class='ocrx_word' id='word_1_236' title='bbox 310 2347 706 2424; x_wconf 68' lang='grc' dir='ltr'>ἀλεξητήριον.</span> <span class='ocrx_word' id='word_1_237' title='bbox 737 2351 821 2422; x_wconf 72' lang='grc' dir='ltr'>Τῇ</span> <span class='ocrx_word' id='word_1_238' title='bbox 853 2348 947 2405; x_wconf 85' lang='grc' dir='ltr'>οῦν</span> <span class='ocrx_word' id='word_1_239' title='bbox 985 2351 1186 2425; x_wconf 56' lang='grc' dir='ltr'>βοτένῃ</span> <span class='ocrx_word' id='word_1_240' title='bbox 1229 2352 1502 2431; x_wconf 65' lang='grc' dir='ltr'>φθονήσας</span> <span class='ocrx_word' id='word_1_241' title='bbox 1541 2353 1636 2407; x_wconf 90' lang='grc' dir='ltr'>τὸν</span> <span class='ocrx_word' id='word_1_242' title='bbox 1682 2350 1972 2426; x_wconf 77' lang='grc' dir='ltr'>ἀνδριάντα</span> 
     </span>
    </p>
   </div>
   <div class='ocr_carea' id='block_1_41' title="bbox 308 2435 1970 2512">
    <p class='ocr_par' dir='ltr' id='par_1_41' title="bbox 308 2435 1970 2512">
     <span class='ocr_line' id='line_1_41' title="bbox 308 2435 1970 2512; baseline 0.004 -20"><span class='ocrx_word' id='word_1_243' title='bbox 308 2438 541 2512; x_wconf 81' lang='grc' dir='ltr'>γατάγει</span> <span class='ocrx_word' id='word_1_244' title='bbox 571 2439 600 2492; x_wconf 86' lang='grc' dir='ltr'>ὁ</span> <span class='ocrx_word' id='word_1_245' title='bbox 633 2435 895 2508; x_wconf 74' lang='grc' dir='ltr'>δείλαιος,</span> <span class='ocrx_word' id='word_1_246' title='bbox 924 2439 1015 2493; x_wconf 78' lang='grc' dir='ltr'>καὶ</span> <span class='ocrx_word' id='word_1_247' title='bbox 1062 2439 1174 2495; x_wconf 84' lang='grc' dir='ltr'>ἀντ’</span> <span class='ocrx_word' id='word_1_248' title='bbox 1205 2441 1370 2495; x_wconf 81' lang='grc' dir='ltr'>αὐτοῦ</span> <span class='ocrx_word' id='word_1_249' title='bbox 1426 2441 1613 2510; x_wconf 82' lang='grc' dir='ltr'>ξόανον</span> <span class='ocrx_word' id='word_1_250' title='bbox 1665 2440 1970 2498; x_wconf 89' lang='grc' dir='ltr'>Ἰουλιανοῦ</span> 
     </span>
    </p>
   </div>
   <div class='ocr_carea' id='block_1_42' title="bbox 310 2524 1971 2607">
    <p class='ocr_par' dir='ltr' id='par_1_42' title="bbox 310 2524 1971 2607">
     <span class='ocr_line' id='line_1_42' title="bbox 310 2524 1971 2607; baseline 0.004 -25"><span class='ocrx_word' id='word_1_251' title='bbox 310 2524 526 2596; x_wconf 68' lang='grc' dir='ltr'>ἵστησι.</span> <span class='ocrx_word' id='word_1_252' title='bbox 560 2526 665 2584; x_wconf 78' lang='grc' dir='ltr'>Καὶ</span> <span class='ocrx_word' id='word_1_253' title='bbox 694 2527 786 2582; x_wconf 87' lang='grc' dir='ltr'>τὸν</span> <span class='ocrx_word' id='word_1_254' title='bbox 834 2527 929 2599; x_wconf 78' lang='grc' dir='ltr'>μὶν</span> <span class='ocrx_word' id='word_1_255' title='bbox 976 2532 1074 2582; x_wconf 90' lang='grc' dir='ltr'>τοῦ</span> <span class='ocrx_word' id='word_1_256' title='bbox 1122 2535 1385 2603; x_wconf 86' lang='grc' dir='ltr'>Σωτῆρος</span> <span class='ocrx_word' id='word_1_257' title='bbox 1435 2526 1723 2603; x_wconf 70' lang='grc' dir='ltr'>ἀνδριάντα</span> <span class='ocrx_word' id='word_1_258' title='bbox 1754 2531 1805 2585; x_wconf 77' lang='grc' dir='ltr'>οἱ</span> <span class='ocrx_word' id='word_1_259' title='bbox 1837 2536 1971 2607; x_wconf 73' lang='grc' dir='ltr'>Χρι-</span> 
     </span>
    </p>
   </div>
   <div class='ocr_carea' id='block_1_43' title="bbox 307 2611 1968 2689">
    <p class='ocr_par' dir='ltr' id='par_1_43' title="bbox 307 2611 1968 2689">
     <span class='ocr_line' id='line_1_43' title="bbox 307 2611 1968 2689; baseline 0.004 -19"><span class='ocrx_word' id='word_1_260' title='bbox 307 2616 521 2670; x_wconf 78' lang='grc' dir='ltr'>στιανοὶ</span> <span class='ocrx_word' id='word_1_261' title='bbox 582 2611 841 2678; x_wconf 80' lang='grc' dir='ltr'>λαϐόντες</span> <span class='ocrx_word' id='word_1_262' title='bbox 899 2618 975 2678; x_wconf 86' lang='grc' dir='ltr'>εἰς</span> <span class='ocrx_word' id='word_1_263' title='bbox 1034 2614 1329 2689; x_wconf 69' lang='grc' dir='ltr'>ἐκκλησίαν</span> <span class='ocrx_word' id='word_1_264' title='bbox 1381 2615 1584 2686; x_wconf 77' lang='grc' dir='ltr'>ἔθεντο,</span> <span class='ocrx_word' id='word_1_265' title='bbox 1640 2619 1733 2673; x_wconf 84' lang='grc' dir='ltr'>τὸν</span> <span class='ocrx_word' id='word_1_266' title='bbox 1774 2617 1834 2674; x_wconf 61' lang='grc' dir='ltr'>δὲ</span> <span class='ocrx_word' id='word_1_267' title='bbox 1871 2625 1968 2676; x_wconf 86' lang='grc' dir='ltr'>τοῦ</span> 
     </span>
    </p>
   </div>
   <div class='ocr_carea' id='block_1_44' title="bbox 305 2702 1966 2782">
    <p class='ocr_par' dir='ltr' id='par_1_44' title="bbox 305 2702 1966 2782">
     <span class='ocr_line' id='line_1_44' title="bbox 305 2702 1966 2782; baseline 0.002 -22"><span class='ocrx_word' id='word_1_268' title='bbox 305 2702 619 2760; x_wconf 79' lang='grc' dir='ltr'>’Ῑουλιανοῦ</span> <span class='ocrx_word' id='word_1_269' title='bbox 676 2709 785 2780; x_wconf 88' lang='grc' dir='ltr'>πῦρ</span> <span class='ocrx_word' id='word_1_270' title='bbox 850 2704 1110 2762; x_wconf 82' lang='grc' dir='ltr'>κατελθὸν</span> <span class='ocrx_word' id='word_1_271' title='bbox 1172 2706 1233 2760; x_wconf 80' lang='grc' dir='ltr'>ὲκ</span> <span class='ocrx_word' id='word_1_272' title='bbox 1284 2712 1382 2761; x_wconf 83' lang='grc' dir='ltr'>του</span> <span class='ocrx_word' id='word_1_273' title='bbox 1460 2706 1689 2782; x_wconf 72' lang='grc' dir='ltr'>οὐρανοῦ</span> <span class='ocrx_word' id='word_1_274' title='bbox 1754 2707 1966 2765; x_wconf 82' lang='grc' dir='ltr'>ἀνάλω-</span> 
     </span>
    </p>
   </div>
   <div class='ocr_carea' id='block_1_45' title="bbox 311 2813 423 2850">
    <p class='ocr_par' dir='ltr' id='par_1_45' title="bbox 311 2813 423 2850">
     <span class='ocr_line' id='line_1_45' title="bbox 311 2813 423 2850; baseline 0.009 -1"><span class='ocrx_word' id='word_1_275' title='bbox 311 2813 403 2849; x_wconf 81' lang='grc' dir='ltr'>σεν</span> <span class='ocrx_word' id='word_1_276' title='bbox 410 2838 423 2850; x_wconf 88' lang='grc'>.</span> 
     </span>
    </p>
   </div>
   <div class='ocr_carea' id='block_1_46' title="bbox 382 2880 1965 2961">
    <p class='ocr_par' dir='ltr' id='par_1_46' title="bbox 382 2880 1965 2961">
     <span class='ocr_line' id='line_1_46' title="bbox 382 2880 1965 2961; baseline 0.001 -22"><span class='ocrx_word' id='word_1_277' title='bbox 382 2882 473 2939; x_wconf 85' lang='grc' dir='ltr'>Ἐν</span> <span class='ocrx_word' id='word_1_278' title='bbox 524 2880 584 2938; x_wconf 79' lang='grc' dir='ltr'>δὶ</span> <span class='ocrx_word' id='word_1_279' title='bbox 636 2880 943 2940; x_wconf 84' lang='grc' dir='ltr'>Νικοπόλει</span> <span class='ocrx_word' id='word_1_280' title='bbox 997 2890 1098 2954; x_wconf 78' lang='grc' dir='ltr'>τῆς</span> <span class='ocrx_word' id='word_1_281' title='bbox 1159 2882 1532 2955; x_wconf 85' lang='grc' dir='ltr'>Παλαιστίτης</span> <span class='ocrx_word' id='word_1_282' title='bbox 1582 2890 1652 2961; x_wconf 76' lang='grc' dir='ltr'>τῇ</span> <span class='ocrx_word' id='word_1_283' title='bbox 1684 2887 1965 2961; x_wconf 81' lang='grc' dir='ltr'>Ἐμμαοῦς</span> 
     </span>
    </p>
   </div>
   <div class='ocr_carea' id='block_1_47' title="bbox 2080 1901 2805 1976">
    <p class='ocr_par' dir='ltr' id='par_1_47' title="bbox 2080 1901 2805 1976">
     <span class='ocr_line' id='line_1_47' title="bbox 2080 1901 2805 1976; baseline 0.001 -19"><span class='ocrx_word' id='word_1_284' title='bbox 2080 1901 2320 1958; x_wconf 86' lang='lat' dir='ltr'>adolere</span> <span class='ocrx_word' id='word_1_285' title='bbox 2344 1902 2565 1957; x_wconf 86' lang='lat' dir='ltr'>milites</span> <span class='ocrx_word' id='word_1_286' title='bbox 2594 1903 2805 1976; x_wconf 83' lang='lat' dir='ltr'>coegit.</span> 
     </span>
    </p>
   </div>
   <div class='ocr_carea' id='block_1_48' title="bbox 2151 1991 3730 2063">
    <p class='ocr_par' dir='ltr' id='par_1_48' title="bbox 2151 1991 3730 2063">
     <span class='ocr_line' id='line_1_48' title="bbox 2151 1991 3730 2063; baseline 0.003 -18"><span class='ocrx_word' id='word_1_287' title='bbox 2151 1991 2432 2045; x_wconf 73' lang='lat' dir='ltr'>Cmsareaa</span> <span class='ocrx_word' id='word_1_288' title='bbox 2481 1991 2759 2062; x_wconf 84' lang='lat' dir='ltr'>Philippi,</span> <span class='ocrx_word' id='word_1_289' title='bbox 2821 2008 2953 2062; x_wconf 77' lang='lat' dir='ltr'>qum</span> <span class='ocrx_word' id='word_1_290' title='bbox 3009 2009 3172 2048; x_wconf 90' lang='lat' dir='ltr'>nunc</span> <span class='ocrx_word' id='word_1_291' title='bbox 3228 1994 3445 2049; x_wconf 88' lang='lat' dir='ltr'>Panais</span> <span class='ocrx_word' id='word_1_292' title='bbox 3494 1994 3730 2063; x_wconf 86' lang='lat' dir='ltr'>dicitur,</span> 
     </span>
    </p>
   </div>
   <div class='ocr_carea' id='block_1_49' title="bbox 2080 2079 3731 2153">
    <p class='ocr_par' dir='ltr' id='par_1_49' title="bbox 2080 2079 3731 2153">
     <span class='ocr_line' id='line_1_49' title="bbox 2080 2079 3731 2153; baseline 0.002 -18"><span class='ocrx_word' id='word_1_293' title='bbox 2080 2079 2297 2136; x_wconf 87' lang='lat' dir='ltr'>mulier</span> <span class='ocrx_word' id='word_1_294' title='bbox 2326 2096 2505 2151; x_wconf 90' lang='lat' dir='ltr'>quam</span> <span class='ocrx_word' id='word_1_295' title='bbox 2535 2080 2804 2136; x_wconf 89' lang='lat' dir='ltr'>Christus</span> <span class='ocrx_word' id='word_1_296' title='bbox 2834 2081 3122 2153; x_wconf 88' lang='lat' dir='ltr'>proﬂuvio</span> <span class='ocrx_word' id='word_1_297' title='bbox 3168 2083 3476 2150; x_wconf 71' lang='lat' dir='ltr'>sanguinis</span> <span class='ocrx_word' id='word_1_298' title='bbox 3508 2083 3731 2139; x_wconf 85' lang='lat' dir='ltr'>libera-</span> 
     </span>
    </p>
   </div>
   <div class='ocr_carea' id='block_1_50' title="bbox 2081 2169 3801 2245">
    <p class='ocr_par' dir='ltr' id='par_1_50' title="bbox 2081 2169 3801 2245">
     <span class='ocr_line' id='line_1_50' title="bbox 2081 2169 3801 2245; baseline 0.003 -21"><span class='ocrx_word' id='word_1_299' title='bbox 2081 2176 2260 2229; x_wconf 83' lang='lat' dir='ltr'>verat.</span> <span class='ocrx_word' id='word_1_300' title='bbox 2293 2170 2543 2225; x_wconf 88' lang='lat' dir='ltr'>Domino</span> <span class='ocrx_word' id='word_1_301' title='bbox 2565 2169 2797 2225; x_wconf 89' lang='lat' dir='ltr'>Christo</span> <span class='ocrx_word' id='word_1_302' title='bbox 2826 2176 3082 2226; x_wconf 86' lang='lat' dir='ltr'>statuam</span> <span class='ocrx_word' id='word_1_303' title='bbox 3117 2177 3394 2243; x_wconf 80' lang='lat' dir='ltr'>posuerat</span> <span class='ocrx_word' id='word_1_304' title='bbox 3421 2172 3529 2227; x_wconf 91' lang='lat' dir='ltr'>sub</span> <span class='ocrx_word' id='word_1_305' title='bbox 3561 2174 3730 2245; x_wconf 81' lang='lat' dir='ltr'>cujus</span> <span class='ocrx_word' id='word_1_306' title='bbox 3794 2186 3801 2191; x_wconf 84' lang='lat'><em>‘</em></span> 
     </span>
    </p>
   </div>
   <div class='ocr_carea' id='block_1_51' title="bbox 2079 2258 3730 2332">
    <p class='ocr_par' dir='ltr' id='par_1_51' title="bbox 2079 2258 3730 2332">
     <span class='ocr_line' id='line_1_51' title="bbox 2079 2258 3730 2332; baseline 0.002 -18"><span class='ocrx_word' id='word_1_307' title='bbox 2079 2258 2208 2315; x_wconf 85' lang='lat' dir='ltr'>basi</span> <span class='ocrx_word' id='word_1_308' title='bbox 2240 2259 2423 2315; x_wconf 88' lang='lat' dir='ltr'>herba</span> <span class='ocrx_word' id='word_1_309' title='bbox 2452 2259 2842 2315; x_wconf 89' lang='lat' dir='ltr'>enascebatur</span> <span class='ocrx_word' id='word_1_310' title='bbox 2896 2276 3157 2331; x_wconf 74' lang='lat' dir='ltr'>praasens</span> <span class='ocrx_word' id='word_1_311' title='bbox 3198 2262 3541 2332; x_wconf 89' lang='lat' dir='ltr'>quorumvis</span> <span class='ocrx_word' id='word_1_312' title='bbox 3568 2278 3730 2318; x_wconf 86' lang='lat' dir='ltr'>mor-</span> 
     </span>
    </p>
   </div>
   <div class='ocr_carea' id='block_1_52' title="bbox 2079 2347 3729 2420">
    <p class='ocr_par' dir='ltr' id='par_1_52' title="bbox 2079 2347 3729 2420">
     <span class='ocr_line' id='line_1_52' title="bbox 2079 2347 3729 2420; baseline 0.002 -17"><span class='ocrx_word' id='word_1_313' title='bbox 2079 2348 2292 2403; x_wconf 86' lang='lat' dir='ltr'>borum</span> <span class='ocrx_word' id='word_1_314' title='bbox 2324 2347 2676 2404; x_wconf 86' lang='lat' dir='ltr'>remedium.</span> <span class='ocrx_word' id='word_1_315' title='bbox 2712 2348 2850 2420; x_wconf 87' lang='lat' dir='ltr'>Ejus</span> <span class='ocrx_word' id='word_1_316' title='bbox 2881 2348 3080 2403; x_wconf 68' lang='lat' dir='ltr'>herbae</span> <span class='ocrx_word' id='word_1_317' title='bbox 3131 2349 3353 2405; x_wconf 86' lang='lat' dir='ltr'>invidia</span> <span class='ocrx_word' id='word_1_318' title='bbox 3407 2357 3606 2406; x_wconf 88' lang='lat' dir='ltr'>motus</span> <span class='ocrx_word' id='word_1_319' title='bbox 3632 2353 3729 2407; x_wconf 85' lang='lat' dir='ltr'>Ju-</span> 
     </span>
    </p>
   </div>
   <div class='ocr_carea' id='block_1_53' title="bbox 2079 2436 3731 2512">
    <p class='ocr_par' dir='ltr' id='par_1_53' title="bbox 2079 2436 3731 2512">
     <span class='ocr_line' id='line_1_53' title="bbox 2079 2436 3731 2512; baseline 0.002 -20"><span class='ocrx_word' id='word_1_320' title='bbox 2079 2437 2277 2493; x_wconf 87' lang='lat' dir='ltr'>lianus</span> <span class='ocrx_word' id='word_1_321' title='bbox 2308 2443 2562 2493; x_wconf 87' lang='lat' dir='ltr'>statuam</span> <span class='ocrx_word' id='word_1_322' title='bbox 2595 2453 2723 2492; x_wconf 92' lang='lat' dir='ltr'>eam</span> <span class='ocrx_word' id='word_1_323' title='bbox 2755 2436 3050 2508; x_wconf 81' lang='lat' dir='ltr'>deposuit,</span> <span class='ocrx_word' id='word_1_324' title='bbox 3078 2454 3146 2493; x_wconf 90' lang='lat' dir='ltr'>ac</span> <span class='ocrx_word' id='word_1_325' title='bbox 3173 2438 3731 2512; x_wconf 83' lang='lat' dir='ltr'>Julianiimaginem</span> 
     </span>
    </p>
   </div>
   <div class='ocr_carea' id='block_1_54' title="bbox 2080 2525 3731 2598">
    <p class='ocr_par' dir='ltr' id='par_1_54' title="bbox 2080 2525 3731 2598">
     <span class='ocr_line' id='line_1_54' title="bbox 2080 2525 3731 2598; baseline 0.002 -17"><span class='ocrx_word' id='word_1_326' title='bbox 2080 2526 2373 2597; x_wconf 90' lang='lat' dir='ltr'>sculptam</span> <span class='ocrx_word' id='word_1_327' title='bbox 2433 2526 2604 2581; x_wconf 90' lang='lat' dir='ltr'>istius</span> <span class='ocrx_word' id='word_1_328' title='bbox 2662 2525 2791 2581; x_wconf 88' lang='lat' dir='ltr'>loco</span> <span class='ocrx_word' id='word_1_329' title='bbox 2846 2526 3064 2598; x_wconf 85' lang='lat' dir='ltr'>posuit.</span> <span class='ocrx_word' id='word_1_330' title='bbox 3108 2527 3425 2583; x_wconf 78' lang='lat' dir='ltr'>Christiani</span> <span class='ocrx_word' id='word_1_331' title='bbox 3475 2534 3731 2584; x_wconf 87' lang='lat' dir='ltr'>statuam</span> 
     </span>
    </p>
   </div>
   <div class='ocr_carea' id='block_1_55' title="bbox 2080 2615 3728 2687">
    <p class='ocr_par' dir='ltr' id='par_1_55' title="bbox 2080 2615 3728 2687">
     <span class='ocr_line' id='line_1_55' title="bbox 2080 2615 3728 2687; baseline 0.002 -18"><span class='ocrx_word' id='word_1_332' title='bbox 2080 2615 2402 2670; x_wconf 89' lang='lat' dir='ltr'>Servatoris</span> <span class='ocrx_word' id='word_1_333' title='bbox 2447 2615 2741 2671; x_wconf 88' lang='lat' dir='ltr'>sublatam</span> <span class='ocrx_word' id='word_1_334' title='bbox 2779 2615 2839 2670; x_wconf 92' lang='lat' dir='ltr'>in</span> <span class='ocrx_word' id='word_1_335' title='bbox 2871 2616 3091 2687; x_wconf 91' lang='lat' dir='ltr'>templo</span> <span class='ocrx_word' id='word_1_336' title='bbox 3126 2616 3600 2674; x_wconf 87' lang='lat' dir='ltr'>collocaverunt:</span> <span class='ocrx_word' id='word_1_337' title='bbox 3628 2620 3728 2675; x_wconf 83' lang='lat' dir='ltr'>Ju-</span> 
     </span>
    </p>
   </div>
   <div class='ocr_carea' id='block_1_56' title="bbox 2076 2704 3369 2777">
    <p class='ocr_par' dir='ltr' id='par_1_56' title="bbox 2076 2704 3369 2777">
     <span class='ocr_line' id='line_1_56' title="bbox 2076 2704 3369 2777; baseline 0.002 -18"><span class='ocrx_word' id='word_1_338' title='bbox 2076 2704 2223 2760; x_wconf 91' lang='lat' dir='ltr'>liani</span> <span class='ocrx_word' id='word_1_339' title='bbox 2255 2705 2410 2777; x_wconf 85' lang='lat' dir='ltr'>ignis</span> <span class='ocrx_word' id='word_1_340' title='bbox 2442 2704 2515 2760; x_wconf 90' lang='lat' dir='ltr'>de</span> <span class='ocrx_word' id='word_1_341' title='bbox 2546 2706 2694 2762; x_wconf 65' lang='lat' dir='ltr'>caelo</span> <span class='ocrx_word' id='word_1_342' title='bbox 2725 2705 2944 2761; x_wconf 86' lang='lat' dir='ltr'>missus</span> <span class='ocrx_word' id='word_1_343' title='bbox 2973 2708 3369 2777; x_wconf 90' lang='lat' dir='ltr'>consumpsit.</span> 
     </span>
    </p>
   </div>
   <div class='ocr_carea' id='block_1_57' title="bbox 2149 2884 3723 2955">
    <p class='ocr_par' dir='ltr' id='par_1_57' title="bbox 2149 2884 3723 2955">
     <span class='ocr_line' id='line_1_57' title="bbox 2149 2884 3723 2955; baseline 0.003 -18"><span class='ocrx_word' id='word_1_344' title='bbox 2149 2884 2345 2955; x_wconf 43' lang='lat' dir='ltr'>Nicop.</span> <span class='ocrx_word' id='word_1_345' title='bbox 2372 2884 2413 2939; x_wconf 90' lang='lat' dir='ltr'>li</span> <span class='ocrx_word' id='word_1_346' title='bbox 2447 2884 2800 2947; x_wconf 73' lang='lat' dir='ltr'>Palmstinaa,</span> <span class='ocrx_word' id='word_1_347' title='bbox 2857 2901 2990 2955; x_wconf 69' lang='lat' dir='ltr'>quas</span> <span class='ocrx_word' id='word_1_348' title='bbox 3051 2890 3110 2939; x_wconf 91' lang='lat' dir='ltr'>et</span> <span class='ocrx_word' id='word_1_349' title='bbox 3163 2887 3440 2941; x_wconf 88' lang='lat' dir='ltr'>Emmaus</span> <span class='ocrx_word' id='word_1_350' title='bbox 3488 2886 3723 2953; x_wconf 88' lang='lat' dir='ltr'>dicitur,</span> 
     </span>
    </p>
   </div>
   <div class='ocr_carea' id='block_1_58' title="bbox 303 2970 1964 3055">
    <p class='ocr_par' dir='ltr' id='par_1_58' title="bbox 303 2970 1964 3047">
     <span class='ocr_line' id='line_1_58' title="bbox 303 2970 1964 3047; baseline 0.002 -20"><span class='ocrx_word' id='word_1_351' title='bbox 303 2974 468 3046; x_wconf 75' lang='grc' dir='ltr'>πηγή</span> <span class='ocrx_word' id='word_1_352' title='bbox 502 2970 618 3027; x_wconf 85' lang='grc' dir='ltr'>ἐστι</span> <span class='ocrx_word' id='word_1_353' title='bbox 644 2971 917 3028; x_wconf 81' lang='grc' dir='ltr'>παντοίων</span> <span class='ocrx_word' id='word_1_354' title='bbox 949 2974 1138 3027; x_wconf 84' lang='grc' dir='ltr'>παθῶν</span> <span class='ocrx_word' id='word_1_355' title='bbox 1170 2973 1467 3047; x_wconf 79' lang='grc' dir='ltr'>ἀνθρώπων</span> <span class='ocrx_word' id='word_1_356' title='bbox 1508 2994 1566 3029; x_wconf 86' lang='grc' dir='ltr'>τε</span> <span class='ocrx_word' id='word_1_357' title='bbox 1612 2974 1703 3030; x_wconf 81' lang='grc' dir='ltr'>καὶ</span> <span class='ocrx_word' id='word_1_358' title='bbox 1750 2979 1964 3046; x_wconf 79' lang='grc' dir='ltr'>κτηνῶν</span> 
     </span>
    </p>
   </div>
   <div class='ocr_carea' id='block_1_59' title="bbox 2078 2970 3724 3055">
    <p class='ocr_par' dir='ltr' id='par_1_59' title="bbox 2078 2971 3724 3045">
     <span class='ocr_line' id='line_1_59' title="bbox 2078 2971 3724 3045; baseline 0.002 -18"><span class='ocrx_word' id='word_1_359' title='bbox 2078 2971 2208 3028; x_wconf 80' lang='lat' dir='ltr'>fons</span> <span class='ocrx_word' id='word_1_360' title='bbox 2234 2978 2362 3028; x_wconf 91' lang='lat' dir='ltr'>erat</span> <span class='ocrx_word' id='word_1_361' title='bbox 2390 2974 2586 3029; x_wconf 90' lang='lat' dir='ltr'>omnis</span> <span class='ocrx_word' id='word_1_362' title='bbox 2614 2974 2850 3045; x_wconf 86' lang='lat' dir='ltr'>generis</span> <span class='ocrx_word' id='word_1_363' title='bbox 2904 2973 3143 3028; x_wconf 89' lang='lat' dir='ltr'>morbos</span> <span class='ocrx_word' id='word_1_364' title='bbox 3174 2974 3484 3030; x_wconf 89' lang='lat' dir='ltr'>hominum</span> <span class='ocrx_word' id='word_1_365' title='bbox 3518 2975 3724 3030; x_wconf 90' lang='lat' dir='ltr'>bruto-</span> 
     </span>
    </p>
   </div>
   <div class='ocr_carea' id='block_1_60' title="bbox 309 3060 1961 3137">
    <p class='ocr_par' dir='ltr' id='par_1_60' title="bbox 309 3060 1961 3137">
     <span class='ocr_line' id='line_1_60' title="bbox 309 3060 1961 3137; baseline 0.002 -20"><span class='ocrx_word' id='word_1_366' title='bbox 309 3060 474 3124; x_wconf 71' lang='grc' dir='ltr'>ἵισις·</span> <span class='ocrx_word' id='word_1_367' title='bbox 520 3060 574 3116; x_wconf 80' lang='grc' dir='ltr'>ἐν</span> <span class='ocrx_word' id='word_1_368' title='bbox 608 3061 745 3135; x_wconf 78' lang='grc' dir='ltr'>αὐτῇ</span> <span class='ocrx_word' id='word_1_369' title='bbox 770 3062 870 3137; x_wconf 84' lang='grc' dir='ltr'>γάρ</span> <span class='ocrx_word' id='word_1_370' title='bbox 911 3082 1042 3135; x_wconf 73' lang='grc' dir='ltr'>φασι</span> <span class='ocrx_word' id='word_1_371' title='bbox 1089 3062 1180 3118; x_wconf 89' lang='grc' dir='ltr'>τὸν</span> <span class='ocrx_word' id='word_1_372' title='bbox 1236 3063 1435 3137; x_wconf 64' lang='grc' dir='ltr'>Κύριον</span> <span class='ocrx_word' id='word_1_373' title='bbox 1483 3064 1573 3118; x_wconf 80' lang='grc' dir='ltr'>καὶ</span> <span class='ocrx_word' id='word_1_374' title='bbox 1622 3064 1750 3119; x_wconf 86' lang='grc' dir='ltr'>Θεὸν</span> <span class='ocrx_word' id='word_1_375' title='bbox 1802 3067 1961 3137; x_wconf 72' lang='grc' dir='ltr'>ἡμῶν</span> 
     </span>
    </p>
   </div>
   <div class='ocr_carea' id='block_1_61' title="bbox 316 3147 1964 3227">
    <p class='ocr_par' dir='ltr' id='par_1_61' title="bbox 316 3147 1964 3227">
     <span class='ocr_line' id='line_1_61' title="bbox 316 3147 1964 3227; baseline 0.002 -22"><span class='ocrx_word' id='word_1_376' title='bbox 316 3152 445 3211; x_wconf 69' lang='grc' dir='ltr'>τοὺς</span> <span class='ocrx_word' id='word_1_377' title='bbox 472 3147 644 3213; x_wconf 76' lang='grc' dir='ltr'>πόδας</span> <span class='ocrx_word' id='word_1_378' title='bbox 674 3150 1043 3225; x_wconf 78' lang='grc' dir='ltr'>ἀπονίψασθαι</span> <span class='ocrx_word' id='word_1_379' title='bbox 1093 3150 1140 3221; x_wconf 80' lang='grc' dir='ltr'>ἐξ</span> <span class='ocrx_word' id='word_1_380' title='bbox 1202 3149 1540 3227; x_wconf 83' lang='grc' dir='ltr'>ὁδοιπορίας.</span> <span class='ocrx_word' id='word_1_381' title='bbox 1583 3155 1672 3207; x_wconf 82' lang='grc' dir='ltr'>Ἐν</span> <span class='ocrx_word' id='word_1_382' title='bbox 1721 3154 1964 3227; x_wconf 78' lang='grc' dir='ltr'>Ἕρμου-</span> 
     </span>
    </p>
   </div>
   <div class='ocr_carea' id='block_1_62' title="bbox 320 3234 1965 3315">
    <p class='ocr_par' dir='ltr' id='par_1_62' title="bbox 320 3234 1965 3315">
     <span class='ocr_line' id='line_1_62' title="bbox 320 3234 1965 3315; baseline 0.004 -24"><span class='ocrx_word' id='word_1_383' title='bbox 320 3236 603 3309; x_wconf 76' lang='grc' dir='ltr'>πόλειτῆς</span> <span class='ocrx_word' id='word_1_384' title='bbox 632 3234 910 3311; x_wconf 71' lang='grc' dir='ltr'>Θηϐαίδος</span> <span class='ocrx_word' id='word_1_385' title='bbox 978 3238 1199 3315; x_wconf 77' lang='grc' dir='ltr'>δένδρον</span> <span class='ocrx_word' id='word_1_386' title='bbox 1241 3239 1458 3297; x_wconf 69' lang='grc' dir='ltr'>ἵσταται</span> <span class='ocrx_word' id='word_1_387' title='bbox 1506 3238 1723 3315; x_wconf 82' lang='grc' dir='ltr'>περσέα’</span> <span class='ocrx_word' id='word_1_388' title='bbox 1764 3241 1965 3313; x_wconf 78' lang='grc' dir='ltr'>ταύτης</span> 
     </span>
    </p>
   </div>
   <div class='ocr_carea' id='block_1_63' title="bbox 314 3326 1964 3407">
    <p class='ocr_par' dir='ltr' id='par_1_63' title="bbox 314 3326 1964 3407">
     <span class='ocr_line' id='line_1_63' title="bbox 314 3326 1964 3407; baseline 0.004 -25"><span class='ocrx_word' id='word_1_389' title='bbox 314 3327 827 3407; x_wconf 65' lang='grc' dir='ltr'>ιρύλλονῆκάρφος</span> <span class='ocrx_word' id='word_1_390' title='bbox 886 3329 934 3385; x_wconf 81' lang='grc' dir='ltr'>εί</span> <span class='ocrx_word' id='word_1_391' title='bbox 995 3326 1164 3386; x_wconf 76' lang='grc' dir='ltr'>λάϐοι</span> <span class='ocrx_word' id='word_1_392' title='bbox 1219 3351 1326 3401; x_wconf 90' lang='grc' dir='ltr'>τις,</span> <span class='ocrx_word' id='word_1_393' title='bbox 1383 3331 1522 3405; x_wconf 89' lang='grc' dir='ltr'>πρὸς</span> <span class='ocrx_word' id='word_1_394' title='bbox 1580 3337 1754 3387; x_wconf 81' lang='grc' dir='ltr'>πᾶσαν</span> <span class='ocrx_word' id='word_1_395' title='bbox 1805 3332 1964 3388; x_wconf 81' lang='grc' dir='ltr'>νόσον</span> 
     </span>
    </p>
   </div>
   <div class='ocr_carea' id='block_1_64' title="bbox 307 3416 1965 3498">
    <p class='ocr_par' dir='ltr' id='par_1_64' title="bbox 307 3416 1965 3498">
     <span class='ocr_line' id='line_1_64' title="bbox 307 3416 1965 3498; baseline 0.001 -24"><span class='ocrx_word' id='word_1_396' title='bbox 307 3416 461 3474; x_wconf 71' lang='grc' dir='ltr'>ἐστὶν</span> <span class='ocrx_word' id='word_1_397' title='bbox 521 3419 759 3490; x_wconf 73' lang='grc' dir='ltr'>ίάσιμοςο</span> <span class='ocrx_word' id='word_1_398' title='bbox 825 3420 958 3495; x_wconf 79' lang='grc' dir='ltr'>ὅπερ</span> <span class='ocrx_word' id='word_1_399' title='bbox 1045 3417 1285 3495; x_wconf 76' lang='grc' dir='ltr'>δένδρον,</span> <span class='ocrx_word' id='word_1_400' title='bbox 1340 3420 1490 3498; x_wconf 74' lang='grc' dir='ltr'>φασὶ,</span> <span class='ocrx_word' id='word_1_401' title='bbox 1549 3418 1734 3476; x_wconf 76' lang='grc' dir='ltr'>κλιθέν</span> <span class='ocrx_word' id='word_1_402' title='bbox 1792 3440 1965 3495; x_wconf 70' lang='grc' dir='ltr'>προσ⁴</span> 
     </span>
    </p>
   </div>
   <div class='ocr_carea' id='block_1_65' title="bbox 303 3505 1963 3589">
    <p class='ocr_par' dir='ltr' id='par_1_65' title="bbox 303 3505 1963 3589">
     <span class='ocr_line' id='line_1_65' title="bbox 303 3505 1963 3589; baseline 0.001 -27"><span class='ocrx_word' id='word_1_403' title='bbox 303 3508 481 3562; x_wconf 77' lang='grc' dir='ltr'>εκύνει</span> <span class='ocrx_word' id='word_1_404' title='bbox 541 3514 624 3580; x_wconf 80' lang='grc' dir='ltr'>τῷ</span> <span class='ocrx_word' id='word_1_405' title='bbox 681 3510 920 3581; x_wconf 76' lang='grc' dir='ltr'>Χριστῷ,</span> <span class='ocrx_word' id='word_1_406' title='bbox 978 3509 1134 3579; x_wconf 80' lang='grc' dir='ltr'>ἡνίκα</span> <span class='ocrx_word' id='word_1_407' title='bbox 1199 3510 1335 3580; x_wconf 76' lang='grc' dir='ltr'>πρὸς</span> <span class='ocrx_word' id='word_1_408' title='bbox 1404 3508 1686 3584; x_wconf 64' lang='grc' dir='ltr'>Αἴγυπτον</span> <span class='ocrx_word' id='word_1_409' title='bbox 1750 3505 1963 3589; x_wconf 76' lang='grc' dir='ltr'>ἔφευγε,</span> 
     </span>
    </p>
   </div>
   <div class='ocr_carea' id='block_1_66' title="bbox 302 3595 1961 3679">
    <p class='ocr_par' dir='ltr' id='par_1_66' title="bbox 302 3595 1961 3679">
     <span class='ocr_line' id='line_1_66' title="bbox 302 3595 1961 3679; baseline 0.001 -29"><span class='ocrx_word' id='word_1_410' title='bbox 302 3596 397 3651; x_wconf 73' lang='grc' dir='ltr'>καὶ</span> <span class='ocrx_word' id='word_1_411' title='bbox 430 3596 585 3652; x_wconf 77' lang='grc' dir='ltr'>σκιὰν</span> <span class='ocrx_word' id='word_1_412' title='bbox 616 3595 762 3670; x_wconf 84' lang='grc' dir='ltr'>αύτῷ</span> <span class='ocrx_word' id='word_1_413' title='bbox 794 3596 1077 3667; x_wconf 74' lang='grc' dir='ltr'>πεποίηκε.</span> <span class='ocrx_word' id='word_1_414' title='bbox 1145 3598 1247 3653; x_wconf 79' lang='grc' dir='ltr'>Καὶ</span> <span class='ocrx_word' id='word_1_415' title='bbox 1284 3601 1355 3671; x_wconf 76' lang='grc' dir='ltr'>τῇ</span> <span class='ocrx_word' id='word_1_416' title='bbox 1412 3598 1523 3670; x_wconf 69' lang='grc' dir='ltr'>μὲν⁸</span> <span class='ocrx_word' id='word_1_417' title='bbox 1559 3601 1710 3673; x_wconf 83' lang='grc' dir='ltr'>πηγῇ</span> <span class='ocrx_word' id='word_1_418' title='bbox 1760 3601 1961 3679; x_wconf 70' lang='grc' dir='ltr'>φθονή-</span> 
     </span>
    </p>
   </div>
   <div class='ocr_carea' id='block_1_67' title="bbox 300 3680 1964 3764">
    <p class='ocr_par' dir='ltr' id='par_1_67' title="bbox 300 3680 1964 3764">
     <span class='ocr_line' id='line_1_67' title="bbox 300 3680 1964 3764; baseline 0.002 -25"><span class='ocrx_word' id='word_1_419' title='bbox 300 3706 398 3748; x_wconf 80' lang='grc' dir='ltr'>σας</span> <span class='ocrx_word' id='word_1_420' title='bbox 433 3686 742 3764; x_wconf 82' lang='grc' dir='ltr'>κατέχωσε,</span> <span class='ocrx_word' id='word_1_421' title='bbox 771 3686 835 3741; x_wconf 90' lang='grc' dir='ltr'>τὸ</span> <span class='ocrx_word' id='word_1_422' title='bbox 868 3682 927 3741; x_wconf 75' lang='grc' dir='ltr'>δὲ</span> <span class='ocrx_word' id='word_1_423' title='bbox 958 3682 1173 3759; x_wconf 75' lang='grc' dir='ltr'>δένδρον</span> <span class='ocrx_word' id='word_1_424' title='bbox 1231 3680 1443 3762; x_wconf 77' lang='grc' dir='ltr'>ἔκοψεν.</span> <span class='ocrx_word' id='word_1_425' title='bbox 1498 3686 1671 3748; x_wconf 84' lang='grc' dir='ltr'>υῦτος</span> <span class='ocrx_word' id='word_1_426' title='bbox 1705 3688 1734 3742; x_wconf 87' lang='grc' dir='ltr'>ὁ</span> <span class='ocrx_word' id='word_1_427' title='bbox 1769 3689 1964 3761; x_wconf 88' lang='grc' dir='ltr'>μιαρὸς</span> 
     </span>
    </p>
   </div>
   <div class='ocr_carea' id='block_1_68' title="bbox 294 3772 1966 3851">
    <p class='ocr_par' dir='ltr' id='par_1_68' title="bbox 294 3772 1966 3851">
     <span class='ocr_line' id='line_1_68' title="bbox 294 3772 1966 3851; baseline 0 -19"><span class='ocrx_word' id='word_1_428' title='bbox 294 3779 398 3845; x_wconf 77' lang='grc' dir='ltr'>τήν</span> <span class='ocrx_word' id='word_1_429' title='bbox 431 3780 534 3832; x_wconf 89' lang='grc' dir='ltr'>τοῦ</span> <span class='ocrx_word' id='word_1_430' title='bbox 569 3772 897 3848; x_wconf 82' lang='grc' dir='ltr'>ΙΙροδρόμου</span> <span class='ocrx_word' id='word_1_431' title='bbox 936 3778 1110 3846; x_wconf 73' lang='grc' dir='ltr'>θιςκην</span> <span class='ocrx_word' id='word_1_432' title='bbox 1158 3773 1373 3848; x_wconf 78' lang='grc' dir='ltr'>ἀνοίξας</span> <span class='ocrx_word' id='word_1_433' title='bbox 1429 3777 1558 3851; x_wconf 81' lang='grc' dir='ltr'>πυρὶ</span> <span class='ocrx_word' id='word_1_434' title='bbox 1624 3777 1691 3833; x_wconf 80' lang='grc' dir='ltr'>τὰ</span> <span class='ocrx_word' id='word_1_435' title='bbox 1737 3776 1966 3851; x_wconf 67' lang='grc' dir='ltr'>λείψαθα</span> 
     </span>
    </p>
   </div>
   <div class='ocr_carea' id='block_1_69' title="bbox 296 3861 1479 3940">
    <p class='ocr_par' dir='ltr' id='par_1_69' title="bbox 296 3861 1479 3940">
     <span class='ocr_line' id='line_1_69' title="bbox 296 3861 1479 3940; baseline 0.001 -18"><span class='ocrx_word' id='word_1_436' title='bbox 296 3862 663 3940; x_wconf 81' lang='grc' dir='ltr'>παραδέδωκε</span> <span class='ocrx_word' id='word_1_437' title='bbox 690 3864 782 3919; x_wconf 87' lang='grc' dir='ltr'>καὶ</span> <span class='ocrx_word' id='word_1_438' title='bbox 814 3866 911 3933; x_wconf 82' lang='grc' dir='ltr'>τήν</span> <span class='ocrx_word' id='word_1_439' title='bbox 945 3865 1101 3919; x_wconf 87' lang='grc' dir='ltr'>κόνιν</span> <span class='ocrx_word' id='word_1_440' title='bbox 1133 3861 1479 3939; x_wconf 83' lang='grc' dir='ltr'>διελίκμησε.</span> 
     </span>
    </p>
   </div>
   <div class='ocr_carea' id='block_1_70' title="bbox 376 3951 1963 4030">
    <p class='ocr_par' dir='ltr' id='par_1_70' title="bbox 376 3951 1963 4030">
     <span class='ocr_line' id='line_1_70' title="bbox 376 3951 1963 4030; baseline 0 -19"><span class='ocrx_word' id='word_1_441' title='bbox 376 3953 521 4011; x_wconf 79' lang='grc' dir='ltr'>Φασῖ</span> <span class='ocrx_word' id='word_1_442' title='bbox 558 3951 616 4010; x_wconf 68' lang='grc' dir='ltr'>δὲ</span> <span class='ocrx_word' id='word_1_443' title='bbox 645 3955 730 4009; x_wconf 82' lang='grc' dir='ltr'>’ὁτι</span> <span class='ocrx_word' id='word_1_444' title='bbox 762 3952 814 4009; x_wconf 76' lang='grc' dir='ltr'>ἑν</span> <span class='ocrx_word' id='word_1_445' title='bbox 845 3958 917 4029; x_wconf 76' lang='grc' dir='ltr'>τῇ</span> <span class='ocrx_word' id='word_1_446' title='bbox 948 3953 1084 4009; x_wconf 74' lang='grc' dir='ltr'>κατὰ</span> <span class='ocrx_word' id='word_1_447' title='bbox 1114 3954 1214 4022; x_wconf 77' lang='grc' dir='ltr'>τὴν</span> <span class='ocrx_word' id='word_1_448' title='bbox 1249 3955 1572 4030; x_wconf 78' lang='grc' dir='ltr'>Καισάρειαν</span> <span class='ocrx_word' id='word_1_449' title='bbox 1602 3961 1703 4024; x_wconf 78' lang='grc' dir='ltr'>τῆς</span> <span class='ocrx_word' id='word_1_450' title='bbox 1758 3954 1963 4012; x_wconf 85' lang='grc' dir='ltr'>Φιλίπ-</span> 
     </span>
    </p>
   </div>
   <div class='ocr_carea' id='block_1_71' title="bbox 304 4041 1961 4121">
    <p class='ocr_par' dir='ltr' id='par_1_71' title="bbox 304 4041 1961 4121">
     <span class='ocr_line' id='line_1_71' title="bbox 304 4041 1961 4121; baseline 0 -22"><span class='ocrx_word' id='word_1_451' title='bbox 304 4066 438 4110; x_wconf 80' lang='grc' dir='ltr'>που,</span> <span class='ocrx_word' id='word_1_452' title='bbox 471 4041 525 4098; x_wconf 73' lang='grc' dir='ltr'>ἐν</span> <span class='ocrx_word' id='word_1_453' title='bbox 553 4048 624 4118; x_wconf 77' lang='grc' dir='ltr'>τῇ</span> <span class='ocrx_word' id='word_1_454' title='bbox 658 4044 875 4119; x_wconf 75' lang='grc' dir='ltr'>ἀρκτῲᾳ</span> <span class='ocrx_word' id='word_1_455' title='bbox 910 4043 1048 4106; x_wconf 80' lang='grc' dir='ltr'>οέσει</span> <span class='ocrx_word' id='word_1_456' title='bbox 1110 4050 1211 4112; x_wconf 76' lang='grc' dir='ltr'>τῆς</span> <span class='ocrx_word' id='word_1_457' title='bbox 1269 4043 1570 4121; x_wconf 79' lang='grc' dir='ltr'>φάραγγος,</span> <span class='ocrx_word' id='word_1_458' title='bbox 1623 4043 1775 4118; x_wconf 83' lang='grc' dir='ltr'>ῥίζαν</span> <span class='ocrx_word' id='word_1_459' title='bbox 1821 4043 1961 4120; x_wconf 85' lang='grc' dir='ltr'>γίνε-</span> 
     </span>
    </p>
   </div>
   <div class='ocr_carea' id='block_1_72' title="bbox 305 4128 1962 4212">
    <p class='ocr_par' dir='ltr' id='par_1_72' title="bbox 305 4128 1962 4212">
     <span class='ocr_line' id='line_1_72' title="bbox 305 4128 1962 4212; baseline 0 -24"><span class='ocrx_word' id='word_1_460' title='bbox 305 4134 428 4188; x_wconf 83' lang='grc' dir='ltr'>σθαι</span> <span class='ocrx_word' id='word_1_461' title='bbox 462 4128 785 4208; x_wconf 67' lang='grc' dir='ltr'>φλογοειδῆ,</span> <span class='ocrx_word' id='word_1_462' title='bbox 844 4129 911 4202; x_wconf 75' lang='grc' dir='ltr'>ἤν</span> <span class='ocrx_word' id='word_1_463' title='bbox 970 4129 1202 4188; x_wconf 81' lang='grc' dir='ltr'>καλοῦσι</span> <span class='ocrx_word' id='word_1_464' title='bbox 1251 4133 1582 4208; x_wconf 83' lang='grc' dir='ltr'>βατταρῖτιν,</span> <span class='ocrx_word' id='word_1_465' title='bbox 1614 4132 1791 4212; x_wconf 71' lang='grc' dir='ltr'>ἐφ’-ἦς</span> <span class='ocrx_word' id='word_1_466' title='bbox 1839 4134 1962 4207; x_wconf 89' lang='grc' dir='ltr'>περὶ</span> 
     </span>
    </p>
   </div>
   <div class='ocr_carea' id='block_1_73' title="bbox 302 4218 1960 4298">
    <p class='ocr_par' dir='ltr' id='par_1_73' title="bbox 302 4218 1960 4298">
     <span class='ocr_line' id='line_1_73' title="bbox 302 4218 1960 4298; baseline -0.001 -21"><span class='ocrx_word' id='word_1_467' title='bbox 302 4223 408 4292; x_wconf 82' lang='grc' dir='ltr'>τήν</span> <span class='ocrx_word' id='word_1_468' title='bbox 443 4218 673 4291; x_wconf 68' lang='grc' dir='ltr'>ὶσπὲραν</span> <span class='ocrx_word' id='word_1_469' title='bbox 736 4219 1095 4294; x_wconf 78' lang='grc' dir='ltr'>ὲξοστράπτον</span> <span class='ocrx_word' id='word_1_470' title='bbox 1156 4225 1271 4298; x_wconf 73' lang='grc' dir='ltr'>φῶς</span> <span class='ocrx_word' id='word_1_471' title='bbox 1323 4220 1770 4295; x_wconf 65' lang='grc' dir='ltr'>ἀπροσπέλαστον</span> <span class='ocrx_word' id='word_1_472' title='bbox 1828 4222 1960 4277; x_wconf 76' lang='grc' dir='ltr'>εἶναι</span> 
     </span>
    </p>
   </div>
   <div class='ocr_carea' id='block_1_74' title="bbox 304 4306 1958 4385">
    <p class='ocr_par' dir='ltr' id='par_1_74' title="bbox 304 4306 1958 4385">
     <span class='ocr_line' id='line_1_74' title="bbox 304 4306 1958 4385; baseline -0.002 -18"><span class='ocrx_word' id='word_1_473' title='bbox 304 4312 400 4367; x_wconf 83' lang='grc' dir='ltr'>καὶ</span> <span class='ocrx_word' id='word_1_474' title='bbox 433 4310 729 4384; x_wconf 82' lang='grc' dir='ltr'>ἀπρόσιτον</span> <span class='ocrx_word' id='word_1_475' title='bbox 785 4310 1179 4385; x_wconf 82' lang='grc' dir='ltr'>παρασκευάζει</span> <span class='ocrx_word' id='word_1_476' title='bbox 1210 4306 1300 4365; x_wconf 82' lang='grc' dir='ltr'>διὰ</span> <span class='ocrx_word' id='word_1_477' title='bbox 1354 4310 1418 4365; x_wconf 83' lang='grc' dir='ltr'>τὸ</span> <span class='ocrx_word' id='word_1_478' title='bbox 1473 4314 1816 4385; x_wconf 82' lang='grc' dir='ltr'>παραχρῆμα</span> <span class='ocrx_word' id='word_1_479' title='bbox 1866 4312 1958 4367; x_wconf 88' lang='grc' dir='ltr'>τὸν</span> 
     </span>
    </p>
   </div>
   <div class='ocr_carea' id='block_1_75' title="bbox 298 4398 1961 4477">
    <p class='ocr_par' dir='ltr' id='par_1_75' title="bbox 298 4398 1961 4477">
     <span class='ocr_line' id='line_1_75' title="bbox 298 4398 1961 4477; baseline -0.001 -21"><span class='ocrx_word' id='word_1_480' title='bbox 298 4398 596 4477; x_wconf 65' lang='grc' dir='ltr'>ἐγγίζοντα</span> <span class='ocrx_word' id='word_1_481' title='bbox 650 4400 1024 4469; x_wconf 65' lang='grc' dir='ltr'>ἀποθνήσκειν.</span> <span class='ocrx_word' id='word_1_482' title='bbox 1113 4398 1390 4456; x_wconf 86' lang='grc' dir='ltr'>Κυκλόθεν</span> <span class='ocrx_word' id='word_1_483' title='bbox 1449 4399 1541 4454; x_wconf 84' lang='grc' dir='ltr'>οῦν</span> <span class='ocrx_word' id='word_1_484' title='bbox 1595 4398 1763 4468; x_wconf 78' lang='grc' dir='ltr'>αὐτῆς</span> <span class='ocrx_word' id='word_1_485' title='bbox 1813 4420 1961 4474; x_wconf 87' lang='grc' dir='ltr'>περι-</span> 
     </span>
    </p>
   </div>
   <div class='ocr_carea' id='block_1_76' title="bbox 304 4486 1958 4563">
    <p class='ocr_par' dir='ltr' id='par_1_76' title="bbox 304 4486 1958 4563">
     <span class='ocr_line' id='line_1_76' title="bbox 304 4486 1958 4563; baseline 0.001 -17"><span class='ocrx_word' id='word_1_486' title='bbox 304 4491 590 4563; x_wconf 80' lang='grc' dir='ltr'>ορόξαντες</span> <span class='ocrx_word' id='word_1_487' title='bbox 629 4489 761 4544; x_wconf 80' lang='grc' dir='ltr'>κύνα</span> <span class='ocrx_word' id='word_1_488' title='bbox 820 4486 1111 4561; x_wconf 86' lang='grc' dir='ltr'>δεσμοῦσιν</span> <span class='ocrx_word' id='word_1_489' title='bbox 1167 4487 1228 4544; x_wconf 71' lang='grc' dir='ltr'>ἐκ</span> <span class='ocrx_word' id='word_1_490' title='bbox 1282 4491 1383 4558; x_wconf 70' lang='grc' dir='ltr'>τῆς</span> <span class='ocrx_word' id='word_1_491' title='bbox 1439 4489 1594 4563; x_wconf 84' lang='grc' dir='ltr'>ῥίζης</span> <span class='ocrx_word' id='word_1_492' title='bbox 1650 4489 1837 4561; x_wconf 74' lang='grc' dir='ltr'>αὐτῆς.</span> <span class='ocrx_word' id='word_1_493' title='bbox 1897 4492 1958 4550; x_wconf 89' lang='grc' dir='ltr'>Ὁ</span> 
     </span>
    </p>
   </div>
   <div class='ocr_carea' id='block_1_77' title="bbox 301 4572 1958 4650">
    <p class='ocr_par' dir='ltr' id='par_1_77' title="bbox 301 4572 1958 4650">
     <span class='ocr_line' id='line_1_77' title="bbox 301 4572 1958 4650; baseline 0 -18"><span class='ocrx_word' id='word_1_494' title='bbox 301 4577 456 4632; x_wconf 76' lang='grc' dir='ltr'>κύων</span> <span class='ocrx_word' id='word_1_495' title='bbox 487 4572 545 4632; x_wconf 78' lang='grc' dir='ltr'>δὶ</span> <span class='ocrx_word' id='word_1_496' title='bbox 597 4581 716 4639; x_wconf 83' lang='grc' dir='ltr'>τοῖς</span> <span class='ocrx_word' id='word_1_497' title='bbox 771 4574 936 4630; x_wconf 77' lang='grc' dir='ltr'>αὐτοῦ</span> <span class='ocrx_word' id='word_1_498' title='bbox 990 4573 1274 4638; x_wconf 83' lang='grc' dir='ltr'>δεσπόταις</span> <span class='ocrx_word' id='word_1_499' title='bbox 1329 4574 1546 4641; x_wconf 82' lang='grc' dir='ltr'>ἔπεσθαι</span> <span class='ocrx_word' id='word_1_500' title='bbox 1602 4577 1817 4650; x_wconf 75' lang='grc' dir='ltr'>ἱέμενος</span> <span class='ocrx_word' id='word_1_501' title='bbox 1871 4578 1958 4634; x_wconf 73' lang='grc' dir='ltr'>ἐπὶ</span> 
     </span>
    </p>
   </div>
   <div class='ocr_carea' id='block_1_78' title="bbox 304 4664 1963 4739">
    <p class='ocr_par' dir='ltr' id='par_1_78' title="bbox 304 4664 1963 4739">
     <span class='ocr_line' id='line_1_78' title="bbox 304 4664 1963 4739; baseline 0 -18"><span class='ocrx_word' id='word_1_502' title='bbox 304 4665 457 4722; x_wconf 79' lang='grc' dir='ltr'>πολὺ</span> <span class='ocrx_word' id='word_1_503' title='bbox 491 4664 667 4739; x_wconf 87' lang='grc' dir='ltr'>σύρων</span> <span class='ocrx_word' id='word_1_504' title='bbox 695 4664 907 4735; x_wconf 81' lang='grc' dir='ltr'>ἀνασπᾷ</span> <span class='ocrx_word' id='word_1_505' title='bbox 935 4665 1038 4732; x_wconf 72' lang='grc' dir='ltr'>τὴν</span> <span class='ocrx_word' id='word_1_506' title='bbox 1082 4665 1257 4735; x_wconf 68' lang='grc' dir='ltr'>ῥίζαν.</span> <span class='ocrx_word' id='word_1_507' title='bbox 1317 4664 1420 4721; x_wconf 80' lang='grc' dir='ltr'>Καὶ</span> <span class='ocrx_word' id='word_1_508' title='bbox 1472 4665 1635 4730; x_wconf 82' lang='grc' dir='ltr'>αὐτὸς</span> <span class='ocrx_word' id='word_1_509' title='bbox 1690 4668 1784 4739; x_wconf 79' lang='grc' dir='ltr'>μὶν</span> <span class='ocrx_word' id='word_1_510' title='bbox 1835 4668 1963 4738; x_wconf 70' lang='grc' dir='ltr'>θνή-</span> 
     </span>
    </p>
   </div>
   <div class='ocr_carea' id='block_1_79' title="bbox 309 4751 1960 4829">
    <p class='ocr_par' dir='ltr' id='par_1_79' title="bbox 309 4751 1960 4829">
     <span class='ocr_line' id='line_1_79' title="bbox 309 4751 1960 4829; baseline 0 -19"><span class='ocrx_word' id='word_1_511' title='bbox 309 4776 427 4810; x_wconf 81' lang='grc' dir='ltr'>σκει</span> <span class='ocrx_word' id='word_1_512' title='bbox 453 4754 722 4828; x_wconf 83' lang='grc' dir='ltr'>παραυτά,</span> <span class='ocrx_word' id='word_1_513' title='bbox 762 4755 863 4822; x_wconf 77' lang='grc' dir='ltr'>τήν</span> <span class='ocrx_word' id='word_1_514' title='bbox 896 4754 1045 4828; x_wconf 76' lang='grc' dir='ltr'>ῥίζαν</span> <span class='ocrx_word' id='word_1_515' title='bbox 1076 4751 1134 4810; x_wconf 70' lang='grc' dir='ltr'>δὲ</span> <span class='ocrx_word' id='word_1_516' title='bbox 1162 4755 1549 4825; x_wconf 78' lang='grc' dir='ltr'>περιάπτοντες</span> <span class='ocrx_word' id='word_1_517' title='bbox 1591 4757 1716 4817; x_wconf 81' lang='grc' dir='ltr'>τοὺς</span> <span class='ocrx_word' id='word_1_518' title='bbox 1763 4753 1960 4829; x_wconf 84' lang='grc' dir='ltr'>δαιμο-</span> 
     </span>
    </p>
   </div>
   <div class='ocr_carea' id='block_1_80' title="bbox 301 4841 1959 4923">
    <p class='ocr_par' dir='ltr' id='par_1_80' title="bbox 301 4841 1959 4923">
     <span class='ocr_line' id='line_1_80' title="bbox 301 4841 1959 4923; baseline 0.001 -24"><span class='ocrx_word' id='word_1_519' title='bbox 301 4843 630 4917; x_wconf 77' lang='grc' dir='ltr'>νιζομένους</span> <span class='ocrx_word' id='word_1_520' title='bbox 660 4842 1036 4917; x_wconf 68' lang='grc' dir='ltr'>θεραπεύουσι.</span> <span class='ocrx_word' id='word_1_521' title='bbox 1068 4845 1167 4900; x_wconf 74' lang='grc' dir='ltr'>Καὶ</span> <span class='ocrx_word' id='word_1_522' title='bbox 1198 4841 1250 4897; x_wconf 75' lang='grc' dir='ltr'>ἐν</span> <span class='ocrx_word' id='word_1_523' title='bbox 1277 4846 1345 4917; x_wconf 81' lang='grc' dir='ltr'>τῇ</span> <span class='ocrx_word' id='word_1_524' title='bbox 1406 4842 1674 4916; x_wconf 75' lang='grc' dir='ltr'>Γαλιλαία</span> <span class='ocrx_word' id='word_1_525' title='bbox 1724 4842 1782 4899; x_wconf 78' lang='grc' dir='ltr'>δὲ</span> <span class='ocrx_word' id='word_1_526' title='bbox 1830 4866 1959 4923; x_wconf 77' lang='grc' dir='ltr'>φασι</span> 
     </span>
    </p>
   </div>
   <div class='ocr_carea' id='block_1_81' title="bbox 304 4931 1958 5004">
    <p class='ocr_par' dir='ltr' id='par_1_81' title="bbox 304 4931 1958 5004">
     <span class='ocr_line' id='line_1_81' title="bbox 304 4931 1958 5004; baseline 0.001 -15"><span class='ocrx_word' id='word_1_527' title='bbox 304 4933 475 4990; x_wconf 78' lang='grc' dir='ltr'>πόλιν</span> <span class='ocrx_word' id='word_1_528' title='bbox 533 4932 668 4987; x_wconf 83' lang='grc' dir='ltr'>εἶναι</span> <span class='ocrx_word' id='word_1_529' title='bbox 728 4931 997 5004; x_wconf 72' lang='grc' dir='ltr'>πάραλον·</span> <span class='ocrx_word' id='word_1_530' title='bbox 1083 4933 1287 4998; x_wconf 82' lang='grc' dir='ltr'>ταύτης</span> <span class='ocrx_word' id='word_1_531' title='bbox 1379 4932 1486 4987; x_wconf 87' lang='grc' dir='ltr'>ἀπὸ</span> <span class='ocrx_word' id='word_1_532' title='bbox 1570 4931 1804 4988; x_wconf 87' lang='grc' dir='ltr'>σταδίων</span> <span class='ocrx_word' id='word_1_533' title='bbox 1861 4931 1958 4990; x_wconf 90' lang='grc' dir='ltr'>δύο</span> 
     </span>
    </p>
   </div>
   <div class='ocr_carea' id='block_1_82' title="bbox 303 5014 1958 5097">
    <p class='ocr_par' dir='ltr' id='par_1_82' title="bbox 303 5014 1958 5097">
     <span class='ocr_line' id='line_1_82' title="bbox 303 5014 1958 5097; baseline 0.001 -20"><span class='ocrx_word' id='word_1_534' title='bbox 303 5020 519 5097; x_wconf 69' lang='grc' dir='ltr'>διαρῥεῖ</span> <span class='ocrx_word' id='word_1_535' title='bbox 545 5020 814 5093; x_wconf 84' lang='grc' dir='ltr'>ποταμός.</span> <span class='ocrx_word' id='word_1_536' title='bbox 849 5019 1021 5082; x_wconf 73' lang='grc' dir='ltr'>Οὗτος</span> <span class='ocrx_word' id='word_1_537' title='bbox 1050 5014 1169 5095; x_wconf 83' lang='grc' dir='ltr'>ἔχει</span> <span class='ocrx_word' id='word_1_538' title='bbox 1197 5021 1365 5075; x_wconf 89' lang='grc' dir='ltr'>τόπον</span> <span class='ocrx_word' id='word_1_539' title='bbox 1395 5020 1449 5074; x_wconf 79' lang='grc' dir='ltr'>ἐν</span> <span class='ocrx_word' id='word_1_540' title='bbox 1478 5020 1625 5094; x_wconf 78' lang='grc' dir='ltr'>αὐτῷ</span> <span class='ocrx_word' id='word_1_541' title='bbox 1676 5021 1958 5094; x_wconf 81' lang='grc' dir='ltr'>νησοειδῆ,</span> 
     </span>
    </p>
   </div>
   <div class='ocr_carea' id='block_1_83' title="bbox 301 5109 1958 5186">
    <p class='ocr_par' dir='ltr' id='par_1_83' title="bbox 301 5109 1958 5186">
     <span class='ocr_line' id='line_1_83' title="bbox 301 5109 1958 5186; baseline 0 -19"><span class='ocrx_word' id='word_1_542' title='bbox 301 5110 435 5167; x_wconf 77' lang='grc' dir='ltr'>ὡσεὶ</span> <span class='ocrx_word' id='word_1_543' title='bbox 470 5115 673 5185; x_wconf 78' lang='grc' dir='ltr'>πηχῶν</span> <span class='ocrx_word' id='word_1_544' title='bbox 729 5109 919 5165; x_wconf 65' lang='grc' dir='ltr'>ὶγατὸν</span> <span class='ocrx_word' id='word_1_545' title='bbox 979 5111 1066 5186; x_wconf 82' lang='grc' dir='ltr'>[Ρ.</span> <span class='ocrx_word' id='word_1_546' title='bbox 1126 5110 1251 5182; x_wconf 83' lang='grc'>306]</span> <span class='ocrx_word' id='word_1_547' title='bbox 1309 5109 1374 5164; x_wconf 89' lang='grc' dir='ltr'>τὸ</span> <span class='ocrx_word' id='word_1_548' title='bbox 1426 5109 1772 5185; x_wconf 85' lang='grc' dir='ltr'>περίμετρον,</span> <span class='ocrx_word' id='word_1_549' title='bbox 1830 5111 1892 5167; x_wconf 87' lang='grc' dir='ltr'>οῦ</span> <span class='ocrx_word' id='word_1_550' title='bbox 1922 5114 1958 5182; x_wconf 76' lang='grc' dir='ltr'>ἡ</span> 
     </span>
    </p>
   </div>
   <div class='ocr_carea' id='block_1_84' title="bbox 298 5195 1957 5274">
    <p class='ocr_par' dir='ltr' id='par_1_84' title="bbox 298 5195 1957 5274">
     <span class='ocr_line' id='line_1_84' title="bbox 298 5195 1957 5274; baseline 0 -20"><span class='ocrx_word' id='word_1_551' title='bbox 298 5199 439 5273; x_wconf 77' lang='grc' dir='ltr'>ἀργὴ</span> <span class='ocrx_word' id='word_1_552' title='bbox 472 5199 703 5274; x_wconf 72' lang='grc' dir='ltr'>ψάμμος</span> <span class='ocrx_word' id='word_1_553' title='bbox 734 5195 825 5254; x_wconf 74' lang='grc' dir='ltr'>διὰ</span> <span class='ocrx_word' id='word_1_554' title='bbox 851 5202 959 5253; x_wconf 81' lang='grc' dir='ltr'>τῶν</span> <span class='ocrx_word' id='word_1_555' title='bbox 1010 5196 1224 5270; x_wconf 73' lang='grc' dir='ltr'>ἀνέμων</span> <span class='ocrx_word' id='word_1_556' title='bbox 1283 5195 1622 5274; x_wconf 68' lang='grc' dir='ltr'>ἐκφερομένη</span> <span class='ocrx_word' id='word_1_557' title='bbox 1673 5197 1753 5263; x_wconf 74' lang='grc' dir='ltr'>εἷς</span> <span class='ocrx_word' id='word_1_558' title='bbox 1799 5198 1957 5255; x_wconf 78' lang='grc' dir='ltr'>ὕελον</span> 
     </span>
    </p>
   </div>
   <div class='ocr_carea' id='block_1_85' title="bbox 304 5286 1959 5365">
    <p class='ocr_par' dir='ltr' id='par_1_85' title="bbox 304 5286 1959 5365">
     <span class='ocr_line' id='line_1_85' title="bbox 304 5286 1959 5365; baseline -0.001 -21"><span class='ocrx_word' id='word_1_559' title='bbox 304 5288 465 5353; x_wconf 75' lang='grc' dir='ltr'>εὐθὺς</span> <span class='ocrx_word' id='word_1_560' title='bbox 496 5293 899 5363; x_wconf 66' lang='grc' dir='ltr'>μεταποιεῖταιθ</span> <span class='ocrx_word' id='word_1_561' title='bbox 943 5287 1034 5342; x_wconf 81' lang='grc' dir='ltr'>καὶ</span> <span class='ocrx_word' id='word_1_562' title='bbox 1092 5287 1295 5357; x_wconf 85' lang='grc' dir='ltr'>ταύτης</span> <span class='ocrx_word' id='word_1_563' title='bbox 1344 5287 1750 5365; x_wconf 68' lang='grc' dir='ltr'>ἆφαιρουμίνης</span> <span class='ocrx_word' id='word_1_564' title='bbox 1792 5286 1959 5344; x_wconf 85' lang='grc' dir='ltr'>πάλιν</span> 
     </span>
    </p>
   </div>
   <div class='ocr_carea' id='block_1_86' title="bbox 304 5375 925 5452">
    <p class='ocr_par' dir='ltr' id='par_1_86' title="bbox 304 5375 925 5452">
     <span class='ocr_line' id='line_1_86' title="bbox 304 5375 925 5452; baseline 0.003 -20"><span class='ocrx_word' id='word_1_565' title='bbox 304 5378 458 5441; x_wconf 79' lang='grc' dir='ltr'>αὖθις</span> <span class='ocrx_word' id='word_1_566' title='bbox 489 5375 925 5452; x_wconf 81' lang='grc' dir='ltr'>ἀναπληροῦται.</span> 
     </span>
    </p>
   </div>
   <div class='ocr_carea' id='block_1_87' title="bbox 2074 3062 3722 3131">
    <p class='ocr_par' dir='ltr' id='par_1_87' title="bbox 2074 3062 3722 3131">
     <span class='ocr_line' id='line_1_87' title="bbox 2074 3062 3722 3131; baseline 0.002 -15"><span class='ocrx_word' id='word_1_567' title='bbox 2074 3078 2327 3131; x_wconf 88' lang='lat' dir='ltr'>rumque</span> <span class='ocrx_word' id='word_1_568' title='bbox 2359 3078 2579 3117; x_wconf 89' lang='lat' dir='ltr'>sanans</span> <span class='ocrx_word' id='word_1_569' title='bbox 2613 3079 2625 3116; x_wconf 89' lang='lat'>:</span> <span class='ocrx_word' id='word_1_570' title='bbox 2661 3078 2728 3116; x_wconf 91' lang='lat' dir='ltr'>eo</span> <span class='ocrx_word' id='word_1_571' title='bbox 2765 3062 2924 3116; x_wconf 89' lang='lat' dir='ltr'>enim</span> <span class='ocrx_word' id='word_1_572' title='bbox 2974 3062 3137 3117; x_wconf 87' lang='lat' dir='ltr'>fonte</span> <span class='ocrx_word' id='word_1_573' title='bbox 3189 3062 3392 3118; x_wconf 89' lang='lat' dir='ltr'>ferunt</span> <span class='ocrx_word' id='word_1_574' title='bbox 3429 3064 3722 3120; x_wconf 75' lang='lat' dir='ltr'>Lhristum</span> 
     </span>
    </p>
   </div>
   <div class='ocr_carea' id='block_1_88' title="bbox 2070 3150 3723 3223">
    <p class='ocr_par' dir='ltr' id='par_1_88' title="bbox 2070 3150 3723 3223">
     <span class='ocr_line' id='line_1_88' title="bbox 2070 3150 3723 3223; baseline 0.003 -18"><span class='ocrx_word' id='word_1_575' title='bbox 2070 3166 2140 3205; x_wconf 81' lang='lat' dir='ltr'>ex</span> <span class='ocrx_word' id='word_1_576' title='bbox 2170 3151 2381 3207; x_wconf 88' lang='lat' dir='ltr'>itinere</span> <span class='ocrx_word' id='word_1_577' title='bbox 2413 3150 2595 3223; x_wconf 88' lang='lat' dir='ltr'>pedes</span> <span class='ocrx_word' id='word_1_578' title='bbox 2627 3150 2908 3206; x_wconf 88' lang='lat' dir='ltr'>abluisse.</span> <span class='ocrx_word' id='word_1_579' title='bbox 2946 3152 3450 3222; x_wconf 66' lang='lat' dir='ltr'>Hermopoliquaa</span> <span class='ocrx_word' id='word_1_580' title='bbox 3473 3158 3561 3207; x_wconf 89' lang='lat' dir='ltr'>est</span> <span class='ocrx_word' id='word_1_581' title='bbox 3581 3153 3723 3210; x_wconf 89' lang='lat' dir='ltr'>urbs</span> 
     </span>
    </p>
   </div>
   <div class='ocr_carea' id='block_1_89' title="bbox 2069 3239 3724 3311">
    <p class='ocr_par' dir='ltr' id='par_1_89' title="bbox 2069 3239 3724 3311">
     <span class='ocr_line' id='line_1_89' title="bbox 2069 3239 3724 3311; baseline 0.002 -19"><span class='ocrx_word' id='word_1_582' title='bbox 2069 3239 2407 3305; x_wconf 79' lang='lat' dir='ltr'>Thebaidis,</span> <span class='ocrx_word' id='word_1_583' title='bbox 2440 3239 2680 3295; x_wconf 90' lang='lat' dir='ltr'>Persica</span> <span class='ocrx_word' id='word_1_584' title='bbox 2727 3239 2907 3295; x_wconf 91' lang='lat' dir='ltr'>arbor</span> <span class='ocrx_word' id='word_1_585' title='bbox 2964 3239 3096 3311; x_wconf 82' lang='lat' dir='ltr'>fuit,</span> <span class='ocrx_word' id='word_1_586' title='bbox 3157 3242 3327 3311; x_wconf 82' lang='lat' dir='ltr'>cujus</span> <span class='ocrx_word' id='word_1_587' title='bbox 3384 3241 3593 3296; x_wconf 84' lang='lat' dir='ltr'>folium</span> <span class='ocrx_word' id='word_1_588' title='bbox 3624 3246 3724 3296; x_wconf 88' lang='lat' dir='ltr'>aut</span> 
     </span>
    </p>
   </div>
   <div class='ocr_carea' id='block_1_90' title="bbox 2069 3328 3716 3385">
    <p class='ocr_par' dir='ltr' id='par_1_90' title="bbox 2069 3328 3716 3385">
     <span class='ocr_line' id='line_1_90' title="bbox 2069 3328 3716 3385; baseline 0.001 -2"><span class='ocrx_word' id='word_1_589' title='bbox 2069 3332 2269 3383; x_wconf 84' lang='lat' dir='ltr'>cortex</span> <span class='ocrx_word' id='word_1_590' title='bbox 2301 3328 2484 3384; x_wconf 89' lang='lat' dir='ltr'>cuivis</span> <span class='ocrx_word' id='word_1_591' title='bbox 2514 3329 2721 3383; x_wconf 92' lang='lat' dir='ltr'>morbo</span> <span class='ocrx_word' id='word_1_592' title='bbox 2753 3329 3129 3385; x_wconf 87' lang='lat' dir='ltr'>mederetur:</span> <span class='ocrx_word' id='word_1_593' title='bbox 3159 3346 3287 3385; x_wconf 87' lang='lat' dir='ltr'>eam</span> <span class='ocrx_word' id='word_1_594' title='bbox 3320 3329 3519 3385; x_wconf 83' lang='lat' dir='ltr'>ferunt</span> <span class='ocrx_word' id='word_1_595' title='bbox 3546 3329 3716 3384; x_wconf 80' lang='lat' dir='ltr'>arbo-</span> 
     </span>
    </p>
   </div>
   <div class='ocr_carea' id='block_1_91' title="bbox 2068 3417 3715 3490">
    <p class='ocr_par' dir='ltr' id='par_1_91' title="bbox 2068 3417 3715 3490">
     <span class='ocr_line' id='line_1_91' title="bbox 2068 3417 3715 3490; baseline 0.002 -20"><span class='ocrx_word' id='word_1_596' title='bbox 2068 3433 2195 3472; x_wconf 90' lang='lat' dir='ltr'>rem</span> <span class='ocrx_word' id='word_1_597' title='bbox 2225 3433 2354 3473; x_wconf 89' lang='lat' dir='ltr'>sese</span> <span class='ocrx_word' id='word_1_598' title='bbox 2380 3417 2703 3474; x_wconf 90' lang='lat' dir='ltr'>inclinasse</span> <span class='ocrx_word' id='word_1_599' title='bbox 2735 3424 2794 3472; x_wconf 92' lang='lat' dir='ltr'>et</span> <span class='ocrx_word' id='word_1_600' title='bbox 2823 3419 3121 3473; x_wconf 81' lang='lat' dir='ltr'>Christum</span> <span class='ocrx_word' id='word_1_601' title='bbox 3160 3419 3438 3474; x_wconf 86' lang='lat' dir='ltr'>adorasse</span> <span class='ocrx_word' id='word_1_602' title='bbox 3469 3420 3531 3473; x_wconf 93' lang='lat' dir='ltr'>in</span> <span class='ocrx_word' id='word_1_603' title='bbox 3552 3421 3715 3490; x_wconf 53' lang='grc' dir='ltr'>Αἰαν-</span> 
     </span>
    </p>
   </div>
   <div class='ocr_carea' id='block_1_92' title="bbox 2068 3505 3718 3579">
    <p class='ocr_par' dir='ltr' id='par_1_92' title="bbox 2068 3505 3718 3579">
     <span class='ocr_line' id='line_1_92' title="bbox 2068 3505 3718 3579; baseline 0.002 -20"><span class='ocrx_word' id='word_1_604' title='bbox 2068 3512 2234 3576; x_wconf 89' lang='lat' dir='ltr'>ptum</span> <span class='ocrx_word' id='word_1_605' title='bbox 2256 3505 2598 3578; x_wconf 81' lang='lat' dir='ltr'>fugientem.</span> <span class='ocrx_word' id='word_1_606' title='bbox 2634 3507 2807 3579; x_wconf 87' lang='lat' dir='ltr'>eique</span> <span class='ocrx_word' id='word_1_607' title='bbox 2844 3507 3117 3562; x_wconf 85' lang='lat' dir='ltr'>umbram</span> <span class='ocrx_word' id='word_1_608' title='bbox 3169 3508 3514 3579; x_wconf 70' lang='lat' dir='ltr'>praebuisse.</span> <span class='ocrx_word' id='word_1_609' title='bbox 3572 3510 3718 3562; x_wconf 90' lang='lat' dir='ltr'>Eum</span> 
     </span>
    </p>
   </div>
   <div class='ocr_carea' id='block_1_93' title="bbox 2066 3593 3726 3669">
    <p class='ocr_par' dir='ltr' id='par_1_93' title="bbox 2066 3593 3726 3669">
     <span class='ocr_line' id='line_1_93' title="bbox 2066 3593 3726 3669; baseline 0.002 -21"><span class='ocrx_word' id='word_1_610' title='bbox 2066 3593 2292 3649; x_wconf 82' lang='lat' dir='ltr'>fontem</span> <span class='ocrx_word' id='word_1_611' title='bbox 2323 3596 2544 3651; x_wconf 86' lang='lat' dir='ltr'>invidia</span> <span class='ocrx_word' id='word_1_612' title='bbox 2579 3596 2926 3652; x_wconf 90' lang='lat' dir='ltr'>stimulante</span> <span class='ocrx_word' id='word_1_613' title='bbox 2955 3597 3226 3653; x_wconf 83' lang='lat' dir='ltr'>Julianus</span> <span class='ocrx_word' id='word_1_614' title='bbox 3280 3597 3507 3669; x_wconf 79' lang='lat' dir='ltr'>ingesta</span> <span class='ocrx_word' id='word_1_615' title='bbox 3535 3603 3726 3652; x_wconf 88' lang='lat' dir='ltr'>mate-</span> 
     </span>
    </p>
   </div>
   <div class='ocr_carea' id='block_1_94' title="bbox 2068 3682 3715 3755">
    <p class='ocr_par' dir='ltr' id='par_1_94' title="bbox 2068 3682 3715 3755">
     <span class='ocr_line' id='line_1_94' title="bbox 2068 3682 3715 3755; baseline 0 -15"><span class='ocrx_word' id='word_1_616' title='bbox 2068 3682 2156 3742; x_wconf 90' lang='lat' dir='ltr'>ria</span> <span class='ocrx_word' id='word_1_617' title='bbox 2212 3684 2522 3753; x_wconf 80' lang='lat' dir='ltr'>obstruxit,</span> <span class='ocrx_word' id='word_1_618' title='bbox 2582 3685 2975 3755; x_wconf 90' lang='lat' dir='ltr'>arboremque</span> <span class='ocrx_word' id='word_1_619' title='bbox 3032 3685 3196 3739; x_wconf 90' lang='lat' dir='ltr'>illam</span> <span class='ocrx_word' id='word_1_620' title='bbox 3255 3685 3489 3740; x_wconf 82' lang='lat' dir='ltr'>excidit.</span> <span class='ocrx_word' id='word_1_621' title='bbox 3563 3685 3715 3741; x_wconf 71' lang='lat'>585</span> 
     </span>
    </p>
   </div>
   <div class='ocr_carea' id='block_1_95' title="bbox 2068 3772 3722 3844">
    <p class='ocr_par' dir='ltr' id='par_1_95' title="bbox 2068 3772 3722 3844">
     <span class='ocr_line' id='line_1_95' title="bbox 2068 3772 3722 3844; baseline 0.002 -18"><span class='ocrx_word' id='word_1_622' title='bbox 2068 3772 2233 3828; x_wconf 93' lang='lat' dir='ltr'>ldem</span> <span class='ocrx_word' id='word_1_623' title='bbox 2263 3780 2470 3844; x_wconf 89' lang='lat' dir='ltr'>aperto</span> <span class='ocrx_word' id='word_1_624' title='bbox 2502 3774 2895 3828; x_wconf 73' lang='lat' dir='ltr'>Praecursoris</span> <span class='ocrx_word' id='word_1_625' title='bbox 2934 3772 3149 3828; x_wconf 85' lang='lat' dir='ltr'>Christi</span> <span class='ocrx_word' id='word_1_626' title='bbox 3183 3773 3551 3828; x_wconf 84' lang='lat' dir='ltr'>monimento</span> <span class='ocrx_word' id='word_1_627' title='bbox 3582 3775 3722 3829; x_wconf 90' lang='lat' dir='ltr'>reli-</span> 
     </span>
    </p>
   </div>
   <div class='ocr_carea' id='block_1_96' title="bbox 2067 3861 3431 3934">
    <p class='ocr_par' dir='ltr' id='par_1_96' title="bbox 2067 3861 3431 3934">
     <span class='ocr_line' id='line_1_96' title="bbox 2067 3861 3431 3934; baseline -0.002 -18"><span class='ocrx_word' id='word_1_628' title='bbox 2067 3862 2239 3933; x_wconf 86' lang='lat' dir='ltr'>quias</span> <span class='ocrx_word' id='word_1_629' title='bbox 2269 3863 2399 3934; x_wconf 87' lang='lat' dir='ltr'>ejus</span> <span class='ocrx_word' id='word_1_630' title='bbox 2420 3863 2705 3917; x_wconf 87' lang='lat' dir='ltr'>cremavit</span> <span class='ocrx_word' id='word_1_631' title='bbox 2729 3863 3081 3933; x_wconf 86' lang='lat' dir='ltr'>cineresque</span> <span class='ocrx_word' id='word_1_632' title='bbox 3105 3861 3431 3932; x_wconf 85' lang='lat' dir='ltr'>dissipavit.</span> 
     </span>
    </p>
   </div>
   <div class='ocr_carea' id='block_1_97' title="bbox 2135 3950 3727 4023">
    <p class='ocr_par' dir='ltr' id='par_1_97' title="bbox 2135 3950 3727 4023">
     <span class='ocr_line' id='line_1_97' title="bbox 2135 3950 3727 4023; baseline 0.001 -17"><span class='ocrx_word' id='word_1_633' title='bbox 2135 3952 2322 4007; x_wconf 74' lang='lat' dir='ltr'>Aiunt</span> <span class='ocrx_word' id='word_1_634' title='bbox 2351 3951 2413 4006; x_wconf 90' lang='lat' dir='ltr'>in</span> <span class='ocrx_word' id='word_1_635' title='bbox 2445 3951 2614 4007; x_wconf 90' lang='lat' dir='ltr'>vallis</span> <span class='ocrx_word' id='word_1_636' title='bbox 2641 3968 2773 4022; x_wconf 63' lang='lat' dir='ltr'>qua;</span> <span class='ocrx_word' id='word_1_637' title='bbox 2820 3950 2896 4006; x_wconf 91' lang='lat' dir='ltr'>ad</span> <span class='ocrx_word' id='word_1_638' title='bbox 2952 3954 3286 4006; x_wconf 71' lang='lat' dir='ltr'>Cmsaream</span> <span class='ocrx_word' id='word_1_639' title='bbox 3343 3951 3601 4023; x_wconf 91' lang='lat' dir='ltr'>Philippi</span> <span class='ocrx_word' id='word_1_640' title='bbox 3634 3958 3727 4007; x_wconf 88' lang='lat' dir='ltr'>est</span> 
     </span>
    </p>
   </div>
   <div class='ocr_carea' id='block_1_98' title="bbox 2067 4039 3724 4112">
    <p class='ocr_par' dir='ltr' id='par_1_98' title="bbox 2067 4039 3724 4112">
     <span class='ocr_line' id='line_1_98' title="bbox 2067 4039 3724 4112; baseline -0.001 -14"><span class='ocrx_word' id='word_1_641' title='bbox 2067 4039 2520 4112; x_wconf 86' lang='lat' dir='ltr'>septentrionali</span> <span class='ocrx_word' id='word_1_642' title='bbox 2545 4047 2711 4112; x_wconf 89' lang='lat' dir='ltr'>parte</span> <span class='ocrx_word' id='word_1_643' title='bbox 2744 4039 3080 4094; x_wconf 89' lang='lat' dir='ltr'>tlammeam</span> <span class='ocrx_word' id='word_1_644' title='bbox 3108 4039 3431 4110; x_wconf 88' lang='lat' dir='ltr'>quamdam</span> <span class='ocrx_word' id='word_1_645' title='bbox 3461 4041 3724 4097; x_wconf 87' lang='lat' dir='ltr'>radicem</span> 
     </span>
    </p>
   </div>
   <div class='ocr_carea' id='block_1_99' title="bbox 2064 4128 3723 4202">
    <p class='ocr_par' dir='ltr' id='par_1_99' title="bbox 2064 4128 3723 4202">
     <span class='ocr_line' id='line_1_99' title="bbox 2064 4128 3723 4202; baseline -0.001 -15"><span class='ocrx_word' id='word_1_646' title='bbox 2064 4131 2249 4195; x_wconf 87' lang='lat' dir='ltr'>nasci,</span> <span class='ocrx_word' id='word_1_647' title='bbox 2282 4129 2692 4185; x_wconf 90' lang='lat' dir='ltr'>Battaritidem</span> <span class='ocrx_word' id='word_1_648' title='bbox 2757 4128 3019 4191; x_wconf 91' lang='lat' dir='ltr'>nomine,</span> <span class='ocrx_word' id='word_1_649' title='bbox 3051 4146 3086 4184; x_wconf 90' lang='lat' dir='ltr'>a</span> <span class='ocrx_word' id='word_1_650' title='bbox 3132 4146 3249 4200; x_wconf 90' lang='lat' dir='ltr'>qua</span> <span class='ocrx_word' id='word_1_651' title='bbox 3278 4130 3387 4185; x_wconf 92' lang='lat' dir='ltr'>sub</span> <span class='ocrx_word' id='word_1_652' title='bbox 3416 4147 3723 4202; x_wconf 89' lang='lat' dir='ltr'>vesperam</span> 
     </span>
    </p>
   </div>
   <div class='ocr_carea' id='block_1_100' title="bbox 2066 4218 3721 4292">
    <p class='ocr_par' dir='ltr' id='par_1_100' title="bbox 2066 4218 3721 4292">
     <span class='ocr_line' id='line_1_100' title="bbox 2066 4218 3721 4292; baseline 0 -16"><span class='ocrx_word' id='word_1_653' title='bbox 2066 4220 2359 4292; x_wconf 80' lang='lat' dir='ltr'>eli&#39;ulgens</span> <span class='ocrx_word' id='word_1_654' title='bbox 2391 4218 2595 4273; x_wconf 89' lang='lat' dir='ltr'>lumen</span> <span class='ocrx_word' id='word_1_655' title='bbox 2631 4218 2995 4273; x_wconf 87' lang='lat' dir='ltr'>inaccessam</span> <span class='ocrx_word' id='word_1_656' title='bbox 3056 4234 3186 4275; x_wconf 91' lang='lat' dir='ltr'>eam</span> <span class='ocrx_word' id='word_1_657' title='bbox 3222 4218 3433 4276; x_wconf 86' lang='lat' dir='ltr'>reddat</span> <span class='ocrx_word' id='word_1_658' title='bbox 3464 4236 3476 4276; x_wconf 90' lang='lat'>:</span> <span class='ocrx_word' id='word_1_659' title='bbox 3511 4221 3721 4291; x_wconf 89' lang='lat' dir='ltr'>quodsi</span> 
     </span>
    </p>
   </div>
   <div class='ocr_carea' id='block_1_101' title="bbox 2069 4306 3720 4381">
    <p class='ocr_par' dir='ltr' id='par_1_101' title="bbox 2069 4306 3720 4381">
     <span class='ocr_line' id='line_1_101' title="bbox 2069 4306 3720 4381; baseline 0.002 -18"><span class='ocrx_word' id='word_1_660' title='bbox 2069 4307 2213 4381; x_wconf 89' lang='lat' dir='ltr'>quid</span> <span class='ocrx_word' id='word_1_661' title='bbox 2242 4306 2505 4368; x_wconf 81' lang='lat' dir='ltr'>accedat,</span> <span class='ocrx_word' id='word_1_662' title='bbox 2537 4307 2595 4361; x_wconf 89' lang='lat' dir='ltr'>id</span> <span class='ocrx_word' id='word_1_663' title='bbox 2638 4306 2837 4361; x_wconf 85' lang='lat' dir='ltr'>statim</span> <span class='ocrx_word' id='word_1_664' title='bbox 2894 4307 3205 4362; x_wconf 88' lang='lat' dir='ltr'>moriatur.</span> <span class='ocrx_word' id='word_1_665' title='bbox 3253 4308 3420 4364; x_wconf 89' lang='lat' dir='ltr'>Circa</span> <span class='ocrx_word' id='word_1_666' title='bbox 3462 4325 3595 4364; x_wconf 90' lang='lat' dir='ltr'>eam</span> <span class='ocrx_word' id='word_1_667' title='bbox 3625 4327 3720 4367; x_wconf 91' lang='lat' dir='ltr'>ra-</span> 
     </span>
    </p>
   </div>
   <div class='ocr_carea' id='block_1_102' title="bbox 2070 4393 3720 4459">
    <p class='ocr_par' dir='ltr' id='par_1_102' title="bbox 2070 4393 3720 4459">
     <span class='ocr_line' id='line_1_102' title="bbox 2070 4393 3720 4459; baseline 0.002 -9"><span class='ocrx_word' id='word_1_668' title='bbox 2070 4396 2261 4459; x_wconf 86' lang='lat' dir='ltr'>dicem</span> <span class='ocrx_word' id='word_1_669' title='bbox 2294 4394 2354 4448; x_wconf 93' lang='lat' dir='ltr'>in</span> <span class='ocrx_word' id='word_1_670' title='bbox 2386 4393 2588 4449; x_wconf 90' lang='lat' dir='ltr'>orbem</span> <span class='ocrx_word' id='word_1_671' title='bbox 2624 4399 2840 4448; x_wconf 89' lang='lat' dir='ltr'>terram</span> <span class='ocrx_word' id='word_1_672' title='bbox 2873 4393 3180 4454; x_wconf 66' lang='lat' dir='ltr'>effodiunt.</span> <span class='ocrx_word' id='word_1_673' title='bbox 3206 4412 3275 4450; x_wconf 91' lang='lat' dir='ltr'>ac</span> <span class='ocrx_word' id='word_1_674' title='bbox 3307 4395 3489 4451; x_wconf 87' lang='lat' dir='ltr'>radici</span> <span class='ocrx_word' id='word_1_675' title='bbox 3510 4413 3720 4453; x_wconf 87' lang='lat' dir='ltr'>canem</span> 
     </span>
    </p>
   </div>
   <div class='ocr_carea' id='block_1_103' title="bbox 2070 4481 3720 4557">
    <p class='ocr_par' dir='ltr' id='par_1_103' title="bbox 2070 4481 3720 4557">
     <span class='ocr_line' id='line_1_103' title="bbox 2070 4481 3720 4557; baseline 0.005 -23"><span class='ocrx_word' id='word_1_676' title='bbox 2070 4484 2334 4553; x_wconf 77' lang='lat' dir='ltr'>alligant,</span> <span class='ocrx_word' id='word_1_677' title='bbox 2370 4483 2470 4554; x_wconf 91' lang='lat' dir='ltr'>qui</span> <span class='ocrx_word' id='word_1_678' title='bbox 2505 4482 2645 4537; x_wconf 91' lang='lat' dir='ltr'>dum</span> <span class='ocrx_word' id='word_1_679' title='bbox 2680 4481 2954 4538; x_wconf 89' lang='lat' dir='ltr'>dominos</span> <span class='ocrx_word' id='word_1_680' title='bbox 2986 4500 3127 4539; x_wconf 91' lang='lat' dir='ltr'>suos</span> <span class='ocrx_word' id='word_1_681' title='bbox 3172 4485 3341 4555; x_wconf 89' lang='lat' dir='ltr'>sequi</span> <span class='ocrx_word' id='word_1_682' title='bbox 3372 4486 3554 4557; x_wconf 89' lang='lat' dir='ltr'>cupit.</span> <span class='ocrx_word' id='word_1_683' title='bbox 3588 4502 3720 4543; x_wconf 89' lang='lat' dir='ltr'>eam</span> 
     </span>
    </p>
   </div>
   <div class='ocr_carea' id='block_1_104' title="bbox 2068 4571 3716 4642">
    <p class='ocr_par' dir='ltr' id='par_1_104' title="bbox 2068 4571 3716 4642">
     <span class='ocr_line' id='line_1_104' title="bbox 2068 4571 3716 4642; baseline 0.001 -12"><span class='ocrx_word' id='word_1_684' title='bbox 2068 4572 2273 4630; x_wconf 89' lang='lat' dir='ltr'>evellit</span> <span class='ocrx_word' id='word_1_685' title='bbox 2301 4578 2479 4642; x_wconf 89' lang='lat' dir='ltr'>atque</span> <span class='ocrx_word' id='word_1_686' title='bbox 2511 4571 2638 4642; x_wconf 87' lang='lat' dir='ltr'>ipse</span> <span class='ocrx_word' id='word_1_687' title='bbox 2695 4571 2853 4627; x_wconf 91' lang='lat' dir='ltr'>illico</span> <span class='ocrx_word' id='word_1_688' title='bbox 2895 4572 3148 4627; x_wconf 89' lang='lat' dir='ltr'>moritur</span> <span class='ocrx_word' id='word_1_689' title='bbox 3195 4574 3487 4630; x_wconf 72' lang='lat' dir='ltr'>Caeterum</span> <span class='ocrx_word' id='word_1_690' title='bbox 3517 4591 3588 4631; x_wconf 90' lang='lat' dir='ltr'>ea</span> <span class='ocrx_word' id='word_1_691' title='bbox 3619 4592 3716 4631; x_wconf 88' lang='lat' dir='ltr'>ra-</span> 
     </span>
    </p>
   </div>
   <div class='ocr_carea' id='block_1_105' title="bbox 2070 4662 3722 4733">
    <p class='ocr_par' dir='ltr' id='par_1_105' title="bbox 2070 4662 3722 4733">
     <span class='ocr_line' id='line_1_105' title="bbox 2070 4662 3722 4733; baseline 0.002 -15"><span class='ocrx_word' id='word_1_692' title='bbox 2070 4662 2198 4718; x_wconf 90' lang='lat' dir='ltr'>dice</span> <span class='ocrx_word' id='word_1_693' title='bbox 2229 4677 2493 4733; x_wconf 87' lang='lat' dir='ltr'>appensa</span> <span class='ocrx_word' id='word_1_694' title='bbox 2539 4677 2639 4716; x_wconf 86' lang='lat' dir='ltr'>eos</span> <span class='ocrx_word' id='word_1_695' title='bbox 2670 4667 2885 4717; x_wconf 91' lang='lat' dir='ltr'>sanant</span> <span class='ocrx_word' id='word_1_696' title='bbox 2913 4662 3014 4732; x_wconf 88' lang='lat' dir='ltr'>qui</span> <span class='ocrx_word' id='word_1_697' title='bbox 3047 4679 3081 4717; x_wconf 92' lang='lat' dir='ltr'>a</span> <span class='ocrx_word' id='word_1_698' title='bbox 3110 4662 3482 4719; x_wconf 81' lang='lat' dir='ltr'>daemonibus</span> <span class='ocrx_word' id='word_1_699' title='bbox 3513 4681 3722 4722; x_wconf 82' lang='lat' dir='ltr'>vexan-</span> 
     </span>
    </p>
   </div>
   <div class='ocr_carea' id='block_1_106' title="bbox 2069 4748 3719 4823">
    <p class='ocr_par' dir='ltr' id='par_1_106' title="bbox 2069 4748 3719 4823">
     <span class='ocr_line' id='line_1_106' title="bbox 2069 4748 3719 4823; baseline 0.003 -17"><span class='ocrx_word' id='word_1_700' title='bbox 2069 4757 2183 4808; x_wconf 90' lang='lat' dir='ltr'>tur.</span> <span class='ocrx_word' id='word_1_701' title='bbox 2217 4752 2284 4805; x_wconf 88' lang='lat' dir='ltr'>ln</span> <span class='ocrx_word' id='word_1_702' title='bbox 2313 4748 2550 4806; x_wconf 75' lang='lat' dir='ltr'>Galilma</span> <span class='ocrx_word' id='word_1_703' title='bbox 2580 4750 2756 4804; x_wconf 85' lang='lat' dir='ltr'>etiam</span> <span class='ocrx_word' id='word_1_704' title='bbox 2780 4750 2980 4806; x_wconf 82' lang='lat' dir='ltr'>ferunt</span> <span class='ocrx_word' id='word_1_705' title='bbox 3008 4751 3213 4806; x_wconf 91' lang='lat' dir='ltr'>urbem</span> <span class='ocrx_word' id='word_1_706' title='bbox 3249 4753 3566 4823; x_wconf 86' lang='lat' dir='ltr'>quamdam</span> <span class='ocrx_word' id='word_1_707' title='bbox 3591 4771 3719 4811; x_wconf 91' lang='lat' dir='ltr'>esse</span> 
     </span>
    </p>
   </div>
   <div class='ocr_carea' id='block_1_107' title="bbox 2068 4838 3712 4911">
    <p class='ocr_par' dir='ltr' id='par_1_107' title="bbox 2068 4838 3712 4911">
     <span class='ocr_line' id='line_1_107' title="bbox 2068 4838 3712 4911; baseline 0 -14"><span class='ocrx_word' id='word_1_708' title='bbox 2068 4840 2452 4900; x_wconf 86' lang='lat' dir='ltr'>maritimam.</span> <span class='ocrx_word' id='word_1_709' title='bbox 2490 4854 2526 4894; x_wconf 92' lang='lat' dir='ltr'>a</span> <span class='ocrx_word' id='word_1_710' title='bbox 2551 4855 2668 4908; x_wconf 90' lang='lat' dir='ltr'>qua</span> <span class='ocrx_word' id='word_1_711' title='bbox 2696 4838 2903 4894; x_wconf 87' lang='lat' dir='ltr'>stadiis</span> <span class='ocrx_word' id='word_1_712' title='bbox 2932 4838 3165 4895; x_wconf 89' lang='lat' dir='ltr'>duobus</span> <span class='ocrx_word' id='word_1_713' title='bbox 3197 4842 3562 4911; x_wconf 76' lang='lat' dir='ltr'>prmtertluat</span> <span class='ocrx_word' id='word_1_714' title='bbox 3589 4859 3712 4898; x_wconf 83' lang='lat' dir='ltr'>am-</span> 
     </span>
    </p>
   </div>
   <div class='ocr_carea' id='block_1_108' title="bbox 2069 4930 3719 5002">
    <p class='ocr_par' dir='ltr' id='par_1_108' title="bbox 2069 4930 3719 5002">
     <span class='ocr_line' id='line_1_108' title="bbox 2069 4930 3719 5002; baseline 0.001 -13"><span class='ocrx_word' id='word_1_715' title='bbox 2069 4934 2182 4992; x_wconf 91' lang='lat' dir='ltr'>nis.</span> <span class='ocrx_word' id='word_1_716' title='bbox 2219 4933 2281 4986; x_wconf 92' lang='lat' dir='ltr'>in</span> <span class='ocrx_word' id='word_1_717' title='bbox 2312 4947 2429 5002; x_wconf 89' lang='lat' dir='ltr'>quo</span> <span class='ocrx_word' id='word_1_718' title='bbox 2476 4930 2553 4983; x_wconf 89' lang='lat' dir='ltr'>sit</span> <span class='ocrx_word' id='word_1_719' title='bbox 2576 4930 2774 4985; x_wconf 90' lang='lat' dir='ltr'>insula</span> <span class='ocrx_word' id='word_1_720' title='bbox 2804 4931 3075 5001; x_wconf 64' lang='lat' dir='ltr'>quaedam</span> <span class='ocrx_word' id='word_1_721' title='bbox 3125 4933 3353 4987; x_wconf 89' lang='lat' dir='ltr'>ambitu</span> <span class='ocrx_word' id='word_1_722' title='bbox 3383 4934 3719 4990; x_wconf 89' lang='lat' dir='ltr'>cubitorum</span> 
     </span>
    </p>
   </div>
   <div class='ocr_carea' id='block_1_109' title="bbox 2069 5018 3721 5093">
    <p class='ocr_par' dir='ltr' id='par_1_109' title="bbox 2069 5018 3721 5093">
     <span class='ocr_line' id='line_1_109' title="bbox 2069 5018 3721 5093; baseline 0.001 -16"><span class='ocrx_word' id='word_1_723' title='bbox 2069 5020 2306 5077; x_wconf 89' lang='lat' dir='ltr'>circiter</span> <span class='ocrx_word' id='word_1_724' title='bbox 2334 5024 2597 5075; x_wconf 91' lang='lat' dir='ltr'>centum.</span> <span class='ocrx_word' id='word_1_725' title='bbox 2631 5019 2802 5087; x_wconf 86' lang='lat' dir='ltr'>cujus</span> <span class='ocrx_word' id='word_1_726' title='bbox 2860 5018 2996 5074; x_wconf 91' lang='lat' dir='ltr'>alba</span> <span class='ocrx_word' id='word_1_727' title='bbox 3042 5035 3226 5076; x_wconf 91' lang='lat' dir='ltr'>arena</span> <span class='ocrx_word' id='word_1_728' title='bbox 3282 5021 3470 5076; x_wconf 87' lang='lat' dir='ltr'>ventis</span> <span class='ocrx_word' id='word_1_729' title='bbox 3519 5028 3721 5093; x_wconf 78' lang='lat' dir='ltr'>egesta</span> 
     </span>
    </p>
   </div>
   <div class='ocr_carea' id='block_1_110' title="bbox 2070 5107 3721 5181">
    <p class='ocr_par' dir='ltr' id='par_1_110' title="bbox 2070 5107 3721 5181">
     <span class='ocr_line' id='line_1_110' title="bbox 2070 5107 3721 5181; baseline 0.001 -14"><span class='ocrx_word' id='word_1_730' title='bbox 2070 5110 2268 5167; x_wconf 88' lang='lat' dir='ltr'>statim</span> <span class='ocrx_word' id='word_1_731' title='bbox 2301 5108 2364 5165; x_wconf 90' lang='lat' dir='ltr'>in</span> <span class='ocrx_word' id='word_1_732' title='bbox 2407 5107 2620 5163; x_wconf 88' lang='lat' dir='ltr'>vitrum</span> <span class='ocrx_word' id='word_1_733' title='bbox 2679 5111 2965 5167; x_wconf 87' lang='lat' dir='ltr'>mutetur.</span> <span class='ocrx_word' id='word_1_734' title='bbox 3025 5114 3203 5181; x_wconf 87' lang='lat' dir='ltr'>atque</span> <span class='ocrx_word' id='word_1_735' title='bbox 3250 5125 3431 5164; x_wconf 89' lang='lat' dir='ltr'>arena</span> <span class='ocrx_word' id='word_1_736' title='bbox 3487 5110 3721 5169; x_wconf 85' lang='lat' dir='ltr'>sublata</span> 
     </span>
    </p>
   </div>
   <div class='ocr_carea' id='block_1_111' title="bbox 2066 5194 3085 5268">
    <p class='ocr_par' dir='ltr' id='par_1_111' title="bbox 2066 5194 3085 5268">
     <span class='ocr_line' id='line_1_111' title="bbox 2066 5194 3085 5268; baseline 0 -15"><span class='ocrx_word' id='word_1_737' title='bbox 2066 5196 2235 5258; x_wconf 88' lang='lat' dir='ltr'>locus</span> <span class='ocrx_word' id='word_1_738' title='bbox 2264 5195 2580 5254; x_wconf 82' lang='lat' dir='ltr'>confestim</span> <span class='ocrx_word' id='word_1_739' title='bbox 2607 5194 2725 5252; x_wconf 89' lang='lat' dir='ltr'>alia</span> <span class='ocrx_word' id='word_1_740' title='bbox 2755 5195 3085 5268; x_wconf 80' lang='lat' dir='ltr'>expleatur.</span> 
     </span>
    </p>
   </div>
   <div class='ocr_carea' id='block_1_112' title="bbox 1514 5472 2512 5534">
    <p class='ocr_par' dir='ltr' id='par_1_112' title="bbox 1514 5472 2512 5534">
     <span class='ocr_line' id='line_1_112' title="bbox 1514 5472 2512 5534; baseline -0.004 -1"><span class='ocrx_word' id='word_1_741' title='bbox 1514 5476 1878 5534; x_wconf 72' lang='lat' dir='ltr'>XYDANDRI</span> <span class='ocrx_word' id='word_1_742' title='bbox 1908 5478 1997 5534; x_wconf 83' lang='lat' dir='ltr'>ET</span> <span class='ocrx_word' id='word_1_743' title='bbox 2024 5473 2245 5533; x_wconf 81' lang='lat' dir='ltr'><strong>GOARI</strong></span> <span class='ocrx_word' id='word_1_744' title='bbox 2288 5472 2512 5531; x_wconf 74' lang='lat' dir='ltr'>NOT/E.</span> 
     </span>
    </p>
   </div>
   <div class='ocr_carea' id='block_1_113' title="bbox 370 5603 1965 5679">
    <p class='ocr_par' dir='ltr' id='par_1_113' title="bbox 370 5603 1965 5679">
     <span class='ocr_line' id='line_1_113' title="bbox 370 5603 1965 5679; baseline 0.001 -17"><span class='ocrx_word' id='word_1_745' title='bbox 370 5605 488 5679; x_wconf 69' lang='lat' dir='ltr'>(l3)</span> <span class='ocrx_word' id='word_1_746' title='bbox 516 5604 815 5679; x_wconf 63' lang='lat' dir='ltr'>§tipendia</span> <span class='ocrx_word' id='word_1_747' title='bbox 845 5605 1162 5679; x_wconf 45' lang='lat' dir='ltr'>militum,“</span> <span class='ocrx_word' id='word_1_748' title='bbox 1182 5603 1276 5661; x_wconf 81' lang='lat' dir='ltr'>vel</span> <span class='ocrx_word' id='word_1_749' title='bbox 1339 5603 1770 5679; x_wconf 76' lang='lat' dir='ltr'>imperatorum</span> <span class='ocrx_word' id='word_1_750' title='bbox 1798 5604 1965 5679; x_wconf 55' lang='lat' dir='ltr'>dona</span> 
     </span>
    </p>
   </div>
   <div class='ocr_carea' id='block_1_114' title="bbox 295 5672 1963 5751">
    <p class='ocr_par' dir='ltr' id='par_1_114' title="bbox 295 5672 1963 5751">
     <span class='ocr_line' id='line_1_114' title="bbox 295 5672 1963 5751; baseline -0.003 -13"><span class='ocrx_word' id='word_1_751' title='bbox 295 5672 937 5745; x_wconf 51' lang='lat' dir='ltr'>Kalendis—Ianuariis,-</span> <span class='ocrx_word' id='word_1_752' title='bbox 955 5674 1257 5734; x_wconf 77' lang='lat' dir='ltr'>natalibus</span> <span class='ocrx_word' id='word_1_753' title='bbox 1275 5672 1639 5751; x_wconf 67' lang='lat' dir='ltr'>priuéipium</span> <span class='ocrx_word' id='word_1_754' title='bbox 1654 5674 1963 5735; x_wconf 62' lang='grc' dir='ltr'>οδω-Μυκη</span> 
     </span>
    </p>
   </div>
   <div class='ocr_carea' id='block_1_115' title="bbox 2072 5598 3717 5684">
    <p class='ocr_par' dir='ltr' id='par_1_115' title="bbox 2072 5598 3717 5684">
     <span class='ocr_line' id='line_1_115' title="bbox 2072 5598 3717 5684; baseline 0.006 -26"><span class='ocrx_word' id='word_1_755' title='bbox 2072 5600 2488 5684; x_wconf 40' lang='grc' dir='ltr'>τεςίοειζιιωηᾳι</span> <span class='ocrx_word' id='word_1_756' title='bbox 2514 5598 2836 5684; x_wconf 53' lang='lat' dir='ltr'>hianarrat</span> <span class='ocrx_word' id='word_1_757' title='bbox 2866 5599 3088 5684; x_wconf 67' lang='lat' dir='ltr'>Paulus</span> <span class='ocrx_word' id='word_1_758' title='bbox 3123 5601 3442 5684; x_wconf 61' lang='lat' dir='ltr'>Diaponus,</span> <span class='ocrx_word' id='word_1_759' title='bbox 3489 5607 3717 5668; x_wconf 86' lang='lat' dir='ltr'>eisdem</span> 
     </span>
    </p>
   </div>
   <div class='ocr_carea' id='block_1_116' title="bbox 2074 5665 3404 5742">
    <p class='ocr_par' dir='ltr' id='par_1_116' title="bbox 2074 5665 3404 5742">
     <span class='ocr_line' id='line_1_116' title="bbox 2074 5665 3404 5742; baseline 0 -11"><span class='ocrx_word' id='word_1_760' title='bbox 2074 5665 2353 5731; x_wconf 70' lang='lat' dir='ltr'>exhibita.</span> <span class='ocrx_word' id='word_1_761' title='bbox 2378 5665 2475 5732; x_wconf 65' lang='grc' dir='ltr'><strong>ΑΒ</strong></span> <span class='ocrx_word' id='word_1_762' title='bbox 2494 5665 2775 5742; x_wconf 57' lang='lat' dir='ltr'>crudam</span> <span class='ocrx_word' id='word_1_763' title='bbox 2792 5679 2903 5730; x_wconf 59' lang='grc' dir='ltr'>τοι</span> <span class='ocrx_word' id='word_1_764' title='bbox 2923 5671 3195 5733; x_wconf 68' lang='lat' dir='ltr'>deducta.</span> <span class='ocrx_word' id='word_1_765' title='bbox 3228 5665 3404 5739; x_wconf 62' lang='lat' dir='ltr'>Cum</span> 
     </span>
    </p>
   </div>
  </div>
