4124 6312
381 328 504 394 533

1742 327 2065 390 GEORGII
2108 328 2458 396 CEDRENI

3675 349 3800 411 584

451 467 685 526 Juliano
715 463 1148 521 Chalcedonam
1183 463 1515 518 transeunti
1552 468 1729 535 atque
1789 464 1849 519 in
1897 466 2005 520 fani

2118 525 2119 528 η
2223 470 2593 548 Διερχόμενον
2648 473 2706 538 δὲ
2763 477 2855 534 τὸν
2915 479 3217 536 Ἰουλιανὸν
3273 482 3374 551 τὴν
3439 479 3797 551 Χαλκηδόνος

381 558 655 616 Fortuna}
696 553 1052 609 sacriﬁcanti
1085 552 1258 607 Maris
1291 553 1422 623 ejus
1455 552 1563 608 loci
1601 555 1913 626 episcopus
1971 554 2034 608 in

372 647 588 703 faciem
618 644 881 699 convicia
911 642 1207 714 permulta
1239 641 1398 710 fecit,
1429 643 1802 698 desertorem
1826 643 2033 714 appel-

373 737 502 792 lans
521 740 579 789 et
609 734 824 790 furiam
859 739 916 787 et
944 733 1147 804 gloriae
1181 729 1282 785 Dei
1314 730 1718 787 alienum.Sed
1739 731 2030 799 Julianus,

374 832 442 883 ut
471 825 571 894 qui
603 822 1024 896 philosophum
1053 838 1175 891 pr
1208 837 1268 875 se
1297 820 1499 886 ferret,
1561 837 1680 875 uno
1740 821 1850 875 hoc
1873 819 2032 876 dicto

374 916 578 971 Marim
612 914 772 970 ultus
801 918 910 977 est,
943 911 1074 978 Abi,
1139 911 1420 981 inquiens
1481 912 1683 973 miser,
1746 917 2031 982 tuamque

377 1005 624 1076 deplora
655 1003 980 1058 cacitate'm
1014 1001 1105 1055 cui
1141 1002 1463 1061 Nazaraeus,
1488 1017 1664 1071 quem
1705 1006 1768 1056 tu
1797 1000 2028 1067 adoras,

377 1111 550 1166 opem
585 1110 704 1147 non
740 1091 891 1146 tulit.
927 1093 1067 1146 Nam
1101 1090 1273 1144 Maris
1309 1089 1695 1144 suffusionem
1719 1089 2028 1145 oculorum

373 1199 691 1256 perpessus
773 1186 920 1235 erat.
979 1181 1151 1250 Isque
1205 1179 1360 1235 538
1416 1179 1740 1250 respondit,
1802 1179 2028 1234 Gratias

373 1287 480 1343 ago
513 1270 763 1325 Domino
797 1285 928 1323 meo
959 1268 1210 1336 Christo,
1242 1268 1342 1338 qui
1377 1267 1523 1321 mihi
1553 1269 1668 1322 hoc
1699 1273 1868 1340 pacto
1899 1285 2029 1338 pro-

371 1360 566 1432 spexit
603 1375 678 1414 ne
726 1357 1310 1429 impudentissimam
1345 1362 1511 1412 tuum
1543 1363 1719 1428 atque
1752 1357 2029 1430 impiissi-

369 1465 535 1506 mum
565 1447 794 1503 videam
815 1446 1062 1503 vultum.

442 1627 609 1683 Idem
667 1626 938 1682 Julianus
987 1625 1204 1682 Graecis
1263 1625 1687 1692 instigantibus
1745 1641 2024 1697 magnum

2141 555 2322 646 πόλιν,
2359 561 2532 636 Μάρις
2564 566 2591 618 ὁ
2617 567 2819 637 ταύτης
2847 568 3144 634 ἐπίσκοπος
3202 570 3416 634 πολλὰς
3474 568 3660 646 ὕϐρεις
3717 577 3798 643 τῷ

2141 644 2428 723 Ἰουλιανῷ
2457 651 2533 714 είς
2557 654 2649 708 τὸν
2678 663 2776 725 τῆς
2805 659 3001 735 Τύχης
3032 662 3158 716 ναὸν
3212 664 3394 717 θύοντι
3425 664 3565 719 κατὰ
3593 663 3790 724 πρὼσ-

2140 752 2288 789 ωπον
2329 735 2595 816 ἐπήγαγε,
2637 741 2955 819 παραϐάτην
3022 749 3317 806 ἀποκαλῶν
3373 751 3464 806 καὶ
3516 751 3793 827 ἀλάστορα

2138 823 2227 877 καὶ
2256 831 2358 894 τῆς
2383 833 2481 884 τοῦ
2512 836 2647 887 Θεοῦ
2679 831 2843 906 δόξης
2874 837 3188 914 ἀλλότριον.
3219 841 3281 897 Ὀ
3333 838 3390 896 δὲ
3429 836 3521 895 ἅτε
3549 823 3791 918 φιλόσο-

2138 933 2239 988 φον
2271 923 2745 1007 προσποιούμενος
2803 925 2881 982 ἐνὶ
2945 931 3038 984 τὸν
3099 933 3278 1003 Μάριν
3325 925 3566 987 ὠνείδισε
3615 933 3790 1007 λόγῳ,

2137 1003 2391 1074 ’Λπελθε,
2425 1006 2620 1086 λέγων,
2653 1013 2994 1092 ταλαίπωρε,
3025 1020 3114 1074 καὶ
3183 1022 3479 1095 ἀποθρήνει
3528 1022 3626 1092 τήν
3661 1042 3789 1076 σαυ-

2134 1097 2233 1147 τοῦ
2261 1094 2562 1170 τύφλωσιν·
2596 1101 2722 1158 οὐδὲ
2747 1107 2851 1183 γὰρ
2883 1108 2912 1162 6
2945 1110 3287 1185 Ναζωραῖος,
3328 1094 3386 1165 δν
3448 1109 3510 1165 σὺ
3548 1130 3794 1186 προσκυ-

2134 1187 2268 1251 νεῖς,
2298 1184 2396 1280 τοῦ
2425 1188 2629 1280 πάθους
2663 1192 2874 1256 ἰάσατο.
2930 1198 3031 1254 Ἱίν
3080 1184 3179 1273 γὰρ
3221 1200 3248 1254 6
3302 1201 3480 1274 Maipo
3533 1184 3790 1280 ἐπίχυσιν

2135 1276 2436 1338 πεπονθώς.
2469 1280 2532 1337 Ὀ
2564 1278 2622 1336 δέ
2636 1304 2770 1360 φησι
2792 1285 2928 1361 πρὸς
2954 1287 3046 1342 τὸν
3079 1286 3424 1364 Παραιϐάτην·
3464 1276 3792 1364 Εὐκαριστῶ

2131 1366 2211 1455 τῷ
2259 1367 2499 1444 Δεσπότῃ
2547 1391 2652 1444 μου
2703 1375 2929 1450 Χριστῷ
2983 1379 3146 1433 τοῦτό
3205 1399 3301 1452 μοι
3337 1381 3788 1455 προνοησαμένῳ,

2128 1447 2218 1507 ’ίνα
2246 1455 2322 1526 μή
2353 1457 2416 1512 τὸ
2447 1458 2819 1519 ἀναιδέστατον
2873 1466 2964 1522 καὶ
3022 1463 3372 1524 ἀσεὸέπατόν
3436 1490 3532 1524 σου
3589 1471 3794 1525 θεάσω-

2136 1563 2232 1614 μαι
2260 1546 2577 1620 πρόσωπον.

2203 1635 2372 1700 Οὗτος
2400 1639 2492 1694 τὸν
2529 1640 2696 1717 μέγαν
2730 1645 3050 1709 Ἀθανάσιον
3082 1655 3182 1718 τῆς
3239 1649 3574 1720 ἘκκΛησίας
3632 1648 3789 1720 ἐξελ-

372 1715 764 1770 Athanasium
803 1713 1055 1768 ecclesia
1085 1712 1332 1784 expulit.
1365 1713 1473 1777 Qui
1505 1712 1712 1767 abiens
1741 1712 2005 1767 Christia-

2132 1724 2240 1777 θεῖν
2292 1723 2561 1799 ἐκέλευσε,
2603 1737 2712 1787 τῶν
2770 1732 3058 1806 Ἑλλήνων
3123 1737 3282 1792 αὐτὸν
3335 1736 3784 1814 παροξυνάντων.

372 1821 482 1861 nos
515 1820 696 1875 super
725 1804 852 1874 ipso
883 1803 1095 1858 ﬂentes
1127 1802 1280 1858 bono
1312 1818 1441 1858 esse
1473 1802 1867 1875 animojussit
1891 1819 2005 1857 :nu‘

2134 1810 2196 1902 Ὁ
2228 1809 2285 1867 δὲ
2317 1812 2675 1902 ἐξερχόμενος
2706 1802 3073 1897 θαρῥεῖννεῖπε
3113 1802 3454 1902 Χριστιανοῖς
3497 1802 3620 1888 τοῖς
3651 1827 3789 1902 ὑπὲρ

369 1894 644 1950 beculam
669 1893 826 1948 enim
860 1894 1013 1948 hanc
1027 1892 1190 1947 brevi
1221 1892 1626 1949 transituram.

438 2074 666 2146 Degeus
700 2073 1024 2128 Antiochiae
1054 2071 1320 2128 Julianus
1345 2088 1412 2127 ac
1447 2071 1655 2128 crebro
1687 2072 1750 2128 in
1775 2071 2019 2144 Daphna

294 2151 300 2156 ’
365 2162 1200 2233 obambulans,Apollinisque
1222 2162 1606 2217 simulacrum
1629 2162 2018 2232 colens,quod

368 2252 449 2307 ibi
483 2261 782 2323 erat,opus
814 2251 1084 2323 Bryxidis
1117 2250 1385 2306 statuarii
1414 2250 2017 2321 admirandumquod

363 2340 653 2395 imitando
687 2356 921 2410 mquare
948 2357 1125 2395 nemo
1175 2345 1470 2410 potuerat,
1513 2339 1815 2394 oraculum
1843 2339 1914 2394 ab
1946 2357 2014 2395 eo

367 2429 666 2502 poscebat.
697 2430 841 2484 Cum
872 2445 1008 2483 vero
1041 2427 1190 2482 nihil
1216 2427 1696 2498 responderetur,
1728 2427 2014 2499 reliquias

365 2519 552 2574 sancti
585 2518 864 2590 martyris
895 2517 1148 2589 Babylm,
1182 2534 1312 2587 qua;
1343 2517 1405 2572 in
1439 2518 1683 2588 Daphna
1721 2523 1892 2572 erant
1920 2534 2012 2572 re-

363 2605 594 2677 positm.
626 2606 687 2660 in
747 2621 924 2660 causa
963 2621 1091 2660 esse
1146 2609 1311 2659 ratus
1367 2605 1674 2660 transferri
1727 2621 1826 2660 eas
1875 2604 2013 2660 inde

355 2695 698 2766 jussit.Quo
719 2693 1111 2761 facto,eadem
1143 2697 1314 2749 nocte
1347 2694 1500 2764 ignis
1530 2695 1841 2750 confertim
1866 2694 2012 2750 coelo

361 2783 594 2839 delatus
626 2783 814 2839 aedem
860 2783 1363 2855 simulacrumque
1412 2784 1756 2850 combussit,
1815 2784 1899 2838 ita
1947 2789 2013 2839 ut

359 2889 435 2928 ne
465 2873 772 2944 vestigium
808 2873 1050 2944 quidem
1101 2874 1229 2944 ejus
1283 2879 1637 2945 superesset.
1674 2875 1754 2931 Ea
1808 2893 1872 2933 re
1902 2879 2011 2934 im-

357 2963 490 3034 pius
521 2961 624 3017 ille
656 2962 987 3034 perculsus,
1021 2962 1371 3033 insidiisque
1419 2963 1890 3022 Christianorum
1921 2967 2008 3023 fa-

353 3057 512 3106 ctum
545 3057 782 3123 putans,
815 3050 1151 3107 sacerdotes
1181 3052 1349 3106 torsit
1375 3053 1670 3124 variisque
1701 3056 2009 3127 suppliciis

347 3140 564 3206 affecit,
598 3141 680 3195 ita
710 3146 775 3195 ut
805 3141 981 3196 etiam
1015 3141 1240 3210 aliquot
1270 3140 1342 3195 de
1382 3141 1454 3197 iis
1484 3146 2004 3201 morerentur.Hoc

348 3233 546 3283 autem
579 3230 991 3284 tantummodo
1033 3246 1104 3283 ex
1136 3229 1208 3283 iis
1248 3230 1451 3285 retulit
1479 3233 1770 3302 responsi,
1805 3225 2000 3305 neque

347 3317 820 3373 Christianorum
895 3333 1090 3387 neque
1163 3318 1346 3372 ullius
1403 3321 1645 3376 omnino
1740 3323 2001 3380 hominis

349 3404 661 3475 opera,sed
693 3405 827 3477 igne
857 3406 1088 3460 coalitus
1120 3404 1313 3460 delato
1345 3407 1530 3462 aedem
1562 3411 2000 3480 atquesimula-

348 3509 515 3548 crum
547 3493 963 3565 conﬂagrasse.
994 3495 1314 3565 Propterea
1344 3495 1528 3550 iratus
1563 3514 1834 3568 magnam
1879 3505 1998 3555 An-

348 3581 583 3636 tiochiae
615 3581 804 3637 aedem
836 3581 1082 3638 reclusit
1136 3583 1455 3655 omniaque
1513 3587 1731 3657 templa
1762 3588 1998 3660 depraa-

345 3669 516 3725 datus
549 3676 657 3726 est.
691 3671 848 3726 Missi
884 3677 1079 3726 autem
1126 3667 1274 3729 581
1331 3672 1445 3728 duo
1478 3675 1725 3730 comites
1751 3677 1909 3732 Felix
1941 3683 2001 3735 et

341 3759 609 3816 Julianus
642 3760 965 3816 avunculus
997 3760 1391 3832 imperatoris,
1451 3779 1582 3818 cum
1638 3763 1905 3822 dicerent
1934 3786 1995 3825 se

345 3850 642 3919 putavisse
673 3851 992 3920 quamdam
1033 3850 1376 3906 facultatem
1423 3869 1622 3908 rerum
1678 3855 1996 3927 inspectri-

343 3953 469 3992 cem
521 3954 674 3999 esse,
725 3955 860 4009 quae
913 3939 1075 4010 ipsos
1132 3939 1560 4012 impedivisset,
1622 3942 1994 4004 subsannavi

342 4040 442 4081 eos
471 4025 765 4083 Julianus.

411 4206 709 4261 Artemius
740 4217 917 4278 porro
949 4205 1065 4262 dux
1098 4207 1490 4276 Alexandriaa,
1540 4211 1639 4280 qui
1672 4211 1990 4283 imperium

344 4294 690 4350 Constantio
721 4300 961 4368 gerente
975 4311 1186 4367 magno
1200 4297 1409 4352 ardore
1428 4297 1684 4354 cultores
1705 4301 1990 4357 falsorum

339 4386 655 4440 numinum
715 4392 1174 4458 oppugnaverat,
1232 4391 1366 4458 post
1420 4388 1637 4443 multos
1694 4391 1990 4448 cruciatus

337 4479 580 4545 propter
611 4474 790 4529 fidem
822 4475 1217 4530 Christianam
1271 4477 1461 4546 capite
1519 4481 1826 4534 truncatus
1879 4486 1987 4550 est,

335 4567 395 4616 et
425 4563 582 4618 bona
611 4562 740 4633 ejus
772 4564 833 4618 in
864 4564 1168 4635 publicum
1202 4563 1760 4624 redacta.Similiter
1788 4574 1985 4626 actum
2017 4562 2062 4626 Β

333 4665 469 4705 cum
500 4651 728 4706 duobus
756 4652 1121 4725 presbyteris
1150 4653 1409 4721 Eugenio
1445 4658 1503 4708 et
1532 4657 1802 4712 Macario.

411 4741 603 4795 Tertio
619 4741 706 4795 sui
737 4741 1140 4810 imperiianuo
1157 4741 1424 4796 Julianus
1447 4742 1667 4799 multos
1688 4746 1984 4815 professos

331 4828 729 4886 Christianam
759 4829 1104 4901 religionem
1136 4829 1442 4901 suppliciis
1481 4831 1696 4888 affecit.
1749 4835 1982 4892 Judmos

332 4934 568 4990 quoque
599 4918 886 4991 templum
910 4935 1080 4976 suum
1104 4919 1435 4974 instaurare
1450 4919 1815 4990 jussit.Quod
1834 4942 1981 4998 opus

327 5023 461 5064 cum
494 5013 654 5065 esset
679 5009 1044 5077 inchoatum,
1077 5009 1334 5081 primum
1365 5009 1520 5064 venti
1555 5010 1725 5066 turbo
1756 5013 1979 5072 calcem

329 5095 567 5168 disjecit
595 5111 775 5168 supra
804 5096 1060 5152 ducenta
1092 5095 1283 5152 millia
1337 5097 1694 5155 modiorum.
1726 5103 1796 5157 Et
1841 5120 1978 5160 cum

326 5187 512 5242 Judaei
547 5187 742 5245 denuo
773 5204 921 5261 opus
959 5188 1436 5260 aggrederentur,
1471 5189 1624 5262 ignis
1667 5203 1737 5248 ex
1767 5191 1978 5252 funda-

325 5277 546 5331 mentis
577 5293 894 5348 erumpens
921 5293 1023 5333 eos
1053 5277 1398 5333 combussit.
1453 5281 1634 5350 Atque
1692 5281 1774 5338 ita
1829 5301 1978 5356 opus

327 5363 474 5421 illud
506 5365 792 5421 omissum
843 5372 952 5421 est.
1005 5367 1226 5438 Impius
1285 5366 1388 5423 ille
1441 5367 1711 5425 Julianus
1743 5374 1978 5446 scripsit

2133 1900 2298 1957 αὖςοῦ
2330 1901 2647 1980 δακρύουσι’
2687 1915 2961 1985 Θαρσεῖτε,
3004 1900 3167 1993 φησὶ,
3192 1915 3325 1980 λαὸς
3371 1921 3468 1972 τοῦ
3523 1920 3787 1993 Χριστοῦ·

2128 1988 2410 2068 νεφύδριόν
2444 1994 2574 2066 ἐστι,
2605 1999 2695 2053 καὶ
2724 1988 3083 2078 παρέρχεται.

2199 2082 2405 2173 Διοὶγων
2439 2081 2497 2140 δὶ
2526 2086 2830 2152 Ἰουλιανὸς
2887 2091 2939 2146 ἐν
2999 2094 3330 2170 Ἀντιοχείᾳ,
3390 2095 3479 2151 καὶ
3539 2101 3788 2173 συνεχῶς

2126 2166 2390 2260 ἐνΔΔαφνῃ
2445 2173 2613 2231 ἀνιὼν
2668 2179 2757 2233 καὶ
2814 2181 2877 2236 τὸ
2923 2185 3022 2236 τοῦ
3081 2166 3438 2248 Ἀπύλλ-ωνος
3471 2166 3786 2260 θεραπεύων

2125 2255 2358 2351 εἶ’δωλον
2421 2263 2506 2334 (ἦν
2558 2266 2659 2340 γὰρ
2719 2267 2888 2325 ἐκεῖσε
2947 2274 3254 2343 θαυμαστὸν
3311 2269 3465 2350 ἔργον
3517 2255 3787 2351 ἑρύξιδος

2123 2344 2598 2422 ἀγαλματοποιοῦ,
2628 2353 2656 2408 ὃ
2690 2356 2854 2427 μήτις
2876 2355 3046 2420 ἄλλος
3069 2357 3290 2435 ἴσχυσεν
3314 2344 3780 2436 ἐκμιμήσασθαι),

2121 2437 2251 2510 παρ’
2289 2437 2470 2529 ⁸αὐτοῦ
2517 2441 2773 2516 χρησμὸν
2832 2443 3035 2516 ἐζήτει,
3076 2446 3206 2504 ἀλλ’
3265 2447 3522 2522 οὐδεμιᾶς
3553 2452 3785 2529 ἀποκρί-

2122 2545 2257 2622 σεως
2287 2520 2468 2622 ἕτυιχε..
2500 2531 2747 2603 Νομίσας
2777 2531 2834 2592 δὲ
2865 2535 2950 2591 ὃτι
2981 2537 3071 2592 διὰ
3099 2539 3165 2593 τὰ
3208 2538 3261 2594 ἐν
3315 2520 3598 2622 τῇνΔάφνῃ
3635 2520 3784 2600 ἀπο-

2120 2614 2342 2686 κείμενα
2373 2615 2605 2692 λείψανα
2633 2625 2728 2676 τοῦ
2782 2623 2939 2698 ἁγίου
2973 2627 3370 2702 ἱερομάρτυρος
3413 2614 3523 2703 (14)
3559 2614 3782 2689 Βαϐύλα

2119 2704 2436 2780 ἆποσιωπᾷ,
2467 2709 2744 2768 ἐκέλευσεν
2811 2715 3020 2772 ἅπαντα
3079 2721 3453 2791 μετατεθῖναι.
3486 2721 3566 2779 Οῦ
3624 2745 3779 2797 γενο-

2124 2794 2286 2888 μένου
2319 2797 2527 2888 ἀθρόως
2584 2805 2692 2876 πῦρ
2742 2801 2801 2858 ἐκ
2855 2809 2954 2859 τοῦ
3013 2807 3246 2882 ούρανοῦ
3303 2809 3566 2875 κατελθὸν
3596 2794 3769 2888 ἐκείνη

2117 2887 2186 2958 τῇ
2212 2885 2363 2941 νυκτὶ
2398 2889 2494 2942 τόν
2524 2909 2581 2944 τε
2609 2891 2734 2945 ναὸν
2765 2892 3057 2971 κατέφλεξε
3087 2897 3178 2951 καὶ
3227 2897 3292 2953 τὸ
3349 2903 3449 2954 τοῦ
3481 2885 3762 2957 Ἀπόλλωξ

2115 2994 2207 3035 νος
2270 2971 2512 3050 ἄγαλμα,
2595 2977 2735 3035 ὥστε
2798 2981 2940 3053 μηδὲ
3028 2984 3182 3061 ἴχνος
3268 2987 3438 3043 αὐτοῦ
3507 2996 3757 3066 φανῆναι.

2113 3061 2436 3150 Ἐκπλαγεξς
2500 3065 2591 3120 οὖν
2651 3067 2736 3124 ἐπὶ
2797 3070 2976 3144 τούτῳ
3043 3075 3071 3129 6
3131 3077 3351 3150 μιαρὸς,
3408 3061 3763 3150 καὶ-νομίσας

2111 3152 2230 3206 κατ’
2285 3148 2586 3223 ἐπιϐουλὴν
2647 3160 2988 3232 Χριστιανῶν
3047 3148 3317 3239 γενέσθαι,
3393 3165 3476 3222 ἐπ’
3529 3148 3764 3237 ἐξέτασιν

2109 3244 2219 3329 τῶν
2277 3241 2463 3316 ἱερέων
2517 3243 2738 3320 ἐχώρει.
2799 3250 2901 3304 Καὶ
2982 3251 3250 3315 παντοίως
3303 3257 3766 3329 τιμωρησάμενος

2105 3325 2244 3384 ὥστε
2273 3330 2365 3384 καί
2392 3351 2544 3394 τινας
2574 3333 2752 3390 αὐτῶν
2787 3336 3090 3406 ἀποθανεῖν,
3123 3345 3290 3396 τοῦτο
3353 3343 3513 3414 μόνον
3566 3346 3766 3414 ἢκουσε

2219 3421 2232 3443 ν
2309 3419 2322 3436 ν
2373 3425 2398 3436 -ν
2518 3422 2526 3438 ν
2646 3421 2674 3442 ,ν
2793 3428 2808 3448 ε
2868 3429 2882 3444 ι
3206 3433 3231 3445 ι
3337 3430 3362 3450 ν
3526 3436 3540 3451 ι
3601 3434 3610 3446 ’

2104 3438 2212 3494 παρ
2263 3439 2462 3488 αυτων,
2496 3424 2580 3477 ὁτι
2612 3445 2737 3480 ουτε
2788 3447 2891 3482 υπο
2927 3434 3266 3503 Χριστιανων
3299 3435 3416 3486 ουθ¹
3446 3434 3549 3489 ὑπο
3579 3433 3764 3504 ἄλλης

2105 3506 2448 3600 ἀνθρωπίνης
2511 3506 2835 3585 ἐπιϐουλῆς,
2912 3516 3042 3572 ἀλλ’
3100 3518 3161 3574 ἐκ
3213 3525 3310 3575 τοῦ
3367 3521 3596 3597 ούρανοῦ
3652 3529 3763 3600 πῦρ

2103 3595 2364 3652 κατελθὸν
2417 3599 2674 3676 ἐνέπρησε
2730 3605 2819 3659 καὶ
2875 3606 2969 3661 τὸν
3023 3609 3148 3664 ναὸν
3202 3611 3292 3665 καὶ
3363 3595 3443 3666 τὸ⁷
3510 3595 3756 3688 ἄγαλμα.

2104 3688 2388 3780 θυμωθείς
2418 3690 2512 3780 οῦν
2573 3692 2602 3745 6
2663 3689 2991 3768 Παραϐάτης
3018 3699 3109 3752 καὶ
3143 3698 3422 3775 θεομάχος
3453 3703 3553 3771 την
3589 3705 3760 3780 μεγά-

2105 3774 2208 3845 λην
2235 3775 2530 3849 ἐκκλησίαν
2603 3782 2948 3858 Ἀντιοχείας
2999 3785 3288 3843 ἀπέκλεισε
3315 3774 3405 3843 καὶ
3468 3793 3639 3847 πάντα
3693 3793 3762 3848 τὰ

2102 3864 2222 3939 ἱερὰ
2253 3863 2506 3937 ἐσύλησε.
2541 3870 2668 3925 Τῶν
2702 3867 2760 3926 δὶ
2800 3874 3219 3932 ἀποσταλέντων
3249 3880 3513 3950 κομῆτων
3573 3879 3757 3951 Φήλι-

2099 3973 2194 4015 κος
2221 3953 2312 4008 καὶ
2353 3955 2663 4012 Ἰουλιανοῦ
2721 3965 2818 4016 τοῦ
2872 3963 3019 4019 θείου
3075 3964 3240 4021 αὐτοῦ
3293 3965 3591 4042 λεγόντων,
3645 3968 3752 4037 ὅτι,

2101 4042 2459 4118 Ἐνομίζομεν
2495 4045 2798 4120 ἐποπτικήν
2828 4072 2950 4106 τινα
2979 4054 3118 4108 εἶναι
3180 4050 3411 4128 δύναμιν
3433 4059 3537 4127 τὴν
3565 4055 3756 4112 κωλύοι-

2099 4151 2262 4186 σασαν
2297 4135 2466 4204 ἡμᾶς,
2500 4135 2528 4189 6
2563 4137 2758 4211 μιαρὸς
2789 4137 3144 4211 ἐπετωθαζεν.

2168 4219 2458 4294 ’Λρτέμιος
2488 4220 2545 4279 δὲ
2573 4226 2602 4280 6
2665 4224 2791 4298 δοὺξ
2849 4227 3282 4306 Ἀλεξανδρείας,
3336 4232 3628 4309 ἐπειδήπερ
3660 4235 3751 4293 ἐπὶ

2094 4313 2192 4398 τοῦ
2222 4313 2602 4368 Κωνσταντίου
2636 4313 2804 4384 ζῆλον
2835 4315 3010 4373 πολὺν
3042 4319 3336 4395 ἐνεδείξατο
3389 4322 3443 4378 ἐν
3502 4324 3748 4398 Ἀλεξαν-

2096 4395 2246 4472 δρείᾳ
2288 4401 2424 4455 κατὰ
2487 4406 2595 4457 τῶν
2665 4401 3247 4483 εἰδωλολατρούντων,
3309 4409 3586 4485 ἐδημεύθη
3647 4417 3748 4485 τὴν

2093 4485 2338 4579 κεφαλὴν
2396 4489 2740 4562 ἀποτμηθεὶς
2799 4496 2932 4567 μετὰ
2996 4495 3212 4562 πολλὰς
3275 4501 3544 4576 βασάνους
3615 4505 3745 4579 ὑπὲρ

2091 4583 2190 4665 της
2217 4576 2294 4639 εἰς
2335 4579 2566 4653 Χριστὸν
2597 4582 2854 4645 πίστεως.
2913 4586 3157 4659 Ὁμοίως
3217 4587 3276 4644 δὲ
3327 4592 3417 4646 καὶ
3467 4588 3566 4648 δύο
3615 4576 3739 4665 πριζ-

2093 4659 2368 4739 σὸύτεροι,
2400 4667 2654 4743 Εύγένιος
2691 4673 2781 4726 καὶ
2811 4675 3116 4750 Μακάριος.

2163 4755 2247 4829 [Ρ.
2282 4758 2408 4830 307]
2440 4756 2534 4831 Τῷ
2561 4759 2734 4835 τρίτῳ
2771 4756 2880 4817 ἔτει
2935 4764 3134 4821 τούτου
3191 4765 3440 4831 πολλοὺς
3490 4791 3743 4845 τιμωρη-

2089 4843 2321 4914 σάμενον
2353 4845 2443 4899 καὶ
2474 4847 2753 4924 μάρτυρας
2784 4854 3040 4922 ποιήσας,
3073 4854 3274 4910 καὶτὸν
3301 4861 3411 4912 τῶν
3461 4858 3742 4916 Ἰουδαίων

2087 4932 2214 4986 ναὸν
2247 4930 2680 5006 οἰκοδομηθῆναι
2738 4941 3048 5014 προσέταξε.
3087 4945 3189 4999 Καὶ
3246 4950 3342 5000 τοῦ
3370 4942 3524 5023 ἔργον
3555 4947 3746 5023 ἐγχειο

2090 5023 2386 5095 ρισθέντος,
2447 5025 2514 5079 τὰ
2575 5028 2670 5098 μὲν
2726 5034 2917 5102 πρῶτα
2973 5029 3182 5107 λαῖλαψ
3238 5036 3338 5105 τήν
3368 5055 3426 5091 τε
3478 5031 3738 5094 ἄσϐεστον

2088 5111 2406 5184 ἐξεφόρησεν
2440 5112 2571 5189 ὑπὲρ
2605 5115 2872 5192 μυριάδας
2915 5115 3084 5175 ε’ίκοσι
3145 5119 3352 5193 μοδίων
3412 5126 3598 5196 οὖσαν,
3627 5131 3736 5181 τῶν

2088 5197 2145 5254 δὶ
2175 5199 2452 5258 Ἰουδαίων
2486 5197 2563 5259 ἔτι
2593 5211 2672 5278 τῷ
2701 5202 2843 5282 ἔργῳ
2873 5208 3296 5287 ἐπιχειρούντων
3356 5219 3462 5288 πῦρ
3521 5215 3740 5287 ἐξελθὸν

2085 5293 2194 5346 τῶν
2223 5291 2493 5363 θεμελίων
2518 5294 2744 5358 τούτους
2775 5299 3087 5372 κατέκαυσε,
3147 5303 3236 5357 καὶ
3295 5301 3440 5360 οὕτω
3494 5310 3592 5361 τοῦ
3651 5302 3740 5378 ἔρ·

2085 5399 2184 5454 γου
2215 5377 2533 5438 ἐπαύσαντο.
2562 5383 2736 5447 Οὗτος
2768 5386 2796 5440 6
2829 5383 3095 5460 δυσσεϐὴς
3125 5391 3215 5446 καὶ
3270 5394 3370 5464 τὴν
3423 5395 3531 5449 τῶν
3581 5377 3744 5450 θείων

1526 5491 1890 5560 XYLANDRI
1928 5499 2016 5562 ET
2055 5507 2273 5566 GOARI
2309 5507 2536 5569 NOT/E.

397 5607 511 5682 (lt)
539 5600 861 5698 Pontifices
892 5607 1072 5668 simul
1101 5619 1169 5667 ac
1198 5615 1490 5685 martyres
1519 5607 1922 5706 ἱερομάρτυρας
1953 5621 2219 5684 Ecclesia
2245 5627 2446 5687 Graeca
2468 5639 2796 5710 nuncupat.
2825 5635 3025 5696 Con.-
