4126 6296
233 365 359 427 585
1413 381 1916 444 ΠΙΞΤΟΗΙΑΒΙΗ

2028 383 2314 451 ΞΟΜΡΕΝ
2325 394 2548 457 DIUM.
3564 414 3684 471 586

241 502 615 617 ξῶαγγελίων
657 511 975 588 ἀνατροπὴν
1025 508 1273 591 ἔγραψεν·
1322 509 1391 582 ἤν
1442 515 1470 567 6
1523 514 1692 617 μέγας
1725 511 1916 588 Κύριλ-

2036 524 2213 580 etiam
2239 528 2685 600 Evangeliorum
2714 534 3228 606 depravationem;
3272 558 3402 612 quae
3433 560 3683 617 magnus

250 592 350 657 λος
400 595 822 672 Ἀλεξανδρείας
879 603 969 657 καὶ
1026 602 1195 658 ἂλλοι
1253 601 1613 682 φιλόχριστοι
1668 600 1916 701 ἐπηνωρῖ

2039 612 2290 683 Cyrillus
2320 592 2691 678 Alexandria;
2731 592 3038 697 episcopus
3062 592 3071 593 ί
3094 592 3677 701 αιίἱᾷυέᾑῖῙΠ-τίεῖἰξῐέἷ

247 684 526 748 θώσαντο.
556 689 666 744 Καὶ
698 695 871 744 πᾶσαν
904 688 970 759 δὴ
1017 688 1199 762 ἄλλην
1248 694 1464 767 Γραφὴν
1515 690 1679 753 αὐτός
1727 712 1786 746 τε
1829 690 1916 746 καῖ

2038 709 2670 766 correxerunt.0mnes
2697 718 2893 769 autem
2915 732 3111 771 sacras
3138 718 3382 775 Litteras
3411 722 3678 779 Julianus

247 776 306 829 οἱ
372 773 565 848 ὅμοιοι
630 778 800 833 αὐτοῦ
853 774 1127 835 διέϐαλον’
1180 780 1284 835 ὑπὸ
1343 777 1401 834 δὲ
1453 784 1565 835 τῶν
1624 778 1916 856 ὀρθοὸόξωι

2041 792 2286 864 ejusque
2318 795 2543 853 similes
2572 817 2886 873 corrupere
2922 820 2935 869 ;
2987 822 3239 875 quorum
3283 809 3680 868 adulterinam

246 859 642 935 ἐξεϐλήθησαν
669 867 738 922 τὶ
765 867 971 923 τούτων
999 867 1327 941 νοθεύματα.

2040 859 2393 953 scrip-turam
2425 887 2506 957 pii
2542 859 2901 948 deleverunt.

334 954 474 1009 Έπί
512 954 734 1018 τούτοις
766 954 921 1035 ὤφθη
955 959 982 1013 6
1013 961 1158 1020 θεῖος
1197 959 1424 1035 σταυρὸς
1481 957 1533 1013 έν
1578 964 1659 1032 τῷ
1718 959 1916 1034 οὖρανᾷ

2110 973 2190 1026 Eo
2221 954 2487 1046 tempore
2518 977 2581 1032 in
2615 979 2759 1034 cazlo
2782 979 2978 1036 lucida
2993 999 3133 1038 crux
3164 988 3455 1058 apparuit,
3489 990 3683 1045 cincta

249 1040 598 1118 φωτοειδῶς
657 1044 1030 1118 κυκλούμενος
1114 1047 1217 1102 ὑπὸ
1301 1048 1560 1127 στεφάνου
1637 1056 1916 1126 φωτεινοῐὶἸ

2038 1058 2234 1116 lucida
2264 1040 2500 1134 corona,
2535 1083 2568 1121 a
2597 1068 2879 1140 Golgotha
2903 1087 3090 1142 usque
3121 1040 3682 1134 adlmontemillea:

245 1130 374 1185 ἀπὸ
404 1136 511 1186 τοῦ
532 1132 778 1207 Γολγοθᾶ
833 1132 937 1199 ἓως
967 1139 1065 1191 τοῦ
1107 1135 1263 1209 ἁγίου
1310 1137 1470 1211 ὅρους
1512 1142 1620 1192 τῶν
1673 1137 1916 1210 Ἐλαιῶν,

2039 1166 2171 1204 rum
2201 1130 2527 1222 pertinens,
2562 1130 2930 1227 splendidior
2958 1130 3136 1231 quam
3168 1163 3276 1218 sub
3317 1130 3681 1223 Constantio.

240 1218 656 1297 λαμπρότερος
691 1222 908 1296 μᾶλλον
940 1223 977 1294 ἢ
1007 1223 1094 1279 ἐπὶ
1136 1225 1536 1282 Κωνσταντίου·
1596 1228 1916 1302 αὒτομάτως

244 1305 295 1326 με
426 1316 449 1324 ..
523 1311 537 1326 η
592 1309 611 1326 η
652 1312 664 1326 ,
880 1316 907 1326 ..
983 1314 1005 1326 ..
1290 1312 1302 1326 .
1487 1316 1499 1326 .
1562 1310 1676 1326 ...ιη
1909 1319 1916 1326 .

2043 1239 2219 1295 Porro
2237 1248 2434 1297 autem
2450 1246 2638 1300 crucis
2652 1247 2882 1319 signum
2898 1250 2955 1304 in
2971 1251 3244 1307 altarium
3260 1255 3682 1326 mappis,libris

239 1305 308 1363 δὲ
346 1316 480 1373 τοῖς
512 1309 813 1383 ἀπλώμασι
839 1316 948 1368 τῶν
981 1312 1380 1388 θυσιαστηρίων
1413 1316 1502 1369 καὶ
1559 1310 1778 1390 βίϐλοις
1834 1319 1916 1372 καί

2703 1305 2733 1319 υ
3064 1305 3085 1306 η
3158 1305 3679 1326 τ-νκ---ητι-τ--τ---η-

2038 1330 2269 1385 ac588
2285 1333 2671 1391 vestimentis.
2701 1339 2845 1393 Tum
2877 1339 2939 1392 in
2971 1341 3228 1396 vestibus
3253 1359 3373 1397 non
3397 1344 3683 1401 Christia-

235 1396 468 1460 ἄλλοις
502 1398 823 1472 ἐσθήμασιν,
880 1401 1027 1457 ἀλλὰ
1082 1403 1173 1457 καὶ
1231 1402 1285 1457 ἐν
1342 1403 1584 1475 ἱματίοις
1641 1406 1705 1460 οὐ
1763 1407 1925 1479 μόνον

232 1489 631 1562 Χριστιανῶν,
664 1488 809 1545 ἀλλά
861 1490 952 1545 καὶ
1005 1488 1307 1563 Ἰουδαίων,
1355 1490 1662 1562 ἐπεπόλαζε
1707 1495 1770 1548 τὸ
1827 1516 1925 1566 ση-

245 1583 426 1651 μεῖον
458 1583 560 1634 τοῦ
591 1584 844 1654 παυροῦ,
878 1579 938 1635 οὐ
985 1580 1150 1654 μόνον
1199 1581 1252 1636 ἐν
1302 1582 1731 1658 Ἱεροσολύμοις,
1777 1581 1925 1639 ἀλλὰ

237 1667 346 1722 καὶ
385 1667 447 1722 ἐν
492 1669 806 1743 Ἀντιοχείᾳ
859 1667 950 1723 καὶ
1004 1675 1123 1731 ταῖς
1181 1668 1381 1733 ἄλλαις
1441 1668 1657 1725 πόλεσι’
1714 1672 1806 1727 καὶ
1862 1672 1916 1726 ’ὀν

2035 1683 2244 1742 denter
2272 1667 2571 1761 negabant
2590 1692 2771 1748 Judaei
2804 1700 2980 1766 atque
2998 1697 3203 1764 Graeci,
3225 1667 3361 1753 enin
3382 1667 3679 1772 signatum

236 1756 650 1832 ἀναισχύντως
680 1756 943 1828 ἠπίστουν
974 1756 1234 1815 Ἰουδαῖοι
1280 1759 1371 1813 καὶ
1433 1758 1729 1832 Ἕλληνες,
1785 1759 1916 1834 εὕρι-

2033 1773 2097 1828 in
2127 1776 2249 1830 suis
2289 1778 2546 1835 vestibus
2603 1782 3001 1853 reperiebant.
3064 1786 3278 1841 Cruces
3335 1787 3465 1843 istm
3521 1789 3677 1860 apud

241 1869 390 1904 σκον
420 1849 479 1904 ἐν
509 1854 627 1913 τοῖς
652 1849 896 1924 ἱματίοις
936 1849 1133 1905 αὐτῶν.
1191 1854 1287 1906 Ἕν
1333 1871 1444 1906 τισι
1496 1849 1552 1906 δὲ
1593 1854 1682 1906 καὶ
1728 1852 1916 1926 ἐμελά-

2033 1864 2320 1934 quosdam
2343 1867 2587 1923 fuerunt
2608 1871 3061 1942 nigrmJnterim
3076 1874 3340 1930 Julianus
3360 1877 3679 1948 vaticiniis,

242 1944 438 2008 νιζον.
472 1936 771 2002 Ἰουλιανὸς
801 1936 859 1994 δὲ
900 1938 1179 2012 μαντείαις
1223 1939 1312 1995 καὶ
1371 1940 1583 2003 θυσίαις
1639 1942 1728 1996 καὶ
1772 1944 1916 2014 ἒπῳ-

2029 1954 2873 2023 sacriﬁciis,incantationibus
2886 1961 3222 2018 daemonum
3239 1971 3415 2035 atque
3428 1966 3679 2023 fallaciis

252 2023 387 2087 δαῖς
442 2024 720 2099 δαιμόνων
778 2026 869 2081 καὶ
925 2026 1154 2088 ἀπάταις
1211 2026 1571 2103 φραξάμενος,
1631 2024 1705 2088 ὥς
1762 2049 1916 2106 φησιν

2032 2044 2322 2109 munitus,
2353 2055 2420 2100 ut
2449 2047 2531 2101 ait
2555 2050 2852 2120 Agathias,
2887 2051 2948 2105 in
2979 2052 3188 2107 Persas
3248 2023 3461 2110 m6vet.
3514 2056 3679 2110 Inter

2040 1434 2253 1473 norum
2303 1422 2501 1492 modo,
2535 1424 2640 1478 sed
2671 1430 2729 1479 et
2772 1427 3113 1483 Iudaeorum
3163 1432 3519 1487 exstiterunt
3550 1450 3684 1488 cru-

2038 1507 2120 1561 cis
2152 1508 2339 1580 signa,
2371 1528 2565 1582 neque
2597 1514 3018 1588 Hierosolymis
3052 1523 3303 1588 tantum,
3333 1521 3439 1576 sed
3475 1523 3680 1578 Antio-

2034 1596 2195 1651 cheaa
2227 1599 2403 1654 etiam
2435 1606 2611 1672 atque
2642 1603 2776 1659 aliis
2807 1604 2867 1659 in
2896 1606 3163 1664 urbibus.
3197 1610 3267 1663 Et
3284 1626 3459 1681 quem
3483 1610 3681 1683 impu-

250 2114 552 2191 Ἀγαθίας,
593 2115 729 2170 κατὰ
788 2116 1009 2189 Περσῶν
1066 2114 1431 2190 ἐστράτευσεν,
1489 2117 1579 2172 ὅτε
1632 2117 1723 2172 καὶ
1775 2136 1923 2192 χρη-

248 2203 398 2275 σμὸν
431 2196 628 2258 ἔλαϐεν
656 2197 850 2279 ἔχοντα
883 2201 1078 2267 οὕτως’
1112 2201 1218 2257 Νὖν
1249 2203 1344 2276 μὲν
1398 2203 1593 2267 πάντες
1641 2205 1912 2280 ὡρμήθη-

252 2313 354 2365 μεν
417 2292 558 2365 θεοῖ,
627 2291 781 2363 νίκης
854 2291 1091 2365 τρόπαια
1157 2292 1488 2366 κομίσασθαι
1565 2294 1711 2367 παρὰ
1787 2295 1918 2368 θηρὶ

248 2385 523 2455 ποταμῷ.
556 2382 683 2439 Τῶν
713 2379 773 2436 δὲ
803 2380 909 2458 ἐγὼ
937 2383 1286 2458 ἡγεμονεύσω
1318 2384 1513 2459 θοῦρος
1555 2381 1922 2457 πολεμόκλο-

246 2492 343 2533 νος
371 2473 580 2547 Ἀρης.
613 2472 701 2527 Ἐν
733 2468 792 2526 δὲ
819 2475 900 2543 τῷ
929 2470 1150 2526 εἷ’σιέναι
1199 2471 1359 2527 αὐτὸν
1411 2471 1500 2527 ἐπὶ
1552 2471 1807 2549 Περσίδα,
1857 2473 1909 2528 ἐν

251 2560 410 2632 οἰκίᾳ
469 2561 623 2624 τινὸς
679 2561 930 2637 γυναικὸς
1004 2563 1334 2636 Χριπιανῆς
1418 2560 1608 2637 εὐρὲθη
1692 2559 1919 2636 ὑδρίσκη

252 2649 465 2714 ὕδατος
506 2650 715 2704 ἑστῶσα
768 2651 1015 2725 πλήρης,
1075 2648 1198 2718 ἣτις
1257 2651 1345 2704 καὶ
1391 2647 1602 2725 άθρὸως
1636 2649 1716 2713 εἷς
1776 2651 1924 2707 οἶνον

254 2741 475 2818 γλυκὺν
514 2741 784 2817 βράζοντα
816 2737 1157 2814 μετεϐλήθη.
1195 2742 1354 2804 Ἰσως
1401 2739 1458 2797 δὲ
1502 2746 1663 2798 τοῦτο
1711 2738 1923 2817 σύμϐο-

257 2828 362 2886 λον
397 2831 583 2885 ὦπται
612 2837 715 2900 τῆς
743 2829 833 2885 ἐπὶ
859 2830 921 2886 τὸ
952 2828 1175 2900 ἣδιστον
1207 2835 1317 2886 τῶν
1372 2832 1711 2909 πραγμάτων
1756 2853 1922 2904 μετα-

256 2915 446 2989 ϐολῆς
475 2916 568 2974 διὰ
603 2920 706 2988 τήν
744 2922 841 2974 τοῦ
887 2919 1151 2994 τυράννου
1207 2919 1342 2991 μετᾶ
1389 2921 1580 2995 μικρὸν
1624 2941 1924 2996 καταστρο-

260 3010 391 3084 φήν.
452 3006 797 3071 Στρατεύσας
853 3007 957 3082 γὰρ
1010 3006 1100 3062 ἐπὶ
1183 3008 1389 3082 Πέρσας
1466 3006 1757 3078 ἐδελεάσθη
1818 3009 1922 3063 ὑπό

268 3116 434 3150 τινων
494 3094 827 3168 αὐτομόλων
907 3094 1183 3171 ἐμπρῆσαι
1267 3096 1363 3158 τὰς
1441 3101 1589 3158 ναῦς.
1660 3097 1795 3151 Εἶτα
1851 3094 1922 3150 δι’

278 3181 508 3258 ἐρημίας
535 3184 623 3240 καὶ
665 3182 975 3257 ἀνωμάλων
1038 3183 1260 3260 χωρίων
1298 3184 1397 3253 τὴν
1448 3185 1675 3261 πορείαν
1723 3184 1916 3239 ποιού-

275 3291 450 3344 μενος
473 3270 549 3349 ἐφ’
573 3274 782 3341 ἱκανὸν,
813 3273 1028 3328 πάντων
1056 3273 1512 3329 ἀπολελοιπότων
1555 3278 1663 3328 τῶν
1709 3293 1913 3349 χρειω-

274 3356 393 3415 δῶν
422 3363 513 3415 καί
538 3362 636 3416 τῶν
668 3361 1002 3436 ἀναγκαίων,
1032 3361 1124 3417 καὶ
1154 3360 1343 3417 πολλὰ
1377 3360 1917 3437 ταλαιπωρησάντων

265 3453 384 3504 τῶν
418 3451 540 3522 μετ’
566 3449 753 3521 αὐτοῦ,
793 3447 982 3520 ἐπειδὴ
1016 3450 1207 3523 καιρὸς
1244 3453 1341 3505 τοῦ
1378 3447 1631 3522 πολέμου
1670 3450 1916 3530 ἀφίκετο,

257 3536 697 3612 περιερχόμενος
728 3539 829 3593 ἀνᾶ
855 3539 920 3593 τὸ
944 3536 1310 3612 στρατόπεδον
1346 3538 1437 3593 καὶ
1494 3535 1916 3613 διατασσόμενος

261 3624 490 3701 ἐπλήγη
552 3623 741 3701 δόρατι
825 3626 1044 3705 ἀφανῶς
1103 3626 1181 3688 εἷς
1235 3627 1304 3683 τὰ
1362 3625 1720 3704 ὑποχόνδρια,
1780 3627 1919 3685 ὣστε

263 3714 780 3787 ἀνοιμῶεαιαῦτόν.
836 3715 938 3771 Καὶ
994 3717 1062 3789 τῇ
1104 3714 1251 3790 χειρὶ
1307 3718 1404 3770 τοῦ
1456 3715 1690 3789 αἳματος
1745 3712 1917 3772 λαϐό-

270 3823 433 3875 μενος
497 3797 735 3878 ἕρῥαινεν
806 3803 883 3865 εἷς
948 3803 1040 3858 τὸν
1099 3803 1248 3878 ἀέρα,
1327 3802 1519 3878 λέγων⁹
1590 3805 1918 3876 Νενίκηκας,

261 3893 485 3965 Χριστὲο
518 3891 835 3963 κορέσθητι,
861 3893 1165 3966 Ναζωραῖε.
1222 3893 1316 3949 Καὶ
1358 3891 1529 3955 οὕτως
1571 3895 1672 3964 τὴν
1721 3897 1919 3971 μιαρὰν

262 3981 437 4034 αὐτοῦ
477 3980 666 4055 ψυχὴν
696 3978 986 4056 ἀπέῥρηξε,
1016 3977 1205 4036 πολλά
1263 3977 1624 4060 δυσφημήσας
1673 3983 1747 4044 εἰς
1792 3983 1919 4048 τοὺς

261 4070 462 4124 ἑαυτοῦ
507 4070 685 4138 θεοὺς,
743 4070 1055 4132 ἀπατεῶνας
1107 4069 1197 4125 καὶ
1248 4067 1486 4132 πλάνους
1538 4071 1628 4126 καὶ
1688 4072 1917 4146 ψεύστας

257 4156 580 4214 αποκαλῶν.
609 4158 686 4215 Οὔ
717 4160 805 4232 [Ρ.
838 4160 966 4232 308]
995 4159 1059 4213 τὸ
1090 4154 1349 4230 δύστηνον
1384 4163 1544 4233 σῶμα
1574 4160 1916 4235 ἀπεκομίσθη

254 4246 315 4302 ἐν
360 4245 966 4317 Κωνσταντινουπόλει,
1025 4246 1115 4301 καὶ
1171 4245 1326 4318 ἐτέθη
1381 4246 1435 4302 ἐν
1506 4245 1733 4324 λᾶρνακι
1790 4270 1919 4325 πορο

256 4338 405 4410 φορᾷ
455 4330 875 4409 κυλινδροειδεῖ,
933 4333 987 4388 ἐν
1046 4336 1092 4407 ᾧ
1144 4332 1445 4411 ἐπέγραψεν
1506 4338 1617 4409 (15)
1672 4336 1916 4415 ἓλεγεῖον

258 4439 412 4477 τοοε·

268 4509 470 4592 δόδνιρ
500 4509 586 4592 ἐπί
613 4511 1078 4592 ἀργυρόεντιηάπ⁹
1106 4511 1397 4592 Εὐφρήταρ
1432 4511 1608 4587 ῥοάων

268 4532 471 4637 ηυονιὲ
500 4532 582 4568 επ’
613 4532 954 4588 αργυροεντι,
986 4532 1071 4568 απ
1108 4532 1397 4599 ιελυφρηταο
1432 4534 1506 4587 ρος

266 4583 435 4672 ρεραί
476 4603 537 4644 ος
568 4582 629 4636 ἐκ
657 4584 841 4672 γαίης,
870 4582 1220 4672 ἀτελευτήτῳ
1245 4584 1349 4672 ἐπὶλ
1361 4582 1506 4672 ἔργῳ

261 4653 513 4725 Κινήσας
547 4653 825 4729 στρατιὰν,
854 4653 970 4710 τόδ’
999 4653 1298 4717 Ἰουλιανὸς
1330 4653 1676 4730 λάχε’σημα,

258 4742 608 4821 Ἀμφότερον
704 4743 960 4817 βασιλεὺς
1059 4744 1108 4798 τ’
1207 4745 1404 4821 ἀγαθὸς
1504 4745 1784 4821 κρατερός
1866 4748 1912 4800 τ’

1505 4815 1838 4891 [άῖχμὴτής-

257 4922 370 4973 Τοῦ
429 4914 490 4972 δὲ
546 4917 664 4990 μετ’
732 4917 888 4973 αὐτὸν
974 4917 1395 4993 βασιλεύσαντος
1487 4913 1756 4976 Ἰοϐιανοῦ
1812 4922 1911 4991 τὴν

253 5002 560 5081 ἁλουργίδα
624 5005 843 5062 ὄπισθεν
901 5012 1328 5075 περιπατοῦντος
1414 5008 1685 5070 ἀκουσίως
1733 5009 1913 5079 πατή-

255 5116 452 5160 σαντος
481 5093 534 5150 ἐν
564 5098 645 5168 τῷ
673 5093 922 5166 ἐπικλινῆ
965 5117 1086 5152 τινα
1134 5096 1371 5157 κατιέναι
1422 5097 1611 5166 τόπον,
1662 5096 1914 5172 ἐπιστρα·

255 5184 374 5263 φεὶς
437 5180 738 5246 Ἰουλιανὸς
795 5184 885 5241 καὶ
941 5186 1003 5242 τὸ
1086 5180 1297 5259 συμϐὰν
1353 5184 1536 5261 κρίνας
1586 5185 1746 5242 αὐτὸν
1800 5189 1916 5261 μετ’

254 5272 461 5329 ἐκεῖνον
514 5278 617 5342 τῆς
682 5272 958 5346 βασιλείας
1040 5276 1353 5349 κρατήσειν,
1414 5269 1539 5353 ἔφη’
1605 5277 1752 5346 Εἴθε,
1820 5278 1916 5331 κᾶν

255 5367 388 5438 γοῦν
422 5361 732 5436 ἃνθρωπος.
1518 5394 1525 5397 -

2032 2132 2177 2187 alias
2203 2133 2322 2189 tale
2355 2136 2534 2191 etiam
2567 2138 2871 2195 oraculum
2906 2140 2956 2194 ei
2989 2140 3286 2197 redditum
3317 2149 3479 2199 erat:

2026 2223 2150 2277 Jam
2179 2240 2325 2279 nunc
2349 2225 2423 2279 ad
2455 2227 2645 2296 Tigrin
2676 2230 2903 2296 ﬂuvium
2932 2230 3330 2300 proﬁciscimur
3359 2247 3540 2288 omnes

2030 2310 2317 2380 Caelicolae,
2350 2320 2403 2368 et
2428 2317 2549 2384 regi
2569 2316 2852 2385 praeclara
2882 2323 3093 2388 tropaea
3110 2336 3396 2388 paramus.

2032 2405 2178 2458 Mars
2206 2405 2321 2473 ipse
2350 2404 2424 2459 ad
2444 2422 2703 2475 pugnam
2729 2424 2953 2479 superos
2983 2425 3079 2479 ego
3104 2410 3245 2466 duco
3271 2412 3557 2469 Gradivus.

2028 2490 2299 2547 Intrante
2331 2509 2400 2547 eo
2431 2494 2735 2550 Persidem
2767 2496 2946 2552 situla
2974 2513 3141 2568 aquas
3172 2499 3345 2569 plena
3382 2501 3445 2555 in
3496 2500 3671 2557 domo

2030 2581 2300 2637 mulieris
2320 2583 2624 2655 cujusdam
2645 2586 2992 2642 Christianae
3016 2588 3253 2645 inventa
3282 2596 3410 2646 est:
3432 2608 3500 2646 ea
3521 2608 3677 2663 aqua

2028 2669 2222 2725 subito
2252 2671 2315 2726 in
2343 2672 2547 2728 vinum
2568 2691 2741 2730 suave
2773 2692 2840 2731 ac
2870 2676 3128 2733 ubertim
3160 2679 3355 2735 fluens
3413 2680 3666 2737 transiit.

2030 2760 2196 2823 Quod
2224 2760 2456 2816 videtur
2506 2762 2688 2819 fuisse
2745 2765 2976 2837 signum
3015 2784 3217 2822 rerum
3271 2769 3333 2824 in
3380 2770 3671 2840 Optimum

2031 2853 2248 2904 statum
2270 2852 2636 2919 mutationis,
2661 2853 2836 2924 paulo
2855 2860 3203 2925 post,morte
3227 2858 3481 2928 tyranni,
3504 2875 3672 2913 even-

2029 2942 2197 2993 turaa.
2239 2940 2293 2994 Is
2350 2957 2483 2995 cum
2542 2941 2601 2996 in
2657 2944 2866 2997 Persas
2924 2945 3360 3013 expeditionem
3409 2945 3667 3016 fecisset,

2030 3029 2467 3101 transfugarum
2499 3032 2893 3101 quorumdam
2934 3049 3113 3089 suasu
3161 3033 3441 3106 deceptus
3492 3053 3671 3093 naves

2030 3134 2165 3173 suas
2195 3118 2538 3188 combussit,
2571 3125 2747 3190 atque
2777 3120 2914 3177 inde
2946 3121 3116 3194 longo
3149 3122 3361 3179 itinere
3393 3142 3500 3196 per
3528 3126 3670 3181 soli-

2029 3206 2267 3262 tudines
2298 3212 2356 3261 et
2378 3207 2583 3279 iniqua
2630 3207 2760 3263 loca
2788 3208 2942 3265 facto
2987 3210 3264 3267 omnibus
3314 3214 3665 3269 necessariis

2027 3295 2205 3361 rebus
2235 3313 2435 3353 carere
2467 3298 2660 3369 caepit,
2712 3314 2926 3371 magna
2968 3301 3262 3356 exercitus
3299 3303 3557 3359 miseria.
3596 3304 3669 3360 Ut

2028 3391 2263 3457 tempus
2288 3403 2501 3458 pugnas
2532 3386 2799 3459 appetiit,
2833 3387 2974 3442 dum
3006 3389 3195 3444 aciem
3226 3390 3436 3446 circuit
3490 3396 3666 3463 atque

2029 3475 2291 3540 instruit,
2325 3475 2498 3532 hasta
2526 3476 2753 3533 incerto
2783 3482 3021 3533 auctore
3068 3478 3516 3550 hypochondria
3544 3481 3668 3537 vul-

2028 3568 2292 3620 neratur.
2314 3564 2399 3619 lbi
2422 3564 2710 3636 ejulatum
2731 3564 2943 3621 tollens
2967 3567 3315 3638 sanguinem
3343 3585 3514 3623 suum
3531 3586 3669 3625 cava

2027 3669 2210 3708 manu
2240 3659 2552 3724 exceptum
2585 3653 2644 3707 in
2675 3670 2873 3709 aerem
2904 3655 3140 3725 sparsit,
3175 3655 3377 3711 dicens
3403 3673 3416 3710 :
3445 3657 3666 3726 Vicisti,

2027 3742 2295 3810 Christe;
2328 3742 2565 3807 satiare,
2600 3742 2749 3797 589
2781 3743 3095 3798 Nazarene.
3130 3748 3320 3813 Atque
3349 3745 3432 3799 ita
3481 3745 3666 3800 scele-

2027 3836 2177 3887 stam
2205 3847 2375 3887 suam
2423 3832 2685 3886 animam
2735 3832 3069 3902 exspiravit,
3121 3848 3256 3887 cum
3308 3834 3470 3904 prius
3522 3833 3665 3890 deos

2026 3938 2163 3977 suos
2219 3921 2425 3976 multis
2481 3919 2813 3975 maledictis
2883 3920 3253 3992 procidisset,
3313 3921 3666 3995 impostores

2025 4027 2127 4065 eos
2158 4015 2215 4065 et
2244 4009 2558 4065 mendaces
2589 4008 2884 4063 dictitans.
2918 4008 3175 4064 Cadaver
3206 4009 3332 4080 ejus
3378 4012 3664 4069 miserum

2025 4097 2254 4170 Cpolim
2310 4097 2573 4163 allatum,
2621 4097 3205 4169 repositumqueest
3248 4099 3312 4153 in
3359 4116 3496 4156 arca
3532 4118 3665 4171 por-

2024 4187 2330 4260 phyretica
2365 4185 2615 4258 cylindri
2672 4185 2885 4253 forma,
2933 4185 3105 4256 eique
3152 4186 3502 4258 inscriptum
3549 4189 3663 4244 tale

2023 4293 2266 4334 carmen
2290 4293 2304 4331 ζ

2029 4548 2302 4602 Incassum
2333 4545 2471 4600 bello
2502 4546 2692 4602 Persas
2721 4561 3006 4615 aggressus
3034 4544 3197 4601 inani

1950 4591 1998 4656 Ι)
2029 4591 2316 4673 ἤὶῖῖιῑενὶι
2334 4591 2517 4671 νᾰὸηἶιὲ
2545 4591 3057 4685 ἆ⁷ἶόνιᾶ³¹δεῖιαιον
3085 4619 3143 4671 in
3168 4619 3336 4673 armis

2020 4688 2299 4753 Julianus,
2334 4687 2560 4743 tumidis
2579 4688 2733 4757 jacet
2770 4689 2874 4743 huc
2910 4688 3215 4759 Euphratis
3244 4690 3311 4744 ab
3340 4690 3522 4759 undis,

2023 4763 2142 4826 Qua
2169 4761 2340 4815 volvit
2371 4759 2587 4829 Cydnus
2618 4766 2927 4832 turgentem
2956 4767 3245 4829 argenteus
3274 4776 3508 4832 amnem,

2021 4834 2313 4897 Adveclus,
2347 4831 2662 4901 tumuloque
2686 4832 2782 4886 sub
2809 4831 2910 4886 hoc
2932 4838 3061 4901 post
3087 4834 3211 4900 fata
3240 4834 3487 4907 quiescit.

2021 4919 2312 4987 Julianus,
2345 4936 2481 4975 cum
2522 4919 2650 4991 ejus
2708 4918 3023 4989 aliquando
3081 4936 3406 4990 purpuram
3456 4918 3665 4973 declivi

2023 5007 2149 5064 loco
2171 5008 2534 5064 ambulantis
2564 5008 2837 5063 Jovianus
2869 5007 3214 5078 imprudens
3244 5007 3395 5079 pede
3443 5006 3668 5062 calcas-

2024 5102 2134 5167 set,
2168 5113 2507 5165 conversus,
2530 5096 2976 5167 conjiciensque
3004 5112 3142 5152 eum
3182 5095 3294 5151 sibi
3325 5096 3387 5150 in
3416 5095 3664 5166 imperio

2025 5204 2460 5255 successurum,
2492 5188 2650 5254 Esto,
2682 5186 2898 5256 inquit,
2930 5184 3251 5241 dummodo
3280 5186 3457 5240 homo
3498 5185 3594 5242 sit.

1454 5490 1815 5546 XYLANDRI
1853 5492 1940 5545 ET
1977 5490 2190 5546 GOARI
2230 5488 2449 5544 NOTAE.

323 5588 442 5660 (15)
475 5588 671 5643 Locus
702 5588 988 5655 mutilus;
1022 5588 1183 5643 Tarsi
1216 5588 1375 5642 enim
1405 5587 1914 5660 hocqepitaphium
1948 5589 2002 5644 ei
2050 5588 2270 5644 factum
2326 5592 2434 5655 est,
2467 5585 2625 5656 quod
2663 5584 2749 5642 vel
2798 5585 2983 5657 Cydni
3031 5586 3256 5642 mentio
3300 5585 3512 5643 docere
3550 5602 3678 5658 pos-

251 5658 350 5728 sit,
384 5659 438 5715 si
472 5660 725 5715 Zonaraa
755 5676 875 5715 non
906 5675 1285 5715 moveremur
1312 5658 1683 5714 auctoritate.
1711 5659 1847 5715 XYL.

543 5772 817 5836 PATBOL.
866 5777 979 5837 Gn.
1027 5774 1237 5837 CXXI.

3442 5773 3519 5832 19
