4124 6312
491 370 606 432 587

561 503 838 559 Iovianus
895 503 1208 575 imperavit
1261 519 1499 560 menses
1556 508 1611 572 9,
1671 505 1799 560 dies
1859 506 1942 557 15.
2005 499 2226 566 EratA

492 593 764 649 tribunus
793 587 1074 662 militum,
1106 591 1284 648 homo
1318 593 1834 651 mansuetissimus
1865 597 1924 648 et
1969 605 2144 646 verus

493 679 883 738 Christianus.
919 679 1006 738 Ab
1037 681 1314 738 universo
1373 684 1636 739 exercitu
1686 684 2011 755 imperator
2061 682 2152 733 est

489 769 702 841 dictus,
736 789 851 842 quo
883 771 1010 826 loco
1040 769 1304 826 Julianus
1335 772 1532 844 periit.
1570 766 1701 827 Fuit
1735 786 1981 844 procero
2013 783 2145 822 cor-

493 877 656 932 pore,
678 859 826 915 adeo
843 864 909 915 ut
934 855 1092 915 nulla
1121 861 1283 933 regia
1313 860 1490 915 vestis
1523 860 1576 914 ei
1609 857 1976 916 convenerit.
2009 857 2149 912 Post

490 950 737 1005 unicum
769 949 1115 1005 conﬂictum
1144 966 1353 1021 pacem
1380 949 1558 1004 veluti
1592 949 1877 1006 divinitus
1929 945 2147 1002 conciti

491 1037 962 1094 inclamaverunt
1014 1041 1073 1093 et
1109 1035 1358 1095 Romani
1407 1043 1466 1094 et
1521 1040 1738 1108 Persaa,
1799 1043 1858 1092 et
1905 1053 2017 1108 pax
2071 1033 2146 1090 ad

490 1129 733 1202 triginta
780 1146 970 1185 annos
1027 1131 1118 1184 est
1173 1125 1546 1184 conﬁrmata.
1606 1127 1886 1184 Iovianus
1943 1130 2147 1182 autem

492 1219 811 1290 imperium
854 1219 1170 1285 recusavit,
1229 1234 1452 1290 negans
1505 1235 1566 1273 se
1627 1218 1921 1288 imperare
1974 1230 2146 1286 posse

493 1305 781 1365 exercitui
813 1305 1072 1362 Graacam
1102 1304 1450 1378 religionem
1481 1307 1778 1379 amplexo.
1821 1307 1896 1362 At
1926 1303 2146 1360 milites

491 1417 613 1456 uno
643 1416 742 1455 ore
775 1397 1096 1454 clamorem
1129 1391 1498 1456 sustulerunt
1525 1415 1537 1454 :
1570 1395 1890 1452 Christiani
1915 1410 2141 1458 sumus,

493 1485 909 1562 augustissime
959 1483 1303 1560 imperator.
1367 1487 1518 1544 540
1576 1481 1780 1544 Edicta
1837 1501 1974 1557 ergo
2040 1500 2147 1554 per

493 1581 684 1634 totum
707 1575 1037 1634 Romanum
1057 1575 1376 1648 imperium
1397 1573 1839 1646 emisit,quibus
1861 1571 2144 1629 ecclesias

496 1664 598 1722 Dei
657 1661 886 1722 restitui
937 1661 1199 1738 juberet,
1269 1664 1750 1736 Christianosque
1809 1663 2144 1720 exsulantes

494 1761 812 1812 revocaret.
849 1749 934 1814 Ab
966 1753 1290 1812 Athanasio
1331 1753 1510 1812 etiam
1543 1771 1649 1826 per
1695 1750 1926 1809 litteras
1973 1751 2144 1824 petiit

1851 366 2164 431 GEORGII
2207 365 2551 433 CEDllENI

3789 373 3911 434 588

2327 491 2590 558 ’Ῐοϐιανός
2620 491 2938 552 ἐϐασίλευσε
2987 503 3163 572 μῆνας
3211 500 3275 570 θ’,
3330 498 3537 574 ἡμέρας
3596 502 3676 560 ιε’.
3729 503 3912 566 Οὗτος

2257 581 2560 662 χιλίαρχος
2587 581 2677 656 ἦν,
2736 584 2873 660 ἀνὴρ
2932 581 3237 662 πραότατος
3293 588 3384 643 καὶ
3441 587 3733 664 ὀρθόδοξος
3775 595 3915 670 Χριο

2258 673 2581 744 στιανὸς,’ὀς
2647 671 2750 731 ὑπὸ
2803 676 2999 738 παντὸς
3050 680 3148 734 τοῦ
3203 683 3433 753 στρατοῦ
3498 679 3758 754 βασιλεὺς
3815 683 3912 738 ἆν-

2257 763 2524 839 ηγορεύθη
2557 761 2609 818 ἐν
2661 763 2707 837 ᾧ
2759 764 2914 838 τόπῳ
2944 766 2972 822 ὁ
3005 758 3331 840 Παραϐάτης
3388 765 3640 844 ἀνῃρέθη.
3697 772 3795 826 Ἦν
3846 771 3908 828 δὲ

2253 847 2354 921 τήν
2394 850 2616 922 ἡλικίαν
2649 853 2923 928 εὐμήκης,
2951 853 3091 912 ὥστε
3141 855 3282 930 μηδὲ
3336 853 3392 912 ’έν
3442 863 3548 914 τῶν
3601 858 3907 935 βασιλικῶν

2255 941 2490 1012 ἱματίων
2551 943 2807 1018 ἁρμόζειν
2874 943 3043 1024 αὐτῷ.
3104 947 3254 1004 Μετὰ
3313 947 3438 1020 μίαν
3495 945 3554 1004 δὶ
3608 944 3902 1022 συμϐολὴν

2253 1033 2351 1083 τοῦ
2379 1027 2632 1104 πολέμου
2662 1033 2851 1108 εἰρήνη
2885 1033 2959 1098 ὡς
2988 1033 3095 1089 ἀπὸ
3127 1037 3260 1090 Θεοῦ
3287 1036 3594 1113 συμφώνως
3623 1033 3899 1109 ἆνεϐοήθη

2257 1117 2360 1174 ὑπό
2387 1140 2448 1174 τε
2476 1121 2763 1194 Ῥωμαίων
2791 1123 2880 1178 καὶ
2912 1127 3155 1200 Περσῶν,
3204 1124 3296 1180 καὶ
3343 1123 3548 1200 ὡρίσθη
3598 1121 3694 1198 ἔτη
3745 1129 3817 1186 Λ’.
3846 1133 3904 1181 Ὀ

2255 1203 2313 1262 δὲ
2342 1214 2641 1285 παρῃτεῖτο
2677 1212 2780 1280 τήν
2812 1211 3119 1286 βασιλείαν,
3153 1209 3324 1287 λέγων
3350 1213 3428 1287 μὴ
3453 1211 3705 1271 δύνασθαι
3731 1217 3900 1272 αὐτὸν

2254 1291 2442 1376 ἄρχειν
2474 1304 2704 1374 στρατοῦ
2734 1298 3138 1373 ἐλληνίσαντος.
3191 1303 3332 1378 Πρὸς
3390 1305 3448 1360 δν
3505 1304 3702 1368 πάντες
3759 1307 3905 1378 ὁμο-

2253 1386 2450 1464 φώνως
2479 1383 2736 1460 ἐϐόησαν·
2769 1392 3084 1466 Χριστιανοί
3108 1391 3290 1468 ἐσμεν,
3347 1393 3697 1470 αὐτοκράτωρ
3746 1417 3906 1472 τρισ-

2255 1476 2540 1552 αύγουστε.
2598 1481 2754 1537 *Οθεν
2809 1480 3014 1555 νόμους
3093 1480 3388 1557 ἐξέπεμψεν
3442 1483 3520 1548 εἷς
3589 1489 3762 1540 πᾶσαν
3802 1487 3906 1556 τήν

2255 1565 2356 1622 ὑπὸ
2403 1568 2689 1642 Ῥωμαίων
2747 1577 2854 1646 γῆν
2913 1570 2989 1633 εἷς
3046 1571 3393 1648 περιποίησιν
3445 1577 3554 1630 τῶν
3608 1578 3708 1630 τοῦ
3767 1579 3907 1630 Θεοῦ

2251 1655 2618 1726 Ἐκκλησιῶν,
2649 1659 2896 1720 καὶτοὺς
2944 1658 2998 1714 ἐν
3064 1659 3245 1735 ἐξορίᾳ
3299 1659 3656 1737 Χριστιανοὺς
3715 1663 3906 1720 ἑνεκα·-

2253 1741 2469 1818 λέσατο,
2528 1747 2740 1822 γράψας
2797 1747 2888 1804 καὶ
2937 1753 3016 1822 τῷ
3099 1751 3231 1825 ἱερῷ
3287 1751 3588 1824 Ἀθανασίῳ
3657 1757 3906 1823 σημᾶναι

493 1851 560 1901 ut
581 1845 630 1900 is
651 1841 965 1916 inculpata:
989 1841 1124 1900 fidei
1149 1841 1478 1900 doctrinam
1503 1849 1772 1900 accurate
1785 1841 1899 1898 sibi
1921 1841 2140 1911 scripto

2250 1830 2398 1907 αἶ)τῴ
2421 1833 2702 1914 ἐγγράφως
2720 1843 2821 1906 τῆς
2850 1838 3160 1916 ἀμωμήτου
3185 1840 3414 1902 πίστεως
3465 1841 3566 1910 τὴν
3594 1835 3903 1914 ἀκρίϐειαν·

494 1929 886 2006 consignaret.
919 1935 1043 1999 Quo
1075 1929 1230 1989 facto
1266 1931 1557 2004 majorem
1595 1931 1654 1988 in
1687 1929 1931 1985 modum
1962 1933 2054 1984 est
2081 1927 2142 1982 in

493 2019 611 2078 ﬁde
641 2017 973 2078 Christiana
1003 2021 1408 2080 conﬁrmatus.
1443 2024 1730 2077 Reversus
1756 2018 2147 2075 Antiocheam

492 2107 706 2167 multas
733 2128 899 2166 arcas
930 2111 992 2165 in
1024 2111 1184 2183 regia
1243 2110 1474 2165 invenit
1520 2109 1815 2180 capitibus
1870 2107 2147 2164 humanis

494 2201 702 2271 plenas
752 2197 1086 2272 multosque
1143 2204 1352 2270 puteos
1411 2197 1796 2254 cadaveribus
1862 2195 2142 2252 humanis

497 2289 806 2360 oppletos:
843 2289 1062 2360 quippe
1093 2285 1441 2343 innumeras
1472 2285 1741 2342 Julianus
1773 2289 2148 2357 praegnantes

499 2377 782 2432 mulieres
813 2373 1199 2446 dissecuerat,
1235 2393 1558 2446 earumque
1603 2374 1830 2429 fetuum
1877 2373 2150 2445 jecinora

503 2467 864 2538 inspexerat,
924 2463 1263 2537 multosque
1337 2464 1596 2520 infantes
1643 2463 1950 2536 jugulatos
1998 2461 2152 2518 infra

503 2555 823 2610 simulacra
853 2551 1176 2610 defoderat.
1211 2549 1364 2620 Quin
1406 2558 1464 2608 et
1492 2549 1658 2609 albos
1682 2569 1748 2607 ac
1779 2551 1942 2607 rufos
1965 2569 2150 2622 equos

503 2643 737 2715 aliaque
766 2644 926 2699 varia
954 2639 1282 2699 animantia
1322 2637 1450 2710 soli,
1485 2637 1626 2714 igni,
1658 2640 1847 2696 ventis
1899 2639 2150 2711 aliisque

503 2731 876 2788 daemonibus
933 2731 1054 2787 suis
1110 2729 1537 2787 immolaverat.
1623 2729 1828 2802 Itaque
1885 2746 2006 2784 non
2063 2733 2152 2784 est

502 2821 877 2890 incredibile,
898 2819 1058 2896 quod
1088 2822 1295 2892 fertur,
1320 2827 1542 2878 terram
1564 2823 1696 2895 ejus
1727 2822 1943 2893 sepulti
1975 2819 2150 2876 cada-

497 2931 598 2970 ver
619 2913 888 2986 ejecisse,
920 2911 1096 2984 idque
1128 2913 1502 2984 impurorum
1533 2906 1886 2968 animalium
1919 2905 2149 2966 ossibus

491 3003 844 3076 permistum
875 3002 1057 3058 fuisse
1089 3001 1425 3071 humatum,
1468 3020 1538 3058 ea
1591 3019 1650 3056 re
1700 2997 2148 3056 demonstrante

489 3091 796 3147 hominem
823 3095 880 3146 et
908 3108 943 3146 a
964 3089 1078 3145 diis
1110 3093 1168 3146 et
1193 3091 1264 3145 ab
1287 3087 1632 3146 hominibus
1658 3087 1920 3145 alienum
1943 3088 2146 3144 fuisse.

489 3181 792 3236 Caeterum
821 3177 1098 3236 Jovianus
1128 3175 1454 3234 Antiochea
1483 3177 1711 3252 Cpolim
1743 3178 2146 3250 proficiscens,

487 3357 604 3412 diei
635 3357 750 3412 iter
778 3373 1124 3429 progressus
1147 3352 1482 3412 Dadastana
1511 3356 1794 3429 oppidum
1847 3356 2134 3428 pervenit.

484 3444 572 3499 Ibi
596 3461 731 3498 cum
753 3441 1211 3498 obdormivisset
1232 3442 1292 3496 in
1315 3439 1532 3498 cellula
1553 3459 1761 3500 recens
1788 3441 2136 3512 incrustata,

488 3535 650 3592 calce
679 3552 914 3609 gravem
945 3553 1224 3607 vaporem
1257 3535 1492 3606 edente,
1526 3531 1720 3590 subito
1753 3542 1843 3591 est
1888 3534 2136 3591 suffoca-

488 3631 583 3682 tus
615 3643 683 3681 eo
714 3643 948 3699 vapore.
984 3623 1099 3680 Alii
1131 3621 1294 3697 fungi
1328 3624 1598 3680 venenati
1633 3641 1736 3680 esu
1777 3623 2136 3680 exstinctum

489 3715 675 3770 aiunt.
712 3713 866 3772 Uxor
895 3713 1024 3787 ejus
1053 3710 1166 3768 fuit
1193 3712 1452 3782 Charito,
1484 3730 1616 3785 quae
1647 3727 1782 3769 cum
1812 3701 2138 3786 imperato-

489 3821 618 3858 rem
648 3821 770 3859 non
802 3801 961 3858 vidit.

562 4071 1013 4131 Valentinianus
1043 4067 1115 4128 ab
1147 4071 1411 4129 exercitu
1441 4079 1530 4130 est
1576 4069 1899 4146 imperator
1943 4071 2135 4130 dictus

481 4163 712 4232 Nicaeae,
745 4181 876 4234 quae
906 4168 996 4218 est
1052 4163 1199 4220 541
1264 4161 1406 4217 urbs
1458 4161 1766 4234 Bithynice.
1818 4163 2136 4234 Imperavit

483 4269 670 4308 annos
703 4254 788 4306 13.
840 4249 930 4307 Ad
986 4247 1302 4322 imperium
1344 4267 1480 4305 eum
1540 4251 1748 4318 evexit,
1799 4249 1956 4323 quod
2025 4249 2132 4307 sub

477 4343 709 4398 Juliano
741 4343 802 4396 in
835 4341 1112 4396 exsilium
1142 4345 1310 4396 actus
1337 4340 1532 4396 fuerat
1563 4339 1636 4394 ob
1695 4337 2132 4398 confessionem

481 4432 624 4487 fidei
657 4432 1024 4486 Christianas.
1058 4431 1192 4485 Fuit
1221 4446 1467 4501 corpore
1494 4446 1732 4501 magno,
1769 4431 1968 4500 ruber,
1999 4431 2130 4486 rufo

480 4523 665 4584 crine,
699 4520 886 4575 oculis
926 4519 1192 4590 pulchris
1221 4523 1279 4572 et
1305 4518 1746 4588 aliquantulum
1777 4519 1986 4574 caasiis.
2024 4522 2132 4576 Ita-

2253 1923 2315 1977 οὗ
2366 1922 2662 1998 γενομένου
2755 1920 3099 2002 βεϐαιότερός
3153 1928 3229 1990 εἰς
3291 1925 3604 2004 ὀρθοδοξίαν
3662 1928 3902 2006 γέγονεν.

2252 2012 2426 2074 Οὗτος
2474 2013 2812 2090 ὑποστρέψας
2870 2013 2921 2070 ἐν
2980 2015 3291 2091 Ἀντιοχείᾳ
3351 2016 3566 2080 πολλὰς
3624 2015 3908 2082 κιϐωτοὺς

2252 2099 2304 2154 ἐν
2335 2107 2452 2164 τοῖς
2501 2100 2801 2177 βασιλείοις
2856 2104 2974 2180 εὗρε
3028 2104 3278 2182 κεφαλῶν
3339 2104 3550 2181 ἀνδρῶν
3601 2106 3910 2181 πεπληρω-

2258 2187 2440 2266 μένας,
2471 2189 2658 2248 πολλὰ
2687 2191 2746 2248 δὲ
2797 2189 2999 2272 φρέατα
3039 2199 3242 2270 νεκρῶν
3299 2197 3566 2268 σωμάτων
3620 2197 3909 2270 ἀνθρωπί-

2251 2301 2358 2338 νων
2417 2279 2634 2356 πλήρη·
2688 2281 2779 2337 καὶ
2834 2277 2936 2358 γὰρ
2996 2283 3190 2357 μυρίας
3275 2285 3370 2356 μὲν
3442 2285 3710 2360 γυναῖκας
3767 2287 3912 2342 κατᾶ

2255 2370 2486 2447 γαστρὸς
2519 2369 2752 2449 ἐχούσας
2785 2371 3067 2446 ἀνατεμὼν
3100 2373 3126 2428 ὁ
3157 2371 3452 2436 Ἰουλιανὸς
3484 2373 3538 2430 ἐν
3569 2380 3689 2436 τοῖς
3723 2376 3908 2432 αὐτῶν

2256 2455 2519 2536 ἐμϐρύοις
2547 2461 2941 2534 ἡπατοσκόπει,
2990 2463 3079 2518 καὶ
3140 2460 3328 2518 παιδία
3379 2461 3446 2534 δὴ
3496 2459 3687 2520 πολλὰ
3740 2485 3903 2523 κατα-

2256 2549 2503 2630 σφάττων
2534 2551 2636 2606 ὑπὸ
2691 2551 2759 2606 τὰ
2806 2549 3012 2608 ε’ἰδωλα
3057 2553 3410 2630 κατώρυττεν.
3462 2553 3540 2613 Οὐ
3592 2554 3763 2628 μόνον
3825 2552 3906 2621 δὲ,

2255 2639 2402 2696 ἀλλᾶ
2455 2637 2546 2694 καὶ
2607 2638 2665 2694 ἷ’·τ
2863 2639 2936 2696 λ·
3032 2641 3044 2660 ⁸
3216 2643 3230 2660 “
3402 2641 3424 2682 λ
3469 2641 3481 2659 “
3663 2643 3679 2662 “
3801 2643 3812 2663 ⁸

2635 2661 2804 2702 ιπους
2901 2662 3090 2705 εδκους
3142 2663 3233 2698 και
3289 2641 3528 2718 πυρρους
3591 2663 3681 2698 και
3746 2648 3904 2712 ζωων

2255 2727 2374 2800 ε’ἒδη
2407 2727 2699 2804 πολλᾶτῷ
2727 2752 2787 2786 τε
2824 2729 2974 2804 ἡλίῳ
3029 2730 3119 2786 καὶ
3174 2731 3306 2807 πυρὶ
3360 2731 3450 2788 καὶ
3504 2738 3623 2798 τοῖς
3668 2733 3907 2806 ,ἀνέμοις

2253 2819 2342 2874 καὶ
2397 2824 2556 2876 πᾶσιν
2613 2820 2778 2875 αὐτοῦ
2823 2825 2940 2882 τοῖς
3000 2813 3359 2896 δαιμονίοιςὸ
3390 2819 3668 2897 ἐνάγιστος
3722 2815 3900 2886 ἔθυεν.

2252 2911 2404 2967 Ὃθεν
2457 2907 2609 2966 οὐδὲν
2657 2907 2875 2966 ἄπιστον
2944 2911 3035 2966 καὶ
3098 2912 3333 2987 ταφέντα
3386 2911 3577 2968 τοῦτον
3627 2919 3721 2980 τῆς
3780 2919 3894 2990 γῆς

2253 2999 2686 3076 ἆναρρίπτίσθαι.
2756 3000 2848 3056 Διὸ
2905 3001 2996 3056 καὶ
3079 2998 3396 3076 ἀκαθάρτων
3450 3003 3596 3072 ζώων
3675 3001 3891 3066 ὀστέοις

2255 3089 2612 3164 συμμίξαντες
2663 3087 2822 3145 αὐτὸν
2880 3089 3206 3165 κατέθαψαν,
3265 3091 3364 3162 τὴν
3423 3091 3560 3166 πρὸς
3611 3091 3737 3146 θεὸν
3802 3092 3899 3146 καὶ

2202 3239 2217 3260 1
2257 3178 2576 3252 ἀνθρώπους
2601 3177 2966 3255 ἀλλοτρίωσιν
2993 3180 3160 3236 αὐτοῦ
3213 3177 3522 3242 δεικνύντος
3577 3186 3674 3236 τοῦ
3721 3182 3899 3258 πράγ-

485 3286 620 3325 cum
677 3269 973 3340 Ancyram
1024 3267 1264 3323 Galatiaa
1321 3239 1546 3324 urbem.
1590 3239 1901 3340 attigisset,
1962 3239 2143 3322 unius
2177 3239 2218 3300 (ἶ

2261 3289 2450 3342 ματος.
2483 3269 2568 3341 Ἐξ
2599 3267 2938 3347 Ἀντιοχείας
2985 3265 3044 3324 δὲ
3103 3263 3364 3330 Ἰοϐιανὸς
3421 3269 3509 3325 ἐπὶ
3566 3273 3904 3326 Κωνσταντι-

2247 3359 2510 3415 νούπολιν
2541 3359 2890 3434 ὁρμώμενος,
2923 3358 3099 3423 ἐλθὼν
3135 3357 3188 3415 ἐν
3219 3359 3462 3437 Ἀγκύρᾳ
3486 3367 3587 3431 τῆς
3631 3358 3904 3422 Γαλατίας

2249 3442 2454 3511 ὕπατος
2513 3447 2778 3522 προῆλθε.
2836 3447 3048 3512 Φθάσας
3126 3445 3184 3503 δὲ
3239 3447 3293 3504 ἐν
3348 3447 3657 3524 προαστείῳ
3726 3445 3900 3506 Δαδα·

2250 3539 2414 3591 στανᾶ
2469 3535 2742 3609 ἐκοιμήθη
2811 3535 2862 3591 ἐν
2923 3535 3152 3610 οἰκίσκῳ
3232 3537 3423 3592 νεωστὶ
3488 3539 3891 3612 κεκονιαμένῳ,

2247 3633 2346 3696 τῆς
2375 3623 2430 3681 δὲ
2458 3621 2728 3684 ἀσϐέστου
2776 3627 2942 3702 βαρὺν
2997 3627 3166 3699 ἀτμὸν
3218 3623 3577 3697 ἀναδιδούσης
3626 3622 3898 3704 αἰφνίδιον

2246 3713 2613 3786 ἐτελεύτησεν,
2643 3714 2967 3790 ἀποπνιγεὶς
3001 3717 3087 3790 [Ρ.
3129 3718 3254 3790 309]
3313 3715 3420 3770 ἀπὸ
3476 3718 3574 3785 τῆς
3627 3715 3894 3781 καύσεως.

2245 3813 2334 3868 Ὠς
2411 3801 2470 3859 δέ
2531 3824 2673 3867 τινες
2735 3805 3022 3882 γράφουσι,
3125 3806 3341 3879 μύκητα
3432 3805 3903 3881 πεφαρμαγμένον

2247 3891 2430 3970 φαγὼν
2481 3893 2757 3949 ἀπέθανεν.
2819 3892 3030 3949 Τούτου
3088 3894 3222 3968 γυνὴ
3291 3893 3528 3967 Χαριτὼ,
3587 3895 3710 3964 ἣτις
3767 3888 3905 3948 οὐδὲ

2247 3978 2476 4054 βασιλέα
2510 3980 2668 4038 αὐτὸν
2701 3981 2972 4038 ἐθεάσατο.

2315 4069 2758 4134 Οὐαλεντινιανὸς
2786 4070 3132 4147 ἀνηγορεύθη
3163 4071 3214 4126 ἐν
3247 4071 3444 4143 Νικαίᾳ
3490 4079 3590 4142 τῆς
3651 4070 3905 4136 Βιθυνίας

2243 4160 2389 4236 παρᾶ
2417 4165 2514 4216 τοῦ
2565 4166 2815 4235 στρατοῦ,
2875 4160 2934 4226 ὅς
2991 4156 3334 4218 ἐϐασίλευσεν
3386 4156 3482 4231 ἔτη
3543 4163 3630 4236 ιγ’,
3688 4158 3778 4216 διὰ
3836 4163 3908 4217 τὸ

2243 4247 2610 4324 εὐδοκιμῆσαι
2641 4251 2800 4306 αὐτὸν
2857 4250 2910 4306 ἐν
2968 4254 3036 4326 τῇ
3105 4249 3378 4326 ὁμολογία
3443 4251 3519 4314 ὡς
3579 4251 3906 4326 Χριστιανὸν

2245 4337 2334 4397 ἐπὶ
2369 4338 2672 4397 Ἰουλιανοῦ
2709 4339 2800 4399 καὶ
2857 4339 3222 4415 ἐξορισθῆναι.
3281 4342 3382 4401 Ἢν
3443 4337 3503 4396 Si
3545 4344 3628 4413 τῷ
3684 4340 3906 4412 σώματι

2243 4429 2564 4504 εὐμεγέθης,
2597 4430 2696 4499 τήν
2751 4429 2948 4508 χροιὰν
3009 4427 3253 4504 ἐρυθρὸς,
3308 4430 3407 4498 τήν
3456 4430 3630 4504 τρίχα
3679 4435 3777 4498 τῆς
3802 4447 3904 4483 κε-

2242 4518 2422 4599 φαλῆς
2479 4518 2760 4588 ἐπίξάνθον
2816 4515 2985 4593 ἔχων,
3040 4518 3166 4580 τοὺς
3241 4517 3564 4594 ὀφθαλμοὺς
3625 4515 3886 4593 ὡραίους,

483 4625 598 4678 que
623 4607 791 4662 multi
823 4605 1104 4662 dicebant
1133 4623 1267 4662 cum
1294 4604 1492 4664 Davidi
1525 4604 1782 4662 similem
1805 4625 1934 4664 esse
1957 4625 1970 4663 :
1996 4627 2135 4666 nam

2250 4609 2442 4684 μικρὸν
2475 4604 2985 4683 ἐπιγλαυκίζοντας,
3017 4609 3094 4672 ὡς
3124 4606 3300 4684 λέγειν
3334 4605 3711 4680 πολλοὺςμο)
3743 4623 3889 4678 παρ-

483 4702 540 4752 et
570 4697 726 4750 hunc
757 4696 1064 4767 Scriptura
1093 4695 1178 4749 ait
1209 4695 1407 4750 rufum
1439 4694 1620 4750 fuisse
1652 4701 1724 4768 _et
1771 4696 1960 4752 oculis
1998 4697 2135 4768 pul—

483 4788 644 4843 chris
663 4763 999 4860 praeditum.
1021 4785 1362 4840 Austeritati
1383 4785 1516 4856 ejus
1540 4763 1776 4840 Iaudem
1795 4763 2135 4845 conciliavit

471 4876 708 4950 juslitia
738 4879 914 4948 atque
960 4871 1416 4930 admirationem
1452 4892 1472 4927 .·
1525 4887 1646 4928 non
1697 4875 1858 4929 enim
1906 4879 2129 4934 temere

478 4967 887 5023 austeritatem
919 4961 1254 5028 adhibebat,
1291 4961 1392 5019 sed
1423 4961 1675 5035 primam
1708 4977 1946 5036 semper
1957 4966 2130 5038 justi-

477 5055 572 5116 tiae
605 5055 897 5112 rationem
930 5047 1204 5118 ducebat,
1237 5052 1310 5106 ab
1368 5063 1555 5123 eaque
1613 5064 1674 5106 se
1727 5049 1952 5108 nullam
1997 5069 2124 5110 rem

473 5143 770 5202 dimovere
804 5143 1156 5216 patiebatur.
1193 5140 1332 5208 Quae
1366 5137 1550 5197 semel
1581 5139 1956 5210 decrevisset,
2003 5159 2125 5200 non

2243 4699 2434 4771 όμοιον
2469 4698 2710 4770 εἶναιτῷ
2749 4691 2938 4766 Δαϐἳδ,
2995 4698 3174 4760 καθώς
3229 4717 3389 4775 φησιν
3440 4699 3476 4766 ἡ
3527 4696 3701 4772 Prae-4‘,
3753 4693 3884 4767 περὶ

2241 4784 2467 4842 ἐκείνου·
2531 4784 2634 4842 Καὶ
2692 4785 2852 4849 ἀύτὸς
2903 4786 2971 4854 ἦν
3055 4785 3341 4862 πυρῥάκης
3426 4787 3562 4860 μετά
3641 4779 3887 4844 κάλλους

2240 4875 2563 4954 ὀφθαλμῶν.
2600 4877 2670 4929 0-3
2701 4875 2789 4930 καὶ
2829 4876 2891 4930 τὸ
2938 4874 3206 4951 αὐστηρὸν
3269 4874 3360 4930 διὰ
3407 4874 3467 4930 τι)
3523 4873 3726 4930 δίκαιον
3783 4871 3886 4926 ἐπ-

2237 4973 2421 5044 ῃνεῖτο
2452 4966 2542 5020 καὶ
2577 4963 2932 5038 ἐθαυμάζετο·
2965 4965 3033 5020 οὗ
3073 4965 3174 5039 γὰρ
3208 4965 3331 5020 ἃνευ
3361 4962 3536 5040 λόγου
3574 4963 3638 5019 τὸ
3687 4961 3895 5032 αὐστη-

2238 5057 2330 5132 ρὸν
2358 5051 2636 5125 ἐκέκτητο,
2669 5052 2799 5109 ἀλλ’
2836 5054 2919 5109 ἀεὶ
2966 5057 3045 5127 τῷ
3095 5051 3292 5127 δικαίῳ
3339 5052 3404 5108 τὰ
3459 5057 3651 5128 πρῶτα
3699 5051 3892 5120 παρεῖ-

2235 5165 2341 5215 νεν,
2401 5141 2490 5199 ὑπ’
2559 5139 2779 5205 οὐδενὸς
2837 5140 2898 5198 ἐκ
2951 5142 3148 5198 τούτου
3213 5141 3697 5220 περιτρεπόμενος,
3763 5135 3893 5194 οὐδὲ

1681 5267 2039 5326 XYLANDRI
2081 5275 2170 5330 ET
2207 5274 2426 5330 GOARI
2465 5273 2690 5328 NOTAE.

535 5396 647 5467 (16)
677 5397 742 5449 ln
768 5395 1040 5467 margine
1067 5393 1374 5467 :‘Tozourdv
1416 5413 1493 5458 σε,
1533 5391 1925 5467 τρισαύγουστε
1976 5395 2116 5467 Ἰσχά-

460 5459 565 5541 ius,
607 5459 778 5541 6'_mil’
807 5459 953 5538 ἡμᾶς
989 5463 1190 5541 χρόνος
1223 5464 1502 5541 ἐγνώρισε,
1547 5459 1645 5541 καγ
1699 5459 1788 5541 ἐπὶ
1840 5469 1970 5541 τοῖς
1995 5466 2116 5541 μᾶλ-

464 5532 586 5611 λοις
636 5532 863 5611 ᾀγαθοῖς
919 5532 1328 5611 προτερήμασιν
1370 5532 1534 5611 ’.ἔχεις
1588 5533 1650 5588 τὸ
1699 5532 2114 5611 ἀπαρᾴμιλλον,

463 5607 756 5688 ἔτοςιιῇιίις
781 5607 1070 5688 nimirum
1094 5607 1188 5688 de
1211 5607 1429 5688 [sancio
1444 5607 1753 5688 Comneno
1784 5607 1885 5688 qui
1916 5625 2118 5688 mqua-

457 5679 530 5734 lis
561 5677 674 5733 fuit
705 5678 938 5732 Henrici
972 5679 1192 5748 quarti,
1229 5679 1402 5732 annis
1429 5677 1646 5732 abhinc
1677 5677 1914 5732 circiter
1940 5677 2118 5750 quin-

2227 5399 2440 5472 gentis.
2475 5397 2647 5472 Quod
2669 5397 2966 5472 adnotavi,
2999 5404 3065 5472 ut
3093 5415 3229 5454 cum
3261 5399 3409 5472 satis
3433 5401 3665 5472 constet
3709 5393 3890 5472 verba

2228 5468 2355 5528 ἕλωρ
2383 5488 2504 5526 non
2538 5469 2726 5542 ipsius
2750 5487 2885 5542 esse
2919 5471 3194 5538 Cedreni,
3226 5468 3892 5542 sedlibrarii,appareat

2227 5542 2494 5598 codicem
2529 5538 2855 5613 exemplari
2890 5541 3018 5613 ipso
3051 5560 3171 5598 non
3233 5541 3436 5598 multis
3483 5539 3658 5595 annis
3701 5538 3888 5594 fuisse

2227 5615 2646 5670 recentiorem.
2680 5615 2816 5668 XvL.
