4124 6312
413 375 522 434 591

413 504 989 564 Cimmerium'armatt
1017 506 1397 570 transmittent
1415 503 1676 574 protinus
1700 506 1902 559 Istrum

418 582 829 646 Vastabuntque
859 593 1020 646 agros
1045 576 1324 646 Scythicos
1353 583 1404 630 et
1436 577 1653 647 Mysida
1683 583 1904 630 terram.

411 656 542 706 Post
566 651 662 704 ubi
696 651 954 704 Treticios
982 664 1102 718 spes
1132 647 1356 702 turbida
1387 655 1614 716 tangere
1639 651 1772 716 ﬁnes

407 723 658 786 Jusserit,
686 722 856 774 exitio
883 736 1014 774 mox
1043 725 1430 774 consumentur
1458 721 1652 774 atroci.

409 825 624 882 Omnia
651 841 722 881 ea
740 823 989 896 impleta
1009 828 1163 878 sunt.
1191 824 1336 878 Nam
1355 823 1506 878 victo
1529 823 1816 894 Procopio
1839 820 2056 876 Valens

408 931 680 971 reversus
709 913 1024 985 magniﬁco
1065 911 1274 968 urbem
1323 911 1676 982 aquaductu
1733 909 2056 979 exornavit,

411 1021 589 1076 quem
613 1003 918 1059 Valentem
940 1000 1442 1073 appellavit,unde
1465 1016 1680 1072 magna
1699 1016 1868 1070 aqua
1890 997 2060 1069 copia

411 1093 543 1148 urbi
575 1091 704 1147 fuit.
739 1093 819 1146 Ac
851 1097 989 1146 tunc
1019 1090 1336 1160 prafectus
1393 1089 1559 1144 urbis
1601 1089 1880 1162 gaudium
1931 1088 2059 1159 ejus

411 1181 686 1236 beneficii
708 1195 887 1236 causa
908 1177 1183 1233 obortum
1205 1184 1272 1232 ut
1288 1177 1646 1233 ostenderet.
1671 1176 2058 1248 Nymphaum

414 1269 680 1326 condidit
737 1269 800 1323 in
857 1269 1044 1322 Tauro
1107 1265 1517 1338 magnitudine
1575 1265 1740 1320 urbis
1793 1263 2058 1336 dignum,

422 1359 701 1429 diemque
730 1357 948 1412 festum
981 1357 1116 1429 egit,
1150 1373 1218 1411 ac
1246 1355 1532 1428 populum
1571 1354 1836 1410 convivio
1889 1370 2064 1408 exce-

414 1449 520 1520 pit.
569 1449 770 1518 Neque
824 1445 1012 1502 multo
1067 1451 1202 1517 post
1247 1443 1572 1500 barbarica
1620 1449 1846 1516 gentes,
1887 1448 1954 1497 ut
1999 1443 2061 1497 in

416 1536 657 1592 oraculo
681 1541 825 1600 erat,
849 1535 911 1590 in
933 1533 1241 1590 Thraciam
1257 1534 1458 1589 effusa
1476 1533 1676 1603 ibique
1697 1537 2061 1603 consumpta

417 1631 573 1682 sunt.
630 1627 885 1680 Rursum
943 1623 1157 1679 Valens
1213 1622 1352 1678 inde
1429 1621 1751 1676 Ecclesiam
1797 1620 2056 1676 infestat.

416 1717 607 1771 Terra
638 1719 835 1769 motus
869 1718 1004 1768 tunc
1035 1729 1141 1783 per
1167 1716 1362 1766 totum
1388 1710 1619 1782 {orbem
1673 1710 1882 1783 ingens
1928 1709 2060 1778 fuit,

1731 365 2046 429 GEORGII
2093 367 2444 428 CEDRENI

3699 365 3823 424 592

2083 506 2135 572 Α
2163 500 2380 574 Ἴστρου
2407 500 2735 574 Κιμμερίοιο
2770 493 2932 574 πόρον
2963 495 3222 574 διαϐᾴντα
3246 497 3338 574 ab);
3369 495 3552 572 αἰχμῇ

2167 567 2570 676 ἕαῖΣκυθιέιῇν
2597 567 2784 676 ’ὀλέσει
3035 569 3122 625 καὶ
3156 567 3368 628 Μυσίδα
3391 567 3570 676 γαῖαν.

2161 643 2429 716 Θρηϊκίης
2462 637 2928 716 δῖ’έπιϐἀνταῖδν
2961 640 3144 716 έλπισι
3182 637 3574 716 μαινομένῃσιν

2161 663 2429 716 υρηικιης
2462 663 2504 696 ο·
2541 663 2802 698 επιυαντα
2837 663 2928 697 συν
2961 663 3144 697 εΛπισι
3182 663 3342 716 μαινο
3394 663 3524 715 ενῃσ

2159 715 2336 769 Αὐτοῦ
2365 735 2453 768 κεν
2489 713 2698 790 βιότοιο
2729 715 2891 776 τέλος
2919 715 3008 769 καὶ
3039 715 3252 788 πότμον
3281 663 3524 769 ἐπίσποι.

2161 819 2266 875 Καὶ
2298 817 2365 889 δὴ
2398 822 2549 896 εἶχεν
2581 821 2795 876 ἅπαντα
2824 819 3020 883 οὕτως.
3069 821 3161 883 Ὠς
3211 818 3269 875 δὲ
3321 819 3456 894 μετὰ
3500 819 3601 887 τὴν
3654 818 3811 888 νίκην

2163 909 2474 983 Προκοπίου
2500 908 2806 978 έπανῆλθεν
2839 909 3086 982 Οὐάλης,
3137 907 3512 986 φιλοτιμεῖται
3555 909 3656 976 τὴν
3705 909 3812 962 πό·
3851 909 3860 922 ’

2161 997 2248 1053 λιν
2283 995 2490 1054 ὑδάτων
2523 997 2749 1069 πλήθει,
2788 998 3326 1073 κατασκευασάμενος
3373 997 3537 1053 ὁλκὸν
3571 995 3631 1052 ὅν
3665 997 3811 1055 06i-

2163 1083 2322 1140 λεντα
2359 1085 2631 1160 ὠνόμασε.
2673 1087 2777 1144 Καὶ
2809 1089 2836 1142 6
2864 1087 2988 1143 τότε
3020 1093 3122 1158 τῆς
3149 1086 3366 1149 πόλεως
3411 1081 3658 1162 ἔπαρχος
3709 1087 3813 1154 τήν

2164 1173 2224 1230 ἐκ
2255 1179 2348 1230 τοῦ
2379 1175 2668 1252 γεγονότος
2716 1180 2784 1250 τῇ
2845 1177 3007 1232 πόλει
3068 1177 3244 1252 χαρὰν
3293 1173 3616 1244 ἐπιδεικνὺς,
3675 1185 3840 1247 νυμ-“

2165 1269 2320 1341 φαῖον
2361 1267 2896 1338 κατασκευασάμενος
2948 1265 3000 1320 έν
3031 1270 3111 1338 τῷ
3152 1264 3352 1341 Ταύρῳ
3412 1269 3525 1340 (18)
3581 1269 3663 1338 τῷ
3718 1285 3819 1338 με·

2163 1354 2308 1428 γέθει
2337 1361 2438 1424 τῆς
2463 1354 2681 1418 πόλεως
2710 1353 2880 1425 ἄξιον,
2940 1355 3260 1431 ἱερομηνίαν
3317 1354 3626 1410 ἐπετέλεσεν
3677 1357 3814 1428 (19),

2167 1443 2460 1522 εὐωχήσας
2489 1445 2696 1500 ἅπαντα
2725 1444 2815 1499 τὸν
2850 1442 3004 1500 λαὸν.
3058 1444 3162 1502 Καὶ
3212 1443 3429 1506 τούτοις
3480 1444 3544 1499 οὐ
3607 1443 3818 1518 μακρὰν

2163 1531 2231 1586 τὰ
2263 1530 2322 1587 ἐκ
2375 1538 2484 1588 τῶν
2543 1529 2834 1608 Βαρϐάρων
2891 1532 3264 1604 ἠκολούθησεν
3322 1527 3470 1604 ἔθνη,
3521 1533 3699 1596 καθὼς
3753 1533 3820 1586 τὸ

2165 1621 2400 1694 γράμμα
2429 1620 2946 1700 ἐχρησμολόγησεν,
2996 1621 3363 1697 ἐπιχυθέντων
3413 1623 3506 1696 μὶν
3563 1625 3632 1694 τῇ
3685 1627 3825 1696 ei"?

2166 1713 2298 1777 κῶν,
2330 1711 2464 1782 μετὰ
2494 1707 2552 1764 δὲ
2607 1714 2776 1766 ταῦτα
2827 1709 3246 1782 δαπανηθέντων
3296 1709 3421 1786 περί
3470 1711 3659 1782 αὐτήν.
3715 1710 3822 1764 Καὶ

418 1803 565 1859 adeo
595 1807 662 1857 ut
685 1801 758 1857 ad
777 1802 941 1857 littus
961 1799 1332 1856 Alexandria
1365 1799 1668 1855 subducta
1690 1815 1866 1854 naves
1885 1815 2060 1870 supra

2181 1797 2334 1854 πάλιν
2365 1799 2502 1855 κατὰ
2539 1799 2646 1854 τῶν
2704 1799 3044 1871 Ἐκκλησιῶν
3103 1799 3327 1871 Οὐάλης
3384 1805 3630 1858 κινεῖται.
3695 1805 3820 1854 Σει-

417 1907 698 1964 magnum
730 1906 965 1945 murum
995 1889 1219 1944 fuerint
1239 1887 1508 1944 elata.Et
1535 1894 1730 1944 nauta
1755 1889 1910 1945 544
1932 1903 2060 1942 nar-

2181 1887 2308 1960 τμὸς
2339 1885 2396 1942 δὲ
2423 1887 2605 1964 γέγονε
2635 1890 2754 1952 καθ’
2785 1870 2925 1960 ὅλης
2951 1895 3051 1959 τῆς
3086 1895 3188 1964 γῆς
3249 1870 3440 1964 μέγας,
3499 1889 3572 1952 ὡς
3621 1888 3712 1944 καὶ
3765 1888 3821 1942 ἐν

417 1983 715 2045 raverunt,
747 1994 883 2033 cum
917 1978 1178 2034 medium
1228 1977 1592 2033 Adriaticum
1623 1994 1787 2033 mare
1826 1977 2061 2048 naviga-

419 2074 572 2134 rent,
606 2085 784 2125 naves
811 2068 1080 2140 ipsorum
1110 2067 1186 2122 ad
1211 2066 1464 2122 fundum
1489 2067 1792 2122 desedisse
1810 2081 2064 2137 moxque

421 2175 654 2215 reversa
683 2175 838 2230 aqua
866 2157 1301 2230 navigationem
1333 2155 1680 2212 confecisse.

2175 1973 2551 2050 Ἀλεξανδρείᾳ
2632 1975 2802 2032 πλοῖα
2893 1975 3360 2052 προσωρμισμένα
3439 1981 3518 2049 τῷ
3576 1974 3824 2052 αἰγιαλῷ

2174 2063 2353 2120 ἐπάνω
2381 2065 2622 2139 γενέσθαι
2678 2071 2786 2121 τῶν
2849 2064 3104 2142 μεγάλων
3161 2071 3385 2141 τειχῶν.
3441 2067 3706 2123 Ναυτικοὶ
3766 2063 3828 2120 δέ

2173 2174 2312 2216 τινες
2342 2153 2677 2228 ἐξηγήσαντο
2734 2155 2808 2215 ὡς
2860 2156 2977 2209 κατ’
3034 2153 3239 2226 ἐκείνην
3297 2157 3397 2224 τὴν
3455 2153 3598 2230 ὢραν
3658 2152 3826 2228 μέσον

419 2251 520 2302 τοῦ
553 2243 745 2320 Ἀδρία
775 2241 1047 2320 πελάγους
1081 2241 1358 2299 πλεόντων
1391 2243 1468 2304 εἷς
1497 2239 1766 2321 τοῦδαφος
1795 2241 2010 2296 καθίσαι
2060 2239 2128 2296 τὰ
2173 2241 2366 2312 πλοῖα,
2417 2243 2507 2298 καὶ
2558 2243 2692 2316 μετὰ
2743 2242 2922 2318 βραχὺ
2964 2241 3130 2300 πάλιν
3181 2242 3353 2298 ἐλθεῖν
3402 2245 3464 2298 τὸ
3516 2241 3687 2314 ὕδωρ,
3733 2243 3834 2299 καὶ

415 2333 560 2392 οὕτω
589 2333 845 2390 πλεῦσαι.

484 2427 702 2490 Quarto
724 2439 878 2479 anno
901 2423 1315 2494 aquaductum
1363 2421 1672 2490 exstruxit,
1725 2420 1820 2476 cui
1853 2419 2064 2476 Valen-

415 2515 646 2569 tiniano
676 2529 897 2568 nomen
929 2517 1036 2567 est.
1062 2511 1546 2567 Valentinianum
1569 2510 2062 2578 accessitmulier,

419 2602 700 2659 Berenice
731 2601 994 2670 nomine,
1027 2617 1400 2672 conquerens
1429 2617 1568 2656 suas
1604 2599 1914 2656 facultates
1949 2599 2061 2654 sibi

418 2709 548 2749 esse
581 2708 614 2748 a
651 2690 894 2747 Rodano
923 2691 1242 2762 praposito
1264 2695 1515 2761 ereptas.
1541 2691 1869 2761 Imperator
1888 2705 2068 2744 causa

421 2780 659 2853 cognita
689 2779 991 2835 mandavit
1006 2785 1072 2835 ut
1093 2778 1330 2834 mulieri
1365 2795 1471 2834 sua
1491 2777 1900 2834 redderentur.
1921 2779 2066 2834 Cum

419 2875 616 2926 autem
648 2869 1004 2942 prapositus
1053 2885 1174 2924 non
1230 2867 1453 2924 faceret
1494 2869 1805 2940 imperata,
1861 2883 2068 2922 rursus

422 2959 906 3015 Valentinianum
931 2958 994 3012 in
1024 2957 1189 3013 Circo
1221 2957 1440 3013 mulier
1468 2956 1842 3028 compellavit
1879 2973 1946 3012 ac
1995 2956 2067 3013 de

424 3047 800 3104 contumacia
827 3047 1128 3119 praepositi
1159 3047 1382 3102 retulit.
1415 3049 1565 3102 Eum
1586 3045 1909 3118 imperator
1926 3063 2068 3118 rogo

424 3139 486 3194 in
541 3138 726 3194 funda
783 3142 1101 3206 exstructo,
1160 3143 1228 3192 ut
1275 3142 1402 3192 erat
1477 3137 1745 3206 vestitus,
1798 3135 2068 3192 comburi

420 3227 623 3298 jussit,
656 3226 1012 3298 mulierique
1043 3225 1172 3298 ejus
1201 3225 1357 3282 bona
1387 3225 1588 3282 omnia
1615 3224 1994 3298 adjudicavit.

495 3495 708 3560 Quinto
739 3507 896 3548 anno
947 3491 1162 3548 Valens
1217 3508 1352 3547 cum
1410 3491 1674 3548 Eudoxio
1733 3494 2070 3548 Gracorum

2241 2425 2329 2493 Τῷ
2361 2417 2430 2475 δι’
2455 2415 2565 2478 ἔτει
2595 2423 2686 2478 τὸν
2741 2421 2960 2500 ἀγωγὸν
3005 2426 3103 2478 τοῦ
3161 2420 3356 2480 ὕδατος
3423 2420 3712 2496 οἷ’γοδομεῖ
3768 2423 3834 2478 δν

2173 2507 2628 2567 Οὐαλεντινιανὸν
2675 2511 2948 2585 ὠνόμασε·
3008 2512 3198 2586 Τούτῳ
3253 2515 3332 2584 τῷ
3389 2510 3835 2585 Οὐαλεντινιανῷ

2172 2599 2304 2672 γυνὴ
2363 2599 2667 2674 προσῆλθε,
2724 2597 2981 2672 Βερενίκη
3068 2595 3364 2675 λεγομένη,
3424 2595 3662 2676 λέγουσα
3723 2599 3832 2654 ὑπό

2172 2683 2427 2742 Ῥοδανοῦ
2466 2686 2826 2759 πραιποσίτου
2890 2684 3254 2763 διαρπαγῆναι
3304 2689 3404 2758 τήν
3467 2687 3670 2743 οὐσίαν⁶
3729 2687 3829 2751 οὕς

2175 2776 2360 2850 κρίνας
2420 2779 2448 2831 6
2499 2775 2756 2852 βασιλεὺς
2795 2773 3133 2846 ἀποδοθῆναι
3179 2775 3316 2850 αὐτῇ
3367 2777 3435 2832 τὰ
3479 2774 3598 2832 ἳδια
3651 2798 3826 2852 προσο

2177 2865 2344 2936 έταξε.
2375 2867 2485 2922 Τοῦ
2516 2862 2572 2920 δὲ
2611 2866 2974 2940 πραιποσίτου
3009 2866 3086 2938 μή
3135 2866 3464 2941 πειθομένου
3513 2866 3818 2942 προσῆλθεν

2175 2956 2211 3024 ἠ
2243 2955 2410 3029 γυνήν
2441 2959 2522 3026 τῷ
2554 2953 2771 3030 βασιλεῖ
2809 2953 2896 3010 ἐπὶ
2949 2951 3349 3030 ῖπποδρομίου,
3399 2957 3491 3010 καὶ
3536 2957 3628 3024 τήν
3665 2953 3816 3010 ἀπεί-

2178 3054 2322 3108 θειαν
2373 3041 2549 3112 ἐξεῖπε
2602 3046 2681 3114 τῷ
2739 3040 2974 3118 βασιλεῖ.
3035 3041 3256 3099 Κελεύει
3326 3043 3420 3098 οὗν
3476 3044 3504 3098 6
3561 3041 3820 3118 βασιλεὺς

2176 3132 2348 3208 πυρὰν
2372 3131 2425 3187 ἐν
2449 3135 2518 3206 τῇ
2571 3128 2834 3207 σφενδόνῃ
2888 3131 3191 3210 ἀναφθῆναι
3238 3133 3330 3188 καὶ
3380 3133 3473 3189 τὸν
3528 3134 3830 3208 πραιπὸσι-

2175 3243 2270 3278 τον
2300 3224 2412 3298 (20)
2446 3223 2532 3296 [Ρ.
2575 3223 2702 3294 311]
2743 3221 2928 3284 αὐτοῖς
2986 3219 3217 3301 ἀμφίοις
3259 3224 3369 3296 (21)
3426 3220 3480 3278 ἐν
3536 3223 3676 3294 αὐτῇ
3732 3242 3834 3279 κα-

2093 3284 2136 3352 C
2173 3313 2458 3382 τακαῆναι,
2516 3314 2587 3385 τῇ
2657 3307 2716 3366 δὶ
2773 3311 2990 3387 γυναικὶ
3047 3311 3148 3380 τήν
3207 3310 3392 3366 οὐσίαν
3438 3310 3604 3368 αὐτοῦ
3661 3315 3840 3368 πᾶσαν

2177 3399 2536 3470 ἀποδοθῆναι.

2247 3493 2342 3565 Τῷ
2371 3497 2408 3546 ε¹
2435 3487 2542 3546 ἔτει
2573 3487 3026 3548 Οὐαλεντινιανοῦ
3057 3488 3280 3566 χείρονα
3310 3487 3558 3564 διωγμὸν
3601 3489 3836 3562 Οὐάλης

426 3600 606 3641 causa
633 3581 1002 3638 Christianos
1059 3581 1330 3636 acerbius
1378 3598 1558 3652 quam
1605 3587 1740 3638 ante
1789 3599 2060 3654 persecu-

2182 3580 2316 3655 μετὰ
2347 3576 2607 3650 Εὐδοξίου
2657 3581 2754 3634 τοῦ
2807 3573 3034 3641 ἀσεϐοῦς
3093 3579 3224 3656 ὑπὲρ
3281 3583 3389 3635 τῶν
3447 3578 3831 3652 Ἑλληνιστῶν

427 3679 525 3730 tus
556 3677 663 3729 est.

499 3765 671 3820 Sexto
697 3779 854 3819 anno
875 3761 1192 3817 Christiani
1213 3759 1289 3818 ad
1317 3761 1625 3818 Valentem
1649 3762 1874 3836 legatos
1897 3761 2070 3818 mise-

427 3857 586 3919 runt,
645 3852 800 3908 viros
857 3850 1179 3924 pontificia
1243 3850 1548 3923 dignitatis
1604 3854 1691 3905 25.
1753 3853 1908 3916 Quos
1965 3851 2068 3907 ille

427 3958 635 3998 omnes
662 3957 786 3996 una
813 3957 950 3996 cum
979 3939 1116 3996 navi
1125 3940 1309 4011 jussit
1328 3940 1600 4008 cremari,
1627 3957 1759 4011 qua
1781 3958 1969 4014 usque
1995 3941 2070 3997 ad

426 4031 712 4101 Dacibyza
741 4029 1100 4102 perduravit.

2177 3671 2314 3746 πρὸς
2342 3669 2469 3730 τοὺς
2497 3665 2825 3744 ἀρθοδόξους
2859 3665 3106 3739 ἐποίησε.

2249 3757 2354 3815 Καὶ
2382 3761 2462 3829 τῷ
2490 3757 2534 3822 ς’
2563 3755 2669 3811 ἔτει
2723 3750 3010 3832 πρεσϐείαν
3051 3755 3374 3812 ἀπέστειλαν
3426 3759 3478 3813 οἱ
3532 3755 3826 3834 ὁρθόδοξοι

2178 3847 2315 3922 πρὸς
2347 3842 2908 3920 Οὐάλλεντα,ἃνδρκς
2966 3845 3274 3922 ἱερατικοὺς
3333 3851 3406 3903 π“⁶
3469 3842 3564 3910 οὕς
3620 3849 3833 3912 πάντας

2179 3935 2270 3992 σὺν
2301 3940 2380 4008 τῷ
2410 3933 2590 4007 πλοίῳ
2620 3935 2927 4012 ὑφαφθῆναι
2957 3933 3180 4006 Οὐάλης
3234 3934 3502 4007 ἐκέλευσε,
3552 3938 3642 3992 καὶ
3695 3938 3831 3993 πάν-

2175 4045 2263 4088 τες
2296 4025 2388 4080 σὺν
2420 4027 2488 4098 τῇ
2519 4023 2612 4094 νηΐ
2639 4021 3110 4099 κατεφλέχθησαν,
3144 4025 3312 4105 μέχρι
3365 4021 3680 4096 Δακιϐὐζων
3717 4029 3835 4103 (22)

2179 4119 2276 4170 σοῦ
2304 4111 2504 4170 πλοίου
2535 4109 2938 4188 διαρκέσαντος.

1627 4219 1991 4276 XYLANDRI
2019 4219 2106 4274 ET
2137 4216 2354 4273 (ἰοΑΒί
2387 4215 2604 4270 NOTAE.

493 4317 604 4389 (18)
635 4319 780 4373 Cum
807 4317 900 4373 his
923 4320 1136 4389 prater
1176 4315 1455 4389 historias
1485 4316 1814 4389 Marcellini
1841 4323 1902 4372 et
1929 4317 2070 4372 alio-

421 4405 554 4444 rum
585 4386 895 4460 gentilium
924 4386 1287 4460 conferenda
1335 4392 1472 4441 sunt

2178 4320 2238 4370 et
2265 4312 2542 4385 operibus
2563 4313 2998 4385 perennitatem
3025 4313 3438 4385 superstitiose
3451 4318 3828 4384 precaturus,

1520 4404 1652 4465 qua
1687 4388 1740 4465 _l.
1791 4405 1844 4442 Vl
1889 4389 2070 4444 habet
2107 4437 2146 4465 η
2180 4383 2376 4465 amplo
2409 4384 2470 4438 in
2495 4384 2780 4465 populum
2812 4383 3127 4465 distributo
3143 4383 3469 4465 congiario,
3495 4385 3660 4465 urbis
3683 4402 3828 4465 pra-

418 4437 817 4516 Ecclesoiastica
857 4460 1099 4531 historia
1130 4459 1505 4531 Sozomengus.
1527 4437 2072 4531 agundam};
2102 4437 2148 4500 Β
2178 4437 2368 4531 ξιξξῖἁέ
2397 4437 3826 4531 pgnfegitf’hi’sin’ig’irahi'ﬁbjﬁ’éééihigaiéén‘iéﬁ-

420 4531 642 4602 ditores
701 4528 1340 4602 ProcopiiHAgelondet
1387 4529 1718 4602 (Suomarius,
1751 4549 1794 4602 ῳ
1827 4528 2064 4602 magno.

419 4601 717 4672 leguntur,
752 4617 824 4663 vx,
856 4601 909 4653 8.
945 4599 1518 4672 VideetNicepbori
1551 4601 1664 4656 l.x[
1687 4607 1745 4655 et
1767 4599 2066 4657 Socratem

417 4672 455 4725 Ι.
488 4670 562 4724 iv.
597 4671 913 4726 Oraculum
945 4670 1014 4725 de
1055 4670 1422 4725 Chalcedone
1467 4687 1538 4725 ex
1591 4673 1814 4726 Zonara
1861 4690 2064 4728 cmen-

419 4741 582 4807 davi;
611 4741 768 4812 quod
811 4742 990 4812 etiarn
1037 4741 1194 4811 apud
1243 4741 1544 4796 Socratem
1588 4748 1797 4810 exstat,
1849 4761 1920 4809 1v,
1973 4749 2060 4799 20.

414 4811 802 4884 Nymphaum
835 4811 977 4884 quid
1010 4812 1105 4879 sit,
1138 4812 1399 4882 disputat
1427 4813 1824 4884 Cuspinianus
1868 4817 1929 4870 in
1960 4818 2062 4870 Va-

414 4883 596 4958 lente,
629 4884 890 4955 citatque
923 4883 1389 4958 locu_m__Zonara
1421 4883 1522 4954 qui
1563 4883 1721 4938 idem
1770 4891 1861 4958 est
1907 4888 2064 4958 apud

413 4956 765 5022 Cedrenum,
793 4953 856 5011 et
885 4971 1018 5010 meo
1041 4953 1268 5026 judicio
1299 4953 1597 5026 diversum
1629 4953 1961 5014 sentientes
1976 4976 2064 5014 re-

409 5027 584 5110 fellit.
616 5059 684 5068 —
713 5029 852 5082 XvL.
885 5025 1170 5110 Νυμφαῖον
1189 5025 1666 5110 .do‘muspublica
1687 5027 2060 5110 celebrandis

409 5099 754 5172 nuptiarum
793 5097 1073 5172 conviviis
1103 5103 1161 5172 et
1189 5097 1587 5172 lud_is_dicata.
1620 5103 1841 5172 Auctor
1888 5101 2058 5172 infra,

410 5166 691 5248 Νρμφαῖον
732 5168 784 5224 ἐν
816 5169 964 5244 ᾧπερ
998 5169 1051 5224 οἱ
1079 5171 1250 5243 γάμοι
1280 5166 1526 5242 ἐγίνοντο
1550 5173 1656 5222 τῶν
1691 5169 1791 5224 οὐκ
1819 5166 2062 5246 ἐχόντων

411 5237 616 5301 οἴκούς.
652 5243 826 5298 ϐολιι.

479 5313 594 5384 (19)
629 5313 778 5386 Die_m
832 5315 1054 5386 festumg
1091 5314 1205 5382 egit
1233 5311 1564 5386 _Xylande_r
1611 5313 2056 5386 interpretatur.

407 5381 497 5458 μ’
513 5381 691 5458 quem
713 5383 741 5438 ?
757 5381 884 5458 quo
894 5383 1062 5458 ritu_?
1079 5381 1199 5458 qua
1215 5381 1288 5438 de
1313 5381 1496 5439 causa
1509 5381 2055 5458 ?Paucis'expedio.

407 5453 719 5526 Nascentis
748 5453 890 5526 anni
932 5453 1387 5526 celebritatem,
1433 5455 1641 5526 sOpitis
1686 5463 1746 5512 et
1800 5453 1920 5513 non
1964 5476 2059 5514 ex-

403 5523 637 5598 stinctis
667 5523 740 5579 ob
784 5524 1016 5598 brevius
1052 5525 1218 5598 justo
1273 5523 1884 5598 Jovianfimperium,
1936 5530 2056 5585 imo

394 5593 844 5682 jam'reno‘vatis
861 5601 918 5682 et
938 5593 1212 5682 excitatis
1229 5597 1535 5682 gentilium
1562 5593 1794 5682 ritibus,
1824 5593 2057 5682 captata

402 5681 472 5722 ex
494 5667 803 5741 Nymphai
828 5671 886 5720 et
907 5667 1292 5741 aquaductus
1301 5667 1429 5739 jam
1446 5667 1699 5724 absoluti
1717 5667 2050 5741 occasione,

402 5751 512 5798 ceu
542 5737 980 5796 dedicationem
997 5737 1546 5809 utriusque‘vetusto
1566 5755 1731 5796 more
1743 5737 2054 5799 habiturus

2179 4529 2322 4584 tiam
2361 4527 2644 4598 adducor,
2678 4542 2858 4598 pravo
2918 4527 3178 4598 Valentis
3230 4527 3375 4595 erga
3430 4527 3818 4582 Christianam

2177 4599 2526 4672 religionem
2552 4597 2871 4672 animogget
2928 4597 3198 4672 libertate
3247 4599 3569 4672 gentilibus
3618 4598 3815 4672 ah‘eo

2176 4663 2479 4730 concessa.
2503 4685 2642 4738 qua,
2669 4674 2735 4738 ut
2755 4669 3157 4738 Theodoretus
3180 4663 3352 4736 lv,v22
3377 4663 3814 4738 scﬁbit.fE7t_lq-

2175 4741 2327 4802 νικὰς
2383 4734 2606 4812 τελετᾲς
2664 4736 2978 4812 ἐπετέλεσαν
3047 4741 3098 4793 οἱ
3182 4734 3251 4812 τῇ
3310 4739 3493 4812 πλάνῃ
3551 4734 3818 4794 δεδουλω-

2177 4797 2351 4884 μένοι.
2384 4797 2784 4884 Eamdemque
2819 4811 3058 4884 sugillat
3087 4797 3292 4884 auctor
3311 4797 3565 4868 inferius
3589 4828 3744 4868 anno
3765 4814 3820 4866 7.

2174 4879 2762 4958 Moveoretiamnum
2794 4879 2952 4958 vocis
2973 4883 3291 4958 ἱερομηνίας
3317 4885 3826 4958 proprietate,qua

2173 4957 2259 5012 nil
2282 4954 3036 5026 ﬁbristianumgsapimus,
3074 4954 3252 5025 quam
3301 4954 3572 5026 νουμηνίᾳ
3613 4961 3673 5012 et
3726 4973 3829 5007 κα-

2172 5023 2396 5087 λάνδαις
2429 5041 2464 5080 a
2502 5024 2756 5098 concilio
2785 5023 3064 5098 Trullano
3092 5023 3223 5082 can.
3256 5029 3324 5081 62
3346 5023 3416 5098 et
3441 5029 3510 5082 65
3551 5023 3825 5098 proscri-

2171 5100 2309 5172 ptis,
2333 5096 2750 5172 auotoritatem
2775 5112 2897 5172 no_n
2913 5097 3195 5172 mediocri
3216 5097 3504 5172 producta
3525 5096 3825 5172 congerie,

2213 5167 2624 5242 raponderare
2643 5167 2816 5242 docet
2844 5168 3178 5242 Stephanus
3199 5167 3417 5242 {quam
3441 5167 3703 5242 denique
3725 5185 3824 5225 ce-

2213 5189 2624 5242 raponuerare
2643 5189 2816 5222 uocet
2844 5189 3212 5239 Dtepnanus;
3238 5189 3417 5241 quam
3441 5189 3702 5241 denique
3725 5189 3820 5225 ce-

2169 5189 2416 5298 ?ebratis
2445 5237 2875 5313 saturnalibus,
2909 5239 3153 5313 antiquo
3185 5257 3252 5296 ac
3288 5241 3540 5313 proinde
3569 5241 3820 5313 profano

2167 5309 2778 5386 rituperagifatctur
2808 5309 3547 5386 Herodianus._T-iiv_g’sziw
3571 5309 3675 5365 ῖιοῦ
3711 5331 3819 5384 μη-

2167 5384 2259 5446 νὸς
2290 5377 2607 5456 ἱερομηνίαν
2637 5380 2826 5455 ἃγουσι
2854 5385 2934 5453 τῷ
2966 5385 3070 5456 ξων
3098 5377 3324 5456 Ἰταλῶν
3349 5377 3478 5456 ἔθἐἱῖ
3504 5377 3688 5456 Βολιιι.

2238 5449 2353 5527 (20)
2377 5449 2698 5530 Ξξηιοοᾶιῐεί
2726 5469 2796 5519 Iv,
2832 5449 2936 5530 15‘:
2971 5449 3252 5530 Εὐνοῦγον
3281 5453 3358 5516 εἰς
3381 5454 3490 5530 τὴν
3523 5453 3818 5530 βασιλικήν

2259 5493 2326 5512 ..ν
2377 5493 2698 5509 mnuum...
2729 5493 2768 5507 μ
2835 5493 2897 5508 ι..
2923 5495 2936 5508 .
2973 5493 3144 5508 μνη...
3193 5493 3250 5508 νν
3283 5493 3328 5508 ε.
3393 5493 3436 5508 ι.
3467 5493 3482 5507 ι
3561 5493 3769 5509 “mm.
3800 5493 3817 5506 ν

2166 5493 2494 5604 δορυφίι-ρίαν
2523 5495 2954 5604 συντεταγμένη
2980 5493 3451 5604 κορυφαιόταξονί
3469 5493 3556 5581 ’ὀνγ
3581 5493 3821 5600 «parad.

2166 5591 2871 5672 ceéov'eieino_'Pmpatotc
2929 5591 3253 5672 duoaoxeiv,
3299 5591 3585 5672 ἐξέπεμψε.
3627 5591 3817 5672 ὈοΑῐι.

2242 5670 2356 5744 (21)
2387 5666 2662 5744 Vestibus
2692 5668 2981 5744 nimirum
3011 5669 3192 5744 officii
3233 5666 3595 5744 insignibus,
3642 5671 3817 5744 GOAR:

2237 5739 2346 5815 (22)
2379 5742 2739 5798 Sozomenus
2767 5756 2846 5810 v1,
2883 5742 2972 5812 14,
3023 5739 3246 5813 legatos
3289 5739 3695 5799 Nicomediam
3741 5739 3818 5798 ad
