  <div class='ocr_page' id='page_1' title='image "/cluster/home/n/w/nwhite01/storage/ocr_20150623/121/mdp.39015078384289/304.png"; bbox 0 0 4124 6312; ppageno 0'>
   <div class='ocr_carea' id='block_1_1' title="bbox 296 362 416 421">
    <p class='ocr_par' dir='ltr' id='par_1_1' title="bbox 296 362 416 421">
     <span class='ocr_line' id='line_1_1' title="bbox 296 362 416 421; baseline 0 0"><span class='ocrx_word' id='word_1_1' title='bbox 296 362 416 421; x_wconf 83' lang='grc'>593</span> 
     </span>
    </p>
   </div>
   <div class='ocr_carea' id='block_1_2' title="bbox 1436 359 2584 429">
    <p class='ocr_par' dir='ltr' id='par_1_2' title="bbox 1436 359 2584 429">
     <span class='ocr_line' id='line_1_2' title="bbox 1436 359 2584 429; baseline -0.001 -6"><span class='ocrx_word' id='word_1_2' title='bbox 1436 359 1977 424; x_wconf 82' lang='lat' dir='ltr'>HISTORIABUM</span> <span class='ocrx_word' id='word_1_3' title='bbox 2021 360 2584 429; x_wconf 82' lang='lat' dir='ltr'>COMPENDIUM.</span> 
     </span>
    </p>
   </div>
   <div class='ocr_carea' id='block_1_3' title="bbox 3593 370 3709 432">
    <p class='ocr_par' dir='ltr' id='par_1_3' title="bbox 3593 370 3709 432">
     <span class='ocr_line' id='line_1_3' title="bbox 3593 370 3709 432; baseline 0.026 -4"><span class='ocrx_word' id='word_1_4' title='bbox 3593 370 3709 432; x_wconf 76' lang='lat'>594</span> 
     </span>
    </p>
   </div>
   <div class='ocr_carea' id='block_1_4' title="bbox 368 488 1951 566">
    <p class='ocr_par' dir='ltr' id='par_1_4' title="bbox 368 488 1951 566">
     <span class='ocr_line' id='line_1_4' title="bbox 368 488 1951 566; baseline -0.003 -18"><span class='ocrx_word' id='word_1_5' title='bbox 368 494 460 549; x_wconf 84' lang='grc' dir='ltr'>Ἐν</span> <span class='ocrx_word' id='word_1_6' title='bbox 490 490 547 547; x_wconf 78' lang='grc' dir='ltr'>δὲ</span> <span class='ocrx_word' id='word_1_7' title='bbox 573 496 654 564; x_wconf 80' lang='grc' dir='ltr'>τῷ</span> <span class='ocrx_word' id='word_1_8' title='bbox 687 493 731 562; x_wconf 88' lang='grc' dir='ltr'>ζ’</span> <span class='ocrx_word' id='word_1_9' title='bbox 777 490 887 547; x_wconf 79' lang='grc' dir='ltr'>’ἐτει</span> <span class='ocrx_word' id='word_1_10' title='bbox 940 491 1159 563; x_wconf 77' lang='grc' dir='ltr'>Οὐάλης</span> <span class='ocrx_word' id='word_1_11' title='bbox 1192 492 1222 547; x_wconf 84' lang='grc' dir='ltr'><strong>ὁ</strong></span> <span class='ocrx_word' id='word_1_12' title='bbox 1256 492 1451 566; x_wconf 80' lang='grc' dir='ltr'>μιαρὸς</span> <span class='ocrx_word' id='word_1_13' title='bbox 1506 496 1625 553; x_wconf 85' lang='grc' dir='ltr'>τοῖς</span> <span class='ocrx_word' id='word_1_14' title='bbox 1680 488 1951 561; x_wconf 82' lang='grc' dir='ltr'>Ἕλλησιν</span> 
     </span>
    </p>
   </div>
   <div class='ocr_carea' id='block_1_5' title="bbox 2065 488 3708 566">
    <p class='ocr_par' dir='ltr' id='par_1_5' title="bbox 2139 493 3708 565">
     <span class='ocr_line' id='line_1_5' title="bbox 2139 493 3708 565; baseline 0.008 -19"><span class='ocrx_word' id='word_1_15' title='bbox 2139 493 2397 565; x_wconf 90' lang='lat' dir='ltr'>Septimo</span> <span class='ocrx_word' id='word_1_16' title='bbox 2429 510 2587 548; x_wconf 91' lang='lat' dir='ltr'>anno</span> <span class='ocrx_word' id='word_1_17' title='bbox 2618 496 2902 551; x_wconf 89' lang='lat' dir='ltr'>scelestus</span> <span class='ocrx_word' id='word_1_18' title='bbox 2929 496 3138 553; x_wconf 84' lang='lat' dir='ltr'>Valens</span> <span class='ocrx_word' id='word_1_19' title='bbox 3159 499 3375 555; x_wconf 64' lang='lat' dir='ltr'>Graecis</span> <span class='ocrx_word' id='word_1_20' title='bbox 3404 499 3708 559; x_wconf 82' lang='lat' dir='ltr'>licentiam</span> 
     </span>
    </p>
   </div>
   <div class='ocr_carea' id='block_1_6' title="bbox 300 578 1955 657">
    <p class='ocr_par' dir='ltr' id='par_1_6' title="bbox 300 578 1955 657">
     <span class='ocr_line' id='line_1_6' title="bbox 300 578 1955 657; baseline -0.001 -20"><span class='ocrx_word' id='word_1_21' title='bbox 300 580 482 637; x_wconf 76' lang='grc' dir='ltr'>ἄδειαν</span> <span class='ocrx_word' id='word_1_22' title='bbox 553 578 755 637; x_wconf 82' lang='grc' dir='ltr'>δέδωκε</span> <span class='ocrx_word' id='word_1_23' title='bbox 821 583 1010 646; x_wconf 82' lang='grc' dir='ltr'>θυσίας</span> <span class='ocrx_word' id='word_1_24' title='bbox 1091 581 1180 637; x_wconf 81' lang='grc' dir='ltr'>καὶ</span> <span class='ocrx_word' id='word_1_25' title='bbox 1273 581 1597 657; x_wconf 81' lang='grc' dir='ltr'>πανηγύρεις</span> <span class='ocrx_word' id='word_1_26' title='bbox 1665 578 1955 636; x_wconf 81' lang='grc' dir='ltr'>ἐπιτελεῖν.</span> 
     </span>
    </p>
   </div>
   <div class='ocr_carea' id='block_1_7' title="bbox 298 667 1952 744">
    <p class='ocr_par' dir='ltr' id='par_1_7' title="bbox 298 667 1952 744">
     <span class='ocr_line' id='line_1_7' title="bbox 298 667 1952 744; baseline -0.002 -18"><span class='ocrx_word' id='word_1_27' title='bbox 298 672 576 733; x_wconf 75' lang='grc' dir='ltr'>Ὡσαύτως</span> <span class='ocrx_word' id='word_1_28' title='bbox 608 673 699 725; x_wconf 82' lang='grc' dir='ltr'>καὶ</span> <span class='ocrx_word' id='word_1_29' title='bbox 732 667 1032 732; x_wconf 78' lang='grc' dir='ltr'>Ἰουδαίους</span> <span class='ocrx_word' id='word_1_30' title='bbox 1090 670 1268 744; x_wconf 70' lang='grc' dir='ltr'>ἐτίμα.</span> <span class='ocrx_word' id='word_1_31' title='bbox 1325 669 1539 731; x_wconf 91' lang='grc' dir='ltr'>Μόνους</span> <span class='ocrx_word' id='word_1_32' title='bbox 1589 667 1646 724; x_wconf 69' lang='grc' dir='ltr'>δὲ</span> <span class='ocrx_word' id='word_1_33' title='bbox 1689 670 1818 733; x_wconf 82' lang='grc' dir='ltr'>τοὺς</span> <span class='ocrx_word' id='word_1_34' title='bbox 1865 668 1952 743; x_wconf 85' lang='grc' dir='ltr'>ὀρ-</span> 
     </span>
    </p>
   </div>
   <div class='ocr_carea' id='block_1_8' title="bbox 301 754 1956 831">
    <p class='ocr_par' dir='ltr' id='par_1_8' title="bbox 301 754 1956 831">
     <span class='ocr_line' id='line_1_8' title="bbox 301 754 1956 831; baseline -0.004 -15"><span class='ocrx_word' id='word_1_35' title='bbox 301 758 560 831; x_wconf 78' lang='grc' dir='ltr'>θοδόξους</span> <span class='ocrx_word' id='word_1_36' title='bbox 598 760 692 815; x_wconf 79' lang='grc' dir='ltr'>καὶ</span> <span class='ocrx_word' id='word_1_37' title='bbox 723 761 792 814; x_wconf 83' lang='grc' dir='ltr'>τὰ</span> <span class='ocrx_word' id='word_1_38' title='bbox 829 767 929 830; x_wconf 84' lang='grc' dir='ltr'>τῆς</span> <span class='ocrx_word' id='word_1_39' title='bbox 961 758 1333 830; x_wconf 71' lang='grc' dir='ltr'>ἀποπολικῆς</span> <span class='ocrx_word' id='word_1_40' title='bbox 1390 757 1717 828; x_wconf 75' lang='grc' dir='ltr'>Ἐκκλησίας</span> <span class='ocrx_word' id='word_1_41' title='bbox 1745 758 1811 827; x_wconf 76' lang='grc' dir='ltr'>ἦν</span> <span class='ocrx_word' id='word_1_42' title='bbox 1845 754 1956 812; x_wconf 84' lang='grc' dir='ltr'>δει-</span> 
     </span>
    </p>
   </div>
   <div class='ocr_carea' id='block_1_9' title="bbox 299 848 672 913">
    <p class='ocr_par' dir='ltr' id='par_1_9' title="bbox 299 848 672 913">
     <span class='ocr_line' id='line_1_9' title="bbox 299 848 672 913; baseline 0 -9"><span class='ocrx_word' id='word_1_43' title='bbox 299 854 409 913; x_wconf 82' lang='grc' dir='ltr'>νῶς</span> <span class='ocrx_word' id='word_1_44' title='bbox 438 848 466 904; x_wconf 90' lang='grc' dir='ltr'>δ</span> <span class='ocrx_word' id='word_1_45' title='bbox 477 851 672 904; x_wconf 82' lang='grc' dir='ltr'>ιώκων.</span> 
     </span>
    </p>
   </div>
   <div class='ocr_carea' id='block_1_10' title="bbox 377 934 1956 1015">
    <p class='ocr_par' dir='ltr' id='par_1_10' title="bbox 377 934 1956 1015">
     <span class='ocr_line' id='line_1_10' title="bbox 377 934 1956 1015; baseline -0.005 -18"><span class='ocrx_word' id='word_1_46' title='bbox 377 942 469 1011; x_wconf 81' lang='grc' dir='ltr'>Τῷ</span> <span class='ocrx_word' id='word_1_47' title='bbox 498 941 553 1008; x_wconf 86' lang='grc' dir='ltr'>η’</span> <span class='ocrx_word' id='word_1_48' title='bbox 584 934 693 993; x_wconf 78' lang='grc' dir='ltr'>ἔτει</span> <span class='ocrx_word' id='word_1_49' title='bbox 722 937 1171 996; x_wconf 77' lang='grc' dir='ltr'>Οὐαλεντινιανοῦ</span> <span class='ocrx_word' id='word_1_50' title='bbox 1229 938 1281 993; x_wconf 84' lang='grc' dir='ltr'>ἐν</span> <span class='ocrx_word' id='word_1_51' title='bbox 1338 937 1654 1015; x_wconf 79' lang='grc' dir='ltr'>Ἀντιοχείᾳ</span> <span class='ocrx_word' id='word_1_52' title='bbox 1702 938 1802 1001; x_wconf 78' lang='grc' dir='ltr'>τῆς</span> <span class='ocrx_word' id='word_1_53' title='bbox 1854 941 1956 989; x_wconf 90' lang='grc' dir='ltr'>Συ-</span> 
     </span>
    </p>
   </div>
   <div class='ocr_carea' id='block_1_11' title="bbox 302 1021 1952 1103">
    <p class='ocr_par' dir='ltr' id='par_1_11' title="bbox 302 1021 1952 1103">
     <span class='ocr_line' id='line_1_11' title="bbox 302 1021 1952 1103; baseline -0.004 -20"><span class='ocrx_word' id='word_1_54' title='bbox 302 1028 424 1103; x_wconf 87' lang='grc' dir='ltr'>ρίας</span> <span class='ocrx_word' id='word_1_55' title='bbox 469 1027 643 1093; x_wconf 82' lang='grc' dir='ltr'>ἐλθὼν</span> <span class='ocrx_word' id='word_1_56' title='bbox 707 1025 931 1098; x_wconf 75' lang='grc' dir='ltr'>Οὐάλης</span> <span class='ocrx_word' id='word_1_57' title='bbox 987 1024 1241 1082; x_wconf 73' lang='grc' dir='ltr'>πάνδεινα</span> <span class='ocrx_word' id='word_1_58' title='bbox 1289 1026 1429 1081; x_wconf 80' lang='grc' dir='ltr'>κακὰ</span> <span class='ocrx_word' id='word_1_59' title='bbox 1466 1030 1585 1087; x_wconf 83' lang='grc' dir='ltr'>τοῖς</span> <span class='ocrx_word' id='word_1_60' title='bbox 1639 1021 1952 1099; x_wconf 81' lang='grc' dir='ltr'>ὀρθοδόξοις</span> 
     </span>
    </p>
   </div>
   <div class='ocr_carea' id='block_1_12' title="bbox 302 1111 1957 1189">
    <p class='ocr_par' dir='ltr' id='par_1_12' title="bbox 302 1111 1957 1189">
     <span class='ocr_line' id='line_1_12' title="bbox 302 1111 1957 1189; baseline -0.004 -17"><span class='ocrx_word' id='word_1_61' title='bbox 302 1116 591 1188; x_wconf 80' lang='grc' dir='ltr'>ἐνδείξατο,</span> <span class='ocrx_word' id='word_1_62' title='bbox 658 1114 907 1179; x_wconf 83' lang='grc' dir='ltr'>πολλοὺς</span> <span class='ocrx_word' id='word_1_63' title='bbox 980 1117 1076 1189; x_wconf 73' lang='grc' dir='ltr'>μὲν</span> <span class='ocrx_word' id='word_1_64' title='bbox 1139 1113 1351 1171; x_wconf 84' lang='grc' dir='ltr'>ἀνελὼν</span> <span class='ocrx_word' id='word_1_65' title='bbox 1420 1114 1690 1189; x_wconf 77' lang='grc' dir='ltr'>μαχαίρᾳ,</span> <span class='ocrx_word' id='word_1_66' title='bbox 1750 1111 1957 1176; x_wconf 79' lang='grc' dir='ltr'>ἄλλους</span> 
     </span>
    </p>
   </div>
   <div class='ocr_carea' id='block_1_13' title="bbox 304 1202 1951 1279">
    <p class='ocr_par' dir='ltr' id='par_1_13' title="bbox 304 1202 1951 1279">
     <span class='ocr_line' id='line_1_13' title="bbox 304 1202 1951 1279; baseline -0.004 -19"><span class='ocrx_word' id='word_1_67' title='bbox 304 1205 602 1275; x_wconf 76' lang='grc' dir='ltr'>ἀποπνίξας</span> <span class='ocrx_word' id='word_1_68' title='bbox 658 1204 736 1268; x_wconf 85' lang='grc' dir='ltr'>εἰς</span> <span class='ocrx_word' id='word_1_69' title='bbox 789 1205 882 1259; x_wconf 88' lang='grc' dir='ltr'>τὸν</span> <span class='ocrx_word' id='word_1_70' title='bbox 934 1203 1311 1279; x_wconf 73' lang='grc' dir='ltr'>παραρρέοντα</span> <span class='ocrx_word' id='word_1_71' title='bbox 1360 1204 1625 1278; x_wconf 81' lang='grc' dir='ltr'>Ὀρόντην</span> <span class='ocrx_word' id='word_1_72' title='bbox 1682 1202 1951 1275; x_wconf 87' lang='grc' dir='ltr'>ποταμόν.</span> 
     </span>
    </p>
   </div>
   <div class='ocr_carea' id='block_1_14' title="bbox 298 1291 1954 1368">
    <p class='ocr_par' dir='ltr' id='par_1_14' title="bbox 298 1291 1954 1368">
     <span class='ocr_line' id='line_1_14' title="bbox 298 1291 1954 1368; baseline -0.004 -17"><span class='ocrx_word' id='word_1_73' title='bbox 298 1295 572 1357; x_wconf 76' lang='grc' dir='ltr'>Ὡσαύτως</span> <span class='ocrx_word' id='word_1_74' title='bbox 607 1292 664 1349; x_wconf 76' lang='grc' dir='ltr'>δὶ</span> <span class='ocrx_word' id='word_1_75' title='bbox 715 1295 807 1350; x_wconf 77' lang='grc' dir='ltr'>καὶ</span> <span class='ocrx_word' id='word_1_76' title='bbox 864 1292 915 1349; x_wconf 91' lang='grc' dir='ltr'>ἐν</span> <span class='ocrx_word' id='word_1_77' title='bbox 956 1292 1179 1368; x_wconf 80' lang='grc' dir='ltr'>Ἐδέσσῃ</span> <span class='ocrx_word' id='word_1_78' title='bbox 1237 1296 1300 1349; x_wconf 83' lang='grc' dir='ltr'>τὸ</span> <span class='ocrx_word' id='word_1_79' title='bbox 1357 1292 1571 1362; x_wconf 77' lang='grc' dir='ltr'>πλῆθος</span> <span class='ocrx_word' id='word_1_80' title='bbox 1625 1297 1734 1347; x_wconf 79' lang='grc' dir='ltr'>τῶν</span> <span class='ocrx_word' id='word_1_81' title='bbox 1793 1291 1954 1366; x_wconf 83' lang='grc' dir='ltr'>ὀρθο-</span> 
     </span>
    </p>
   </div>
   <div class='ocr_carea' id='block_1_15' title="bbox 304 1378 1955 1461">
    <p class='ocr_par' dir='ltr' id='par_1_15' title="bbox 304 1378 1955 1461">
     <span class='ocr_line' id='line_1_15' title="bbox 304 1378 1955 1461; baseline -0.004 -21"><span class='ocrx_word' id='word_1_82' title='bbox 304 1383 472 1456; x_wconf 81' lang='grc' dir='ltr'>δόξων</span> <span class='ocrx_word' id='word_1_83' title='bbox 560 1378 852 1440; x_wconf 77' lang='grc' dir='ltr'>συλλαϐὼν</span> <span class='ocrx_word' id='word_1_84' title='bbox 939 1383 1209 1461; x_wconf 73' lang='grc' dir='ltr'>ἐφόνευσε.</span> <span class='ocrx_word' id='word_1_85' title='bbox 1280 1383 1383 1439; x_wconf 90' lang='grc' dir='ltr'>Καί</span> <span class='ocrx_word' id='word_1_86' title='bbox 1455 1403 1539 1445; x_wconf 88' lang='grc' dir='ltr'>τις</span> <span class='ocrx_word' id='word_1_87' title='bbox 1606 1381 1738 1456; x_wconf 88' lang='grc' dir='ltr'>γυνή</span> <span class='ocrx_word' id='word_1_88' title='bbox 1801 1380 1955 1455; x_wconf 83' lang='grc' dir='ltr'>ὀρθό-</span> 
     </span>
    </p>
   </div>
   <div class='ocr_carea' id='block_1_16' title="bbox 302 1464 1947 1548">
    <p class='ocr_par' dir='ltr' id='par_1_16' title="bbox 302 1464 1947 1548">
     <span class='ocr_line' id='line_1_16' title="bbox 302 1464 1947 1548; baseline -0.004 -19"><span class='ocrx_word' id='word_1_89' title='bbox 302 1473 461 1544; x_wconf 81' lang='grc' dir='ltr'>δοξον</span> <span class='ocrx_word' id='word_1_90' title='bbox 499 1475 562 1527; x_wconf 87' lang='grc' dir='ltr'>τὸ</span> <span class='ocrx_word' id='word_1_91' title='bbox 588 1470 731 1527; x_wconf 85' lang='grc' dir='ltr'>’ὶδιον</span> <span class='ocrx_word' id='word_1_92' title='bbox 764 1473 948 1528; x_wconf 79' lang='grc' dir='ltr'>τέκνον</span> <span class='ocrx_word' id='word_1_93' title='bbox 988 1471 1228 1528; x_wconf 72' lang='grc' dir='ltr'>ἕλκουσα</span> <span class='ocrx_word' id='word_1_94' title='bbox 1277 1468 1487 1548; x_wconf 85' lang='grc' dir='ltr'>σπογδῇ</span> <span class='ocrx_word' id='word_1_95' title='bbox 1533 1464 1703 1546; x_wconf 57' lang='grc' dir='ltr'>ἔλεγε</span> <span class='ocrx_word' id='word_1_96' title='bbox 1761 1473 1947 1544; x_wconf 76' lang='grc' dir='ltr'>Δεῦρο,</span> 
     </span>
    </p>
   </div>
   <div class='ocr_carea' id='block_1_17' title="bbox 299 1559 1951 1638">
    <p class='ocr_par' dir='ltr' id='par_1_17' title="bbox 299 1559 1951 1638">
     <span class='ocr_line' id='line_1_17' title="bbox 299 1559 1951 1638; baseline -0.003 -21"><span class='ocrx_word' id='word_1_97' title='bbox 299 1562 515 1632; x_wconf 79' lang='grc' dir='ltr'>τέκνον,</span> <span class='ocrx_word' id='word_1_98' title='bbox 550 1563 732 1636; x_wconf 83' lang='grc' dir='ltr'>καιρίς</span> <span class='ocrx_word' id='word_1_99' title='bbox 790 1563 1109 1638; x_wconf 84' lang='grc' dir='ltr'>μαρτυρίας·</span> <span class='ocrx_word' id='word_1_100' title='bbox 1173 1563 1604 1635; x_wconf 76' lang='grc' dir='ltr'>μαρτυρήσωμεν</span> <span class='ocrx_word' id='word_1_101' title='bbox 1668 1559 1799 1633; x_wconf 73' lang='grc' dir='ltr'>ὑπὲρ</span> <span class='ocrx_word' id='word_1_102' title='bbox 1854 1561 1951 1613; x_wconf 79' lang='grc' dir='ltr'>τοῦ</span> 
     </span>
    </p>
   </div>
   <div class='ocr_carea' id='block_1_18' title="bbox 301 1646 1952 1729">
    <p class='ocr_par' dir='ltr' id='par_1_18' title="bbox 301 1646 1952 1729">
     <span class='ocr_line' id='line_1_18' title="bbox 301 1646 1952 1729; baseline -0.007 -17"><span class='ocrx_word' id='word_1_103' title='bbox 301 1657 567 1729; x_wconf 76' lang='grc' dir='ltr'>Χριστοῦ.</span> <span class='ocrx_word' id='word_1_104' title='bbox 598 1654 775 1709; x_wconf 77' lang='grc' dir='ltr'>Τοῦτο</span> <span class='ocrx_word' id='word_1_105' title='bbox 804 1652 897 1708; x_wconf 86' lang='grc' dir='ltr'>τὸν</span> <span class='ocrx_word' id='word_1_106' title='bbox 941 1650 1222 1710; x_wconf 78' lang='grc' dir='ltr'>Οὐάλεντα</span> <span class='ocrx_word' id='word_1_107' title='bbox 1272 1650 1481 1726; x_wconf 67' lang='grc' dir='ltr'>ᾔσχυνε</span> <span class='ocrx_word' id='word_1_108' title='bbox 1534 1650 1624 1705; x_wconf 84' lang='grc' dir='ltr'>καὶ</span> <span class='ocrx_word' id='word_1_109' title='bbox 1674 1648 1736 1703; x_wconf 87' lang='grc' dir='ltr'>τὸ</span> <span class='ocrx_word' id='word_1_110' title='bbox 1782 1646 1952 1716; x_wconf 83' lang='grc' dir='ltr'>ἄλγος</span> 
     </span>
    </p>
   </div>
   <div class='ocr_carea' id='block_1_19' title="bbox 301 1737 1950 1813">
    <p class='ocr_par' dir='ltr' id='par_1_19' title="bbox 301 1737 1950 1813">
     <span class='ocr_line' id='line_1_19' title="bbox 301 1737 1950 1813; baseline -0.005 -15"><span class='ocrx_word' id='word_1_111' title='bbox 301 1740 567 1813; x_wconf 72' lang='grc' dir='ltr'>ἐκώλυσε,</span> <span class='ocrx_word' id='word_1_112' title='bbox 600 1746 731 1798; x_wconf 77' lang='grc' dir='ltr'>Θεοῦ</span> <span class='ocrx_word' id='word_1_113' title='bbox 759 1738 975 1812; x_wconf 85' lang='grc' dir='ltr'>δηλαδὴ</span> <span class='ocrx_word' id='word_1_114' title='bbox 1007 1744 1170 1796; x_wconf 80' lang='grc' dir='ltr'>τοῦτο</span> <span class='ocrx_word' id='word_1_115' title='bbox 1202 1739 1685 1813; x_wconf 76' lang='grc' dir='ltr'>οίκονομήσαντος.</span> <span class='ocrx_word' id='word_1_116' title='bbox 1707 1737 1950 1810; x_wconf 82' lang='grc' dir='ltr'>Ὁμοίως</span> 
     </span>
    </p>
   </div>
   <div class='ocr_carea' id='block_1_20' title="bbox 301 1826 1952 1903">
    <p class='ocr_par' dir='ltr' id='par_1_20' title="bbox 301 1826 1952 1903">
     <span class='ocr_line' id='line_1_20' title="bbox 301 1826 1952 1903; baseline -0.005 -16"><span class='ocrx_word' id='word_1_117' title='bbox 301 1831 392 1887; x_wconf 84' lang='grc' dir='ltr'>καὶ</span> <span class='ocrx_word' id='word_1_118' title='bbox 423 1831 477 1886; x_wconf 89' lang='grc' dir='ltr'>ἐν</span> <span class='ocrx_word' id='word_1_119' title='bbox 511 1826 869 1901; x_wconf 81' lang='grc' dir='ltr'>Καππαδοκίᾳ</span> <span class='ocrx_word' id='word_1_120' title='bbox 923 1830 1019 1892; x_wconf 84' lang='grc' dir='ltr'>τὰς</span> <span class='ocrx_word' id='word_1_121' title='bbox 1076 1827 1372 1898; x_wconf 74' lang='grc' dir='ltr'>ἐκκλησίας</span> <span class='ocrx_word' id='word_1_122' title='bbox 1431 1829 1724 1903; x_wconf 82' lang='grc' dir='ltr'>’Δρειανοῖς</span> <span class='ocrx_word' id='word_1_123' title='bbox 1773 1845 1952 1901; x_wconf 87' lang='grc' dir='ltr'>παρα-</span> 
     </span>
    </p>
   </div>
   <div class='ocr_carea' id='block_1_21' title="bbox 303 1913 1949 1989">
    <p class='ocr_par' dir='ltr' id='par_1_21' title="bbox 303 1913 1949 1989">
     <span class='ocr_line' id='line_1_21' title="bbox 303 1913 1949 1989; baseline -0.005 -13"><span class='ocrx_word' id='word_1_124' title='bbox 303 1919 489 1977; x_wconf 72' lang='grc' dir='ltr'>δοῦναι</span> <span class='ocrx_word' id='word_1_125' title='bbox 547 1915 866 1986; x_wconf 81' lang='grc' dir='ltr'>ἐσπούδασε,</span> <span class='ocrx_word' id='word_1_126' title='bbox 922 1924 1022 1987; x_wconf 82' lang='grc' dir='ltr'>τῆς</span> <span class='ocrx_word' id='word_1_127' title='bbox 1080 1916 1444 1978; x_wconf 77' lang='grc' dir='ltr'>ἐναντιώσεως</span> <span class='ocrx_word' id='word_1_128' title='bbox 1501 1913 1832 1989; x_wconf 81' lang='grc' dir='ltr'>δραξάμενος</span> <span class='ocrx_word' id='word_1_129' title='bbox 1881 1914 1949 1983; x_wconf 78' lang='grc' dir='ltr'>ἧς</span> 
     </span>
    </p>
   </div>
   <div class='ocr_carea' id='block_1_22' title="bbox 302 2003 1948 2086">
    <p class='ocr_par' dir='ltr' id='par_1_22' title="bbox 302 2003 1948 2086">
     <span class='ocr_line' id='line_1_22' title="bbox 302 2003 1948 2086; baseline -0.005 -19"><span class='ocrx_word' id='word_1_130' title='bbox 302 2008 432 2086; x_wconf 80' lang='grc' dir='ltr'>ἔσχε</span> <span class='ocrx_word' id='word_1_131' title='bbox 458 2009 603 2084; x_wconf 79' lang='grc' dir='ltr'>παρᾶ</span> <span class='ocrx_word' id='word_1_132' title='bbox 650 2014 748 2064; x_wconf 69' lang='grc' dir='ltr'>τοῦ</span> <span class='ocrx_word' id='word_1_133' title='bbox 810 2005 1055 2082; x_wconf 83' lang='grc' dir='ltr'>μεγάλου</span> <span class='ocrx_word' id='word_1_134' title='bbox 1112 2004 1399 2061; x_wconf 89' lang='grc' dir='ltr'>Βασιλείου</span> <span class='ocrx_word' id='word_1_135' title='bbox 1457 2003 1757 2065; x_wconf 82' lang='grc' dir='ltr'>Ἰουλιανὸς</span> <span class='ocrx_word' id='word_1_136' title='bbox 1816 2006 1948 2077; x_wconf 83' lang='grc'>(23),</span> 
     </span>
    </p>
   </div>
   <div class='ocr_carea' id='block_1_23' title="bbox 300 2091 1951 2175">
    <p class='ocr_par' dir='ltr' id='par_1_23' title="bbox 300 2091 1951 2175">
     <span class='ocr_line' id='line_1_23' title="bbox 300 2091 1951 2175; baseline -0.007 -19"><span class='ocrx_word' id='word_1_137' title='bbox 300 2097 669 2175; x_wconf 77' lang='grc' dir='ltr'>πρεσϐυτέρου</span> <span class='ocrx_word' id='word_1_138' title='bbox 708 2097 830 2152; x_wconf 90' lang='grc' dir='ltr'>τότε</span> <span class='ocrx_word' id='word_1_139' title='bbox 858 2097 1229 2172; x_wconf 82' lang='grc' dir='ltr'>τυγχάνοντος</span> <span class='ocrx_word' id='word_1_140' title='bbox 1274 2097 1373 2163; x_wconf 77' lang='grc' dir='ltr'>τῆς</span> <span class='ocrx_word' id='word_1_141' title='bbox 1426 2091 1755 2163; x_wconf 85' lang='grc' dir='ltr'>Ἐκκλησίας</span> <span class='ocrx_word' id='word_1_142' title='bbox 1815 2095 1951 2149; x_wconf 86' lang='grc' dir='ltr'>Και-</span> 
     </span>
    </p>
   </div>
   <div class='ocr_carea' id='block_1_24' title="bbox 302 2177 1949 2263">
    <p class='ocr_par' dir='ltr' id='par_1_24' title="bbox 302 2177 1949 2263">
     <span class='ocr_line' id='line_1_24' title="bbox 302 2177 1949 2263; baseline -0.004 -20"><span class='ocrx_word' id='word_1_143' title='bbox 302 2189 543 2263; x_wconf 84' lang='grc' dir='ltr'>σαρείας,</span> <span class='ocrx_word' id='word_1_144' title='bbox 600 2186 691 2242; x_wconf 81' lang='grc' dir='ltr'>καὶ</span> <span class='ocrx_word' id='word_1_145' title='bbox 751 2179 1010 2242; x_wconf 75' lang='grc' dir='ltr'>Εὐσεϐίου</span> <span class='ocrx_word' id='word_1_146' title='bbox 1077 2189 1174 2239; x_wconf 79' lang='grc' dir='ltr'>τοῦ</span> <span class='ocrx_word' id='word_1_147' title='bbox 1232 2182 1531 2239; x_wconf 72' lang='grc' dir='ltr'>ἐπισκόπου</span> <span class='ocrx_word' id='word_1_148' title='bbox 1597 2177 1949 2258; x_wconf 87' lang='grc' dir='ltr'>διεγείροντος</span> 
     </span>
    </p>
   </div>
   <div class='ocr_carea' id='block_1_25' title="bbox 302 2271 943 2351">
    <p class='ocr_par' dir='ltr' id='par_1_25' title="bbox 302 2271 943 2351">
     <span class='ocr_line' id='line_1_25' title="bbox 302 2271 943 2351; baseline -0.009 -17"><span class='ocrx_word' id='word_1_149' title='bbox 302 2279 381 2339; x_wconf 80' lang='grc' dir='ltr'>εἷς</span> <span class='ocrx_word' id='word_1_150' title='bbox 407 2275 576 2347; x_wconf 82' lang='grc' dir='ltr'>ζῆλον</span> <span class='ocrx_word' id='word_1_151' title='bbox 606 2271 943 2351; x_wconf 79' lang='grc' dir='ltr'>ὀρθοδοξίας.</span> 
     </span>
    </p>
   </div>
   <div class='ocr_carea' id='block_1_26' title="bbox 370 2359 1954 2438">
    <p class='ocr_par' dir='ltr' id='par_1_26' title="bbox 370 2359 1954 2438">
     <span class='ocr_line' id='line_1_26' title="bbox 370 2359 1954 2438; baseline -0.004 -18"><span class='ocrx_word' id='word_1_152' title='bbox 370 2371 459 2438; x_wconf 82' lang='grc' dir='ltr'>Τῷ</span> <span class='ocrx_word' id='word_1_153' title='bbox 491 2363 548 2420; x_wconf 72' lang='grc' dir='ltr'>δὲ</span> <span class='ocrx_word' id='word_1_154' title='bbox 578 2366 624 2419; x_wconf 79' lang='lat'>0’</span> <span class='ocrx_word' id='word_1_155' title='bbox 665 2359 768 2419; x_wconf 80' lang='grc' dir='ltr'>ἔτει</span> <span class='ocrx_word' id='word_1_156' title='bbox 798 2367 897 2418; x_wconf 79' lang='grc' dir='ltr'>τοῦ</span> <span class='ocrx_word' id='word_1_157' title='bbox 926 2360 1278 2418; x_wconf 80' lang='grc' dir='ltr'>πολυνάθλου</span> <span class='ocrx_word' id='word_1_158' title='bbox 1307 2360 1622 2418; x_wconf 87' lang='grc' dir='ltr'>Ἀθανασίου</span> <span class='ocrx_word' id='word_1_159' title='bbox 1650 2361 1787 2434; x_wconf 86' lang='grc' dir='ltr'>πρὸς</span> <span class='ocrx_word' id='word_1_160' title='bbox 1844 2360 1954 2416; x_wconf 84' lang='grc' dir='ltr'>Κύ-</span> 
     </span>
    </p>
   </div>
   <div class='ocr_carea' id='block_1_27' title="bbox 305 2443 1951 2532">
    <p class='ocr_par' dir='ltr' id='par_1_27' title="bbox 305 2443 1951 2532">
     <span class='ocr_line' id='line_1_27' title="bbox 305 2443 1951 2532; baseline -0.005 -21"><span class='ocrx_word' id='word_1_161' title='bbox 305 2477 421 2532; x_wconf 86' lang='grc' dir='ltr'>ριον</span> <span class='ocrx_word' id='word_1_162' title='bbox 493 2451 932 2527; x_wconf 73' lang='grc' dir='ltr'>ἐκδημήσαντος,</span> <span class='ocrx_word' id='word_1_163' title='bbox 1020 2451 1487 2521; x_wconf 80' lang='grc' dir='ltr'>ἐπισκοπήσαντος</span> <span class='ocrx_word' id='word_1_164' title='bbox 1572 2443 1665 2521; x_wconf 76' lang='grc' dir='ltr'>ἔτη</span> <span class='ocrx_word' id='word_1_165' title='bbox 1733 2450 1841 2523; x_wconf 85' lang='grc' dir='ltr'>μς’,</span> <span class='ocrx_word' id='word_1_166' title='bbox 1901 2448 1951 2503; x_wconf 86' lang='grc' dir='ltr'>ἐν</span> 
     </span>
    </p>
   </div>
   <div class='ocr_carea' id='block_1_28' title="bbox 303 2535 1951 2624">
    <p class='ocr_par' dir='ltr' id='par_1_28' title="bbox 303 2535 1951 2624">
     <span class='ocr_line' id='line_1_28' title="bbox 303 2535 1951 2624; baseline -0.005 -22"><span class='ocrx_word' id='word_1_167' title='bbox 303 2545 576 2624; x_wconf 81' lang='grc' dir='ltr'>διωγμοῖς</span> <span class='ocrx_word' id='word_1_168' title='bbox 608 2542 664 2599; x_wconf 76' lang='grc' dir='ltr'>δὶ</span> <span class='ocrx_word' id='word_1_169' title='bbox 694 2543 953 2605; x_wconf 85' lang='grc' dir='ltr'>καὶτοῖς,</span> <span class='ocrx_word' id='word_1_170' title='bbox 998 2540 1131 2615; x_wconf 71' lang='grc' dir='ltr'>ὑπὲρ</span> <span class='ocrx_word' id='word_1_171' title='bbox 1187 2535 1458 2601; x_wconf 76' lang='grc' dir='ltr'>εὐσεϐείας</span> <span class='ocrx_word' id='word_1_172' title='bbox 1500 2539 1697 2616; x_wconf 76' lang='grc' dir='ltr'>ἀγῶσι,</span> <span class='ocrx_word' id='word_1_173' title='bbox 1749 2537 1951 2614; x_wconf 82' lang='grc' dir='ltr'>Πέτρος</span> 
     </span>
    </p>
   </div>
   <div class='ocr_carea' id='block_1_29' title="bbox 302 2625 1953 2704">
    <p class='ocr_par' dir='ltr' id='par_1_29' title="bbox 302 2625 1953 2704">
     <span class='ocr_line' id='line_1_29' title="bbox 302 2625 1953 2704; baseline -0.006 -13"><span class='ocrx_word' id='word_1_174' title='bbox 302 2637 408 2704; x_wconf 74' lang='grc' dir='ltr'>τὴν</span> <span class='ocrx_word' id='word_1_175' title='bbox 475 2632 774 2701; x_wconf 70' lang='grc' dir='ltr'>ἐπισκοπὴν</span> <span class='ocrx_word' id='word_1_176' title='bbox 844 2626 1140 2703; x_wconf 75' lang='grc' dir='ltr'>διεδέξατο,</span> <span class='ocrx_word' id='word_1_177' title='bbox 1196 2628 1254 2683; x_wconf 81' lang='grc' dir='ltr'>ὃν</span> <span class='ocrx_word' id='word_1_178' title='bbox 1306 2629 1358 2682; x_wconf 72' lang='grc' dir='ltr'>οἱ</span> <span class='ocrx_word' id='word_1_179' title='bbox 1415 2628 1679 2702; x_wconf 87' lang='grc' dir='ltr'>Ἀρειανοὶ</span> <span class='ocrx_word' id='word_1_180' title='bbox 1732 2625 1953 2697; x_wconf 80' lang='grc' dir='ltr'>ἀπήλα-</span> 
     </span>
    </p>
   </div>
   <div class='ocr_carea' id='block_1_30' title="bbox 306 2716 1954 2793">
    <p class='ocr_par' dir='ltr' id='par_1_30' title="bbox 306 2716 1954 2793">
     <span class='ocr_line' id='line_1_30' title="bbox 306 2716 1954 2793; baseline -0.005 -12"><span class='ocrx_word' id='word_1_181' title='bbox 306 2748 429 2785; x_wconf 89' lang='grc' dir='ltr'>σαν.</span> <span class='ocrx_word' id='word_1_182' title='bbox 462 2725 601 2782; x_wconf 84' lang='grc' dir='ltr'>Τότε</span> <span class='ocrx_word' id='word_1_183' title='bbox 628 2721 831 2779; x_wconf 89' lang='grc' dir='ltr'>πολλοὶ</span> <span class='ocrx_word' id='word_1_184' title='bbox 874 2725 982 2775; x_wconf 79' lang='grc' dir='ltr'>τῶν</span> <span class='ocrx_word' id='word_1_185' title='bbox 1043 2716 1348 2793; x_wconf 81' lang='grc' dir='ltr'>ἀρθοδόξων</span> <span class='ocrx_word' id='word_1_186' title='bbox 1399 2717 1568 2779; x_wconf 84' lang='grc' dir='ltr'>ἀθέως</span> <span class='ocrx_word' id='word_1_187' title='bbox 1623 2717 1954 2793; x_wconf 73' lang='grc' dir='ltr'>ῄλίσθησαν,</span> 
     </span>
    </p>
   </div>
   <div class='ocr_carea' id='block_1_31' title="bbox 302 2807 1958 2885">
    <p class='ocr_par' dir='ltr' id='par_1_31' title="bbox 302 2807 1958 2885">
     <span class='ocr_line' id='line_1_31' title="bbox 302 2807 1958 2885; baseline -0.006 -13"><span class='ocrx_word' id='word_1_188' title='bbox 302 2814 517 2872; x_wconf 77' lang='grc' dir='ltr'>πολλοὶ</span> <span class='ocrx_word' id='word_1_189' title='bbox 551 2810 607 2868; x_wconf 72' lang='grc' dir='ltr'>δὲ</span> <span class='ocrx_word' id='word_1_190' title='bbox 635 2813 726 2868; x_wconf 79' lang='grc' dir='ltr'>καὶ</span> <span class='ocrx_word' id='word_1_191' title='bbox 758 2811 810 2867; x_wconf 85' lang='grc' dir='ltr'>ἐν</span> <span class='ocrx_word' id='word_1_192' title='bbox 849 2811 1100 2885; x_wconf 84' lang='grc' dir='ltr'>βασάνοις</span> <span class='ocrx_word' id='word_1_193' title='bbox 1130 2807 1549 2878; x_wconf 75' lang='grc' dir='ltr'>ἐτελειώθησαν.</span> <span class='ocrx_word' id='word_1_194' title='bbox 1600 2811 1691 2880; x_wconf 78' lang='grc' dir='ltr'>Τῷ</span> <span class='ocrx_word' id='word_1_195' title='bbox 1731 2807 1778 2862; x_wconf 86' lang='grc' dir='ltr'>δ’</span> <span class='ocrx_word' id='word_1_196' title='bbox 1809 2808 1958 2880; x_wconf 82' lang='grc' dir='ltr'>αὐτῷ</span> 
     </span>
    </p>
   </div>
   <div class='ocr_carea' id='block_1_32' title="bbox 301 2894 1959 2975">
    <p class='ocr_par' dir='ltr' id='par_1_32' title="bbox 301 2894 1959 2975">
     <span class='ocr_line' id='line_1_32' title="bbox 301 2894 1959 2975; baseline -0.006 -15"><span class='ocrx_word' id='word_1_197' title='bbox 301 2904 408 2962; x_wconf 75' lang='grc' dir='ltr'>ἔτει</span> <span class='ocrx_word' id='word_1_198' title='bbox 481 2902 572 2957; x_wconf 77' lang='grc' dir='ltr'>καὶ</span> <span class='ocrx_word' id='word_1_199' title='bbox 641 2902 668 2957; x_wconf 86' lang='grc' dir='ltr'><strong>ὁ</strong></span> <span class='ocrx_word' id='word_1_200' title='bbox 731 2900 896 2975; x_wconf 86' lang='grc' dir='ltr'>μέγας</span> <span class='ocrx_word' id='word_1_201' title='bbox 954 2898 1237 2959; x_wconf 83' lang='grc' dir='ltr'>Βασίλέιος</span> <span class='ocrx_word' id='word_1_202' title='bbox 1319 2898 1421 2965; x_wconf 74' lang='grc' dir='ltr'>τῆς</span> <span class='ocrx_word' id='word_1_203' title='bbox 1515 2897 1822 2971; x_wconf 73' lang='grc' dir='ltr'>Καισαρέων</span> <span class='ocrx_word' id='word_1_204' title='bbox 1868 2894 1959 2951; x_wconf 81' lang='grc' dir='ltr'>ἐπ-</span> 
     </span>
    </p>
   </div>
   <div class='ocr_carea' id='block_1_33' title="bbox 309 2980 1955 3064">
    <p class='ocr_par' dir='ltr' id='par_1_33' title="bbox 309 2980 1955 3064">
     <span class='ocr_line' id='line_1_33' title="bbox 309 2980 1955 3064; baseline -0.006 -15"><span class='ocrx_word' id='word_1_205' title='bbox 309 2993 609 3064; x_wconf 77' lang='grc' dir='ltr'>εσκόπησεν</span> <span class='ocrx_word' id='word_1_206' title='bbox 664 2987 1021 3059; x_wconf 81' lang='grc' dir='ltr'>Ἐκκλησίας,</span> <span class='ocrx_word' id='word_1_207' title='bbox 1076 2991 1173 3042; x_wconf 72' lang='grc' dir='ltr'>τοῦ</span> <span class='ocrx_word' id='word_1_208' title='bbox 1229 2980 1495 3043; x_wconf 75' lang='grc' dir='ltr'>Εὖσεϐίου</span> <span class='ocrx_word' id='word_1_209' title='bbox 1552 2981 1784 3048; x_wconf 78' lang='grc' dir='ltr'>εὐσεϐῶς</span> <span class='ocrx_word' id='word_1_210' title='bbox 1840 3006 1955 3040; x_wconf 83' lang='grc' dir='ltr'>κοι-</span> 
     </span>
    </p>
   </div>
   <div class='ocr_carea' id='block_1_34' title="bbox 320 3084 604 3155">
    <p class='ocr_par' dir='ltr' id='par_1_34' title="bbox 320 3084 604 3155">
     <span class='ocr_line' id='line_1_34' title="bbox 320 3084 604 3155; baseline 0.007 -19"><span class='ocrx_word' id='word_1_211' title='bbox 320 3084 604 3155; x_wconf 73' lang='grc' dir='ltr'>μηθέντος.</span> 
     </span>
    </p>
   </div>
   <div class='ocr_carea' id='block_1_35' title="bbox 382 3160 1951 3242">
    <p class='ocr_par' dir='ltr' id='par_1_35' title="bbox 382 3160 1951 3242">
     <span class='ocr_line' id='line_1_35' title="bbox 382 3160 1951 3242; baseline -0.008 -15"><span class='ocrx_word' id='word_1_212' title='bbox 382 3174 474 3242; x_wconf 80' lang='grc' dir='ltr'>Τῷ</span> <span class='ocrx_word' id='word_1_213' title='bbox 532 3176 557 3224; x_wconf 87' lang='grc' dir='ltr'>ι’</span> <span class='ocrx_word' id='word_1_214' title='bbox 609 3163 716 3223; x_wconf 78' lang='grc' dir='ltr'>ἔτει</span> <span class='ocrx_word' id='word_1_215' title='bbox 771 3160 1103 3240; x_wconf 76' lang='grc' dir='ltr'>Ἀμϐρόσιος</span> <span class='ocrx_word' id='word_1_216' title='bbox 1167 3164 1301 3237; x_wconf 86' lang='grc' dir='ltr'>μετᾶ</span> <span class='ocrx_word' id='word_1_217' title='bbox 1364 3160 1621 3232; x_wconf 82' lang='grc' dir='ltr'>Εὐδόξιον</span> <span class='ocrx_word' id='word_1_218' title='bbox 1679 3169 1781 3231; x_wconf 71' lang='grc' dir='ltr'>τῆς</span> <span class='ocrx_word' id='word_1_219' title='bbox 1837 3163 1951 3218; x_wconf 83' lang='grc' dir='ltr'>Ἐκ-</span> 
     </span>
    </p>
   </div>
   <div class='ocr_carea' id='block_1_36' title="bbox 306 3217 2023 3330">
    <p class='ocr_par' dir='ltr' id='par_1_36' title="bbox 306 3217 2023 3330">
     <span class='ocr_line' id='line_1_36' title="bbox 394 3217 1780 3242; baseline -0.007 -1"><span class='ocrx_word' id='word_1_220' title='bbox 394 3217 472 3242; x_wconf 74' lang='grc' dir='ltr'>’τ</span> <span class='ocrx_word' id='word_1_221' title='bbox 536 3217 548 3224; x_wconf 69' lang='grc' dir='ltr'>ν</span> <span class='ocrx_word' id='word_1_222' title='bbox 611 3217 715 3223; x_wconf 66' lang='grc' dir='ltr'><strong>-νν-</strong></span> <span class='ocrx_word' id='word_1_223' title='bbox 791 3217 1102 3240; x_wconf 28' lang='grc' dir='ltr'>-ἰ--τι--ν-*τ</span> <span class='ocrx_word' id='word_1_224' title='bbox 1368 3217 1405 3219; x_wconf 27' lang='grc' dir='ltr'><strong>ἡ</strong></span> <span class='ocrx_word' id='word_1_225' title='bbox 1513 3217 1534 3232; x_wconf 76' lang='grc' dir='ltr'>τ</span> <span class='ocrx_word' id='word_1_226' title='bbox 1739 3217 1780 3231; x_wconf 86' lang='grc'>.-</span> 
     </span>
     <span class='ocr_line' id='line_1_37' title="bbox 306 3217 2023 3330; baseline -0.007 -14"><span class='ocrx_word' id='word_1_227' title='bbox 306 3258 542 3330; x_wconf 81' lang='grc' dir='ltr'>κλησίας</span> <span class='ocrx_word' id='word_1_228' title='bbox 596 3253 952 3315; x_wconf 81' lang='grc' dir='ltr'>Μεδιολανῶν</span> <span class='ocrx_word' id='word_1_229' title='bbox 1020 3254 1288 3329; x_wconf 75' lang='grc' dir='ltr'>ἡγήσατο,</span> <span class='ocrx_word' id='word_1_230' title='bbox 1346 3250 1798 3307; x_wconf 80' lang='grc' dir='ltr'>Οὐαλεντινιανοῦ</span> <span class='ocrx_word' id='word_1_231' title='bbox 1854 3217 2023 3305; x_wconf 65' lang='grc' dir='ltr'>τοῦ(Ξ</span> 
     </span>
    </p>
   </div>
   <div class='ocr_carea' id='block_1_37' title="bbox 304 3334 1953 3425">
    <p class='ocr_par' dir='ltr' id='par_1_37' title="bbox 304 3334 1953 3425">
     <span class='ocr_line' id='line_1_38' title="bbox 304 3334 1953 3425; baseline -0.007 -21"><span class='ocrx_word' id='word_1_232' title='bbox 304 3346 574 3425; x_wconf 78' lang='grc' dir='ltr'>βασιλέως</span> <span class='ocrx_word' id='word_1_233' title='bbox 604 3345 776 3402; x_wconf 78' lang='grc' dir='ltr'>ἐκεῖσε</span> <span class='ocrx_word' id='word_1_234' title='bbox 807 3343 1112 3420; x_wconf 85' lang='grc' dir='ltr'>διάγοντος.</span> <span class='ocrx_word' id='word_1_235' title='bbox 1168 3342 1267 3398; x_wconf 88' lang='grc' dir='ltr'>Καὶ</span> <span class='ocrx_word' id='word_1_236' title='bbox 1311 3340 1415 3416; x_wconf 72' lang='grc' dir='ltr'>γὰρ</span> <span class='ocrx_word' id='word_1_237' title='bbox 1465 3340 1559 3395; x_wconf 87' lang='grc' dir='ltr'>τὸν</span> <span class='ocrx_word' id='word_1_238' title='bbox 1616 3334 1953 3414; x_wconf 78' lang='grc' dir='ltr'>Ἀμϐρόσιον</span> 
     </span>
    </p>
   </div>
   <div class='ocr_carea' id='block_1_38' title="bbox 301 3425 1952 3509">
    <p class='ocr_par' dir='ltr' id='par_1_38' title="bbox 301 3425 1952 3509">
     <span class='ocr_line' id='line_1_39' title="bbox 301 3425 1952 3509; baseline -0.007 -16"><span class='ocrx_word' id='word_1_239' title='bbox 301 3437 391 3493; x_wconf 76' lang='grc' dir='ltr'>ἐπὶ</span> <span class='ocrx_word' id='word_1_240' title='bbox 449 3440 530 3509; x_wconf 81' lang='grc' dir='ltr'>τῷ</span> <span class='ocrx_word' id='word_1_241' title='bbox 583 3432 834 3490; x_wconf 79' lang='grc' dir='ltr'>διαλῦσαι</span> <span class='ocrx_word' id='word_1_242' title='bbox 889 3436 998 3488; x_wconf 75' lang='grc' dir='ltr'>τῶν</span> <span class='ocrx_word' id='word_1_243' title='bbox 1056 3425 1584 3508; x_wconf 74' lang='grc' dir='ltr'>ἀμφισϐητουμένων</span> <span class='ocrx_word' id='word_1_244' title='bbox 1667 3429 1952 3503; x_wconf 79' lang='grc' dir='ltr'>αἱρετικῶν</span> 
     </span>
    </p>
   </div>
   <div class='ocr_carea' id='block_1_39' title="bbox 300 3513 1953 3601">
    <p class='ocr_par' dir='ltr' id='par_1_39' title="bbox 300 3513 1953 3601">
     <span class='ocr_line' id='line_1_40' title="bbox 300 3513 1953 3601; baseline -0.007 -18"><span class='ocrx_word' id='word_1_245' title='bbox 300 3527 397 3589; x_wconf 73' lang='grc' dir='ltr'>τὰς</span> <span class='ocrx_word' id='word_1_246' title='bbox 455 3521 639 3601; x_wconf 79' lang='grc' dir='ltr'>ἔριδας</span> <span class='ocrx_word' id='word_1_247' title='bbox 693 3519 1086 3590; x_wconf 77' lang='grc' dir='ltr'>ἀποσταλέντα,</span> <span class='ocrx_word' id='word_1_248' title='bbox 1149 3516 1228 3573; x_wconf 81' lang='grc' dir='ltr'>ἔτι</span> <span class='ocrx_word' id='word_1_249' title='bbox 1314 3519 1737 3595; x_wconf 81' lang='grc' dir='ltr'>κατηχούμενον</span> <span class='ocrx_word' id='word_1_250' title='bbox 1805 3513 1953 3587; x_wconf 73' lang='grc' dir='ltr'>ὄντα,</span> 
     </span>
    </p>
   </div>
   <div class='ocr_carea' id='block_1_40' title="bbox 304 3605 1957 3689">
    <p class='ocr_par' dir='ltr' id='par_1_40' title="bbox 304 3605 1957 3689">
     <span class='ocr_line' id='line_1_41' title="bbox 304 3605 1957 3689; baseline -0.007 -18"><span class='ocrx_word' id='word_1_251' title='bbox 304 3615 733 3689; x_wconf 77' lang='grc' dir='ltr'>ἐξαιτησάμενος</span> <span class='ocrx_word' id='word_1_252' title='bbox 766 3614 793 3667; x_wconf 90' lang='grc' dir='ltr'><strong>ὁ</strong></span> <span class='ocrx_word' id='word_1_253' title='bbox 840 3610 975 3674; x_wconf 88' lang='grc' dir='ltr'>λαὸς</span> <span class='ocrx_word' id='word_1_254' title='bbox 1033 3605 1292 3664; x_wconf 76' lang='grc' dir='ltr'>ἐϐάπτισε</span> <span class='ocrx_word' id='word_1_255' title='bbox 1350 3607 1439 3662; x_wconf 86' lang='grc' dir='ltr'>καὶ</span> <span class='ocrx_word' id='word_1_256' title='bbox 1498 3606 1787 3662; x_wconf 80' lang='grc' dir='ltr'>ἐπίσκοπον</span> <span class='ocrx_word' id='word_1_257' title='bbox 1845 3612 1957 3662; x_wconf 81' lang='grc' dir='ltr'>Με-</span> 
     </span>
    </p>
   </div>
   <div class='ocr_carea' id='block_1_41' title="bbox 302 3692 1953 3773">
    <p class='ocr_par' dir='ltr' id='par_1_41' title="bbox 302 3692 1953 3773">
     <span class='ocr_line' id='line_1_42' title="bbox 302 3692 1953 3773; baseline -0.007 -12"><span class='ocrx_word' id='word_1_258' title='bbox 302 3703 574 3761; x_wconf 81' lang='grc' dir='ltr'>διόλανῶν</span> <span class='ocrx_word' id='word_1_259' title='bbox 637 3702 909 3771; x_wconf 83' lang='grc' dir='ltr'>ἐποίησεν.</span> <span class='ocrx_word' id='word_1_260' title='bbox 987 3700 1162 3773; x_wconf 77' lang='grc' dir='ltr'>’Όπερ</span> <span class='ocrx_word' id='word_1_261' title='bbox 1218 3696 1449 3757; x_wconf 81' lang='grc' dir='ltr'>ἀκούσας</span> <span class='ocrx_word' id='word_1_262' title='bbox 1503 3692 1953 3758; x_wconf 81' lang='grc' dir='ltr'>Οὐαλεντινιανὸς</span> 
     </span>
    </p>
   </div>
   <div class='ocr_carea' id='block_1_42' title="bbox 300 3785 1950 3870">
    <p class='ocr_par' dir='ltr' id='par_1_42' title="bbox 300 3785 1950 3870">
     <span class='ocr_line' id='line_1_43' title="bbox 300 3785 1950 3870; baseline -0.007 -19"><span class='ocrx_word' id='word_1_263' title='bbox 300 3797 329 3850; x_wconf 83' lang='grc' dir='ltr'>ὁ</span> <span class='ocrx_word' id='word_1_264' title='bbox 363 3792 643 3870; x_wconf 78' lang='grc' dir='ltr'>βασιλεὺς,</span> <span class='ocrx_word' id='word_1_265' title='bbox 673 3791 854 3866; x_wconf 80' lang='grc' dir='ltr'>Χάρις</span> <span class='ocrx_word' id='word_1_266' title='bbox 886 3810 993 3859; x_wconf 88' lang='grc' dir='ltr'>σοι,</span> <span class='ocrx_word' id='word_1_267' title='bbox 1043 3787 1169 3865; x_wconf 77' lang='grc' dir='ltr'>ἔφη,</span> <span class='ocrx_word' id='word_1_268' title='bbox 1228 3787 1273 3840; x_wconf 81' lang='grc' dir='ltr'><strong>ὦ</strong></span> <span class='ocrx_word' id='word_1_269' title='bbox 1314 3785 1554 3840; x_wconf 84' lang='grc' dir='ltr'>Δέσποτα</span> <span class='ocrx_word' id='word_1_270' title='bbox 1605 3786 1700 3841; x_wconf 74' lang='grc' dir='ltr'>Θεὲ</span> <span class='ocrx_word' id='word_1_271' title='bbox 1756 3805 1950 3840; x_wconf 86' lang='grc' dir='ltr'>παντο-</span> 
     </span>
    </p>
   </div>
   <div class='ocr_carea' id='block_1_43' title="bbox 299 3871 1952 3961">
    <p class='ocr_par' dir='ltr' id='par_1_43' title="bbox 299 3871 1952 3961">
     <span class='ocr_line' id='line_1_44' title="bbox 299 3871 1952 3961; baseline -0.007 -22"><span class='ocrx_word' id='word_1_272' title='bbox 299 3885 518 3961; x_wconf 82' lang='grc' dir='ltr'>κράτωρ</span> <span class='ocrx_word' id='word_1_273' title='bbox 549 3882 640 3936; x_wconf 80' lang='grc' dir='ltr'>καὶ</span> <span class='ocrx_word' id='word_1_274' title='bbox 676 3884 857 3952; x_wconf 83' lang='grc' dir='ltr'>Σῶτερ</span> <span class='ocrx_word' id='word_1_275' title='bbox 889 3879 1143 3951; x_wconf 64' lang='grc' dir='ltr'>⁵ἡμέτερε,</span> <span class='ocrx_word' id='word_1_276' title='bbox 1195 3874 1281 3930; x_wconf 81' lang='grc' dir='ltr'>ὅτι</span> <span class='ocrx_word' id='word_1_277' title='bbox 1336 3871 1475 3947; x_wconf 80' lang='grc' dir='ltr'>τῷδε</span> <span class='ocrx_word' id='word_1_278' title='bbox 1522 3879 1602 3946; x_wconf 83' lang='grc' dir='ltr'>τῷ</span> <span class='ocrx_word' id='word_1_279' title='bbox 1645 3871 1796 3949; x_wconf 66' lang='grc' dir='ltr'>ἀνδρὶ</span> <span class='ocrx_word' id='word_1_280' title='bbox 1846 3873 1952 3950; x_wconf 84' lang='grc' dir='ltr'>ἐγὼ</span> 
     </span>
    </p>
   </div>
   <div class='ocr_carea' id='block_1_44' title="bbox 303 3963 1949 4047">
    <p class='ocr_par' dir='ltr' id='par_1_44' title="bbox 303 3963 1949 4047">
     <span class='ocr_line' id='line_1_45' title="bbox 303 3963 1949 4047; baseline -0.007 -19"><span class='ocrx_word' id='word_1_281' title='bbox 303 3975 398 4047; x_wconf 81' lang='grc' dir='ltr'>μὶν</span> <span class='ocrx_word' id='word_1_282' title='bbox 455 3973 706 4045; x_wconf 85' lang='grc' dir='ltr'>σώματα,</span> <span class='ocrx_word' id='word_1_283' title='bbox 773 3967 837 4023; x_wconf 76' lang='grc' dir='ltr'>σὺ</span> <span class='ocrx_word' id='word_1_284' title='bbox 896 3965 953 4022; x_wconf 73' lang='grc' dir='ltr'>δὲ</span> <span class='ocrx_word' id='word_1_285' title='bbox 1009 3965 1189 4041; x_wconf 77' lang='grc' dir='ltr'>ψυχὰς</span> <span class='ocrx_word' id='word_1_286' title='bbox 1245 3965 1543 4038; x_wconf 82' lang='grc' dir='ltr'>ἀνθρώπων</span> <span class='ocrx_word' id='word_1_287' title='bbox 1602 3963 1949 4039; x_wconf 81' lang='grc' dir='ltr'>ἐνεχείρισας,</span> 
     </span>
    </p>
   </div>
   <div class='ocr_carea' id='block_1_45' title="bbox 305 4052 1952 4135">
    <p class='ocr_par' dir='ltr' id='par_1_45' title="bbox 305 4052 1952 4135">
     <span class='ocr_line' id='line_1_46' title="bbox 305 4052 1952 4135; baseline -0.006 -18"><span class='ocrx_word' id='word_1_288' title='bbox 305 4060 596 4135; x_wconf 76' lang='grc' dir='ltr'>καὶταύτῃ</span> <span class='ocrx_word' id='word_1_289' title='bbox 629 4059 725 4122; x_wconf 87' lang='grc' dir='ltr'>τὰς</span> <span class='ocrx_word' id='word_1_290' title='bbox 761 4057 895 4131; x_wconf 75' lang='grc' dir='ltr'>ἐμὰς</span> <span class='ocrx_word' id='word_1_291' title='bbox 955 4058 1171 4133; x_wconf 70' lang='grc' dir='ltr'>ψήφους</span> <span class='ocrx_word' id='word_1_292' title='bbox 1230 4052 1438 4115; x_wconf 81' lang='grc' dir='ltr'>δικαίας</span> <span class='ocrx_word' id='word_1_293' title='bbox 1486 4054 1781 4130; x_wconf 67' lang='grc' dir='ltr'>ἀπέφηνας.</span> <span class='ocrx_word' id='word_1_294' title='bbox 1844 4056 1952 4117; x_wconf 77' lang='grc' dir='ltr'>Τῆς</span> 
     </span>
    </p>
   </div>
   <div class='ocr_carea' id='block_1_46' title="bbox 303 4141 1952 4220">
    <p class='ocr_par' dir='ltr' id='par_1_46' title="bbox 303 4141 1952 4220">
     <span class='ocr_line' id='line_1_47' title="bbox 303 4141 1952 4220; baseline -0.008 -12"><span class='ocrx_word' id='word_1_295' title='bbox 303 4150 360 4207; x_wconf 69' lang='grc' dir='ltr'>δὲ</span> <span class='ocrx_word' id='word_1_296' title='bbox 393 4150 603 4210; x_wconf 74' lang='grc' dir='ltr'>Δύσεως</span> <span class='ocrx_word' id='word_1_297' title='bbox 632 4149 813 4218; x_wconf 87' lang='grc' dir='ltr'>πάσης</span> <span class='ocrx_word' id='word_1_298' title='bbox 867 4142 1069 4220; x_wconf 82' lang='grc' dir='ltr'>Τριάδα</span> <span class='ocrx_word' id='word_1_299' title='bbox 1127 4146 1209 4217; x_wconf 87' lang='grc' dir='ltr'>[Ρ.</span> <span class='ocrx_word' id='word_1_300' title='bbox 1280 4145 1404 4216; x_wconf 83' lang='grc'>312]</span> <span class='ocrx_word' id='word_1_301' title='bbox 1471 4141 1762 4215; x_wconf 81' lang='grc' dir='ltr'>ὁμοοόσιον</span> <span class='ocrx_word' id='word_1_302' title='bbox 1818 4163 1952 4216; x_wconf 85' lang='grc' dir='ltr'>πρε-</span> 
     </span>
    </p>
   </div>
   <div class='ocr_carea' id='block_1_47' title="bbox 306 4230 1953 4312">
    <p class='ocr_par' dir='ltr' id='par_1_47' title="bbox 306 4230 1953 4312">
     <span class='ocr_line' id='line_1_48' title="bbox 306 4230 1953 4312; baseline -0.007 -16"><span class='ocrx_word' id='word_1_303' title='bbox 306 4237 609 4308; x_wconf 79' lang='grc' dir='ltr'>σϐευούσης</span> <span class='ocrx_word' id='word_1_304' title='bbox 665 4236 944 4312; x_wconf 72' lang='grc' dir='ltr'>ᾐτήσαντο</span> <span class='ocrx_word' id='word_1_305' title='bbox 1021 4232 1486 4302; x_wconf 78' lang='grc' dir='ltr'>Οὖαλεντινιανὸν,</span> <span class='ocrx_word' id='word_1_306' title='bbox 1568 4231 1655 4285; x_wconf 83' lang='grc' dir='ltr'>καὶ</span> <span class='ocrx_word' id='word_1_307' title='bbox 1729 4230 1953 4301; x_wconf 78' lang='grc' dir='ltr'>ἐποίησε</span> 
     </span>
    </p>
   </div>
   <div class='ocr_carea' id='block_1_48' title="bbox 299 4316 1952 4398">
    <p class='ocr_par' dir='ltr' id='par_1_48' title="bbox 299 4316 1952 4398">
     <span class='ocr_line' id='line_1_49' title="bbox 299 4316 1952 4398; baseline -0.008 -13"><span class='ocrx_word' id='word_1_308' title='bbox 299 4327 526 4385; x_wconf 74' lang='grc' dir='ltr'>σύνοδον</span> <span class='ocrx_word' id='word_1_309' title='bbox 559 4327 611 4382; x_wconf 82' lang='grc' dir='ltr'>ἐν</span> <span class='ocrx_word' id='word_1_310' title='bbox 644 4331 723 4398; x_wconf 82' lang='grc' dir='ltr'>τῷ</span> <span class='ocrx_word' id='word_1_311' title='bbox 782 4322 1079 4397; x_wconf 83' lang='grc' dir='ltr'>Ἰλλυρικῷ</span> <span class='ocrx_word' id='word_1_312' title='bbox 1145 4323 1284 4395; x_wconf 79' lang='grc'>[24],</span> <span class='ocrx_word' id='word_1_313' title='bbox 1338 4319 1426 4375; x_wconf 82' lang='grc' dir='ltr'>καὶ</span> <span class='ocrx_word' id='word_1_314' title='bbox 1483 4321 1582 4389; x_wconf 68' lang='grc' dir='ltr'>τὴν</span> <span class='ocrx_word' id='word_1_315' title='bbox 1642 4316 1693 4373; x_wconf 85' lang='grc' dir='ltr'>ἐν</span> <span class='ocrx_word' id='word_1_316' title='bbox 1748 4319 1952 4390; x_wconf 76' lang='grc' dir='ltr'>Νικαίᾳ</span> 
     </span>
    </p>
   </div>
   <div class='ocr_carea' id='block_1_49' title="bbox 295 4403 1949 4490">
    <p class='ocr_par' dir='ltr' id='par_1_49' title="bbox 295 4403 1949 4490">
     <span class='ocr_line' id='line_1_50' title="bbox 295 4403 1949 4490; baseline -0.008 -15"><span class='ocrx_word' id='word_1_317' title='bbox 295 4422 481 4475; x_wconf 87' lang='grc' dir='ltr'>πίστιν</span> <span class='ocrx_word' id='word_1_318' title='bbox 536 4415 825 4490; x_wconf 65' lang='grc' dir='ltr'>ἐκύρωσεν.</span> <span class='ocrx_word' id='word_1_319' title='bbox 885 4409 1117 4469; x_wconf 78' lang='grc' dir='ltr'>Ἵδικτον</span> <span class='ocrx_word' id='word_1_320' title='bbox 1175 4407 1233 4465; x_wconf 74' lang='grc' dir='ltr'>δὲ</span> <span class='ocrx_word' id='word_1_321' title='bbox 1288 4403 1511 4484; x_wconf 76' lang='grc' dir='ltr'>ἔγραψεν</span> <span class='ocrx_word' id='word_1_322' title='bbox 1569 4405 1949 4465; x_wconf 78' lang='grc' dir='ltr'>Οὐαλεντινια-</span> 
     </span>
    </p>
   </div>
   <div class='ocr_carea' id='block_1_50' title="bbox 294 4495 1948 4576">
    <p class='ocr_par' dir='ltr' id='par_1_50' title="bbox 294 4495 1948 4576">
     <span class='ocr_line' id='line_1_51' title="bbox 294 4495 1948 4576; baseline -0.008 -13"><span class='ocrx_word' id='word_1_323' title='bbox 294 4509 387 4571; x_wconf 83' lang='grc' dir='ltr'>νὸς</span> <span class='ocrx_word' id='word_1_324' title='bbox 416 4512 536 4568; x_wconf 87' lang='grc' dir='ltr'>τοῖς</span> <span class='ocrx_word' id='word_1_325' title='bbox 585 4504 637 4560; x_wconf 85' lang='grc' dir='ltr'>ἐν</span> <span class='ocrx_word' id='word_1_326' title='bbox 680 4502 831 4574; x_wconf 82' lang='grc' dir='ltr'>Ἀσίᾳ</span> <span class='ocrx_word' id='word_1_327' title='bbox 881 4500 971 4555; x_wconf 87' lang='grc' dir='ltr'>καὶ</span> <span class='ocrx_word' id='word_1_328' title='bbox 1021 4497 1369 4576; x_wconf 41' lang='grc' dir='ltr'>Φρυγίᾳνκαὶ</span> <span class='ocrx_word' id='word_1_329' title='bbox 1418 4502 1549 4552; x_wconf 80' lang='grc' dir='ltr'>πᾶσι</span> <span class='ocrx_word' id='word_1_330' title='bbox 1604 4500 1719 4559; x_wconf 85' lang='grc' dir='ltr'>τοῖς</span> <span class='ocrx_word' id='word_1_331' title='bbox 1770 4495 1822 4550; x_wconf 80' lang='grc' dir='ltr'>ἐν</span> <span class='ocrx_word' id='word_1_332' title='bbox 1879 4499 1948 4569; x_wconf 79' lang='grc' dir='ltr'>τῇ</span> 
     </span>
    </p>
   </div>
   <div class='ocr_carea' id='block_1_51' title="bbox 2065 582 3711 660">
    <p class='ocr_par' dir='ltr' id='par_1_51' title="bbox 2065 582 3711 660">
     <span class='ocr_line' id='line_1_52' title="bbox 2065 582 3711 660; baseline 0.008 -24"><span class='ocrx_word' id='word_1_333' title='bbox 2065 582 2228 637; x_wconf 89' lang='lat' dir='ltr'>dedit</span> <span class='ocrx_word' id='word_1_334' title='bbox 2257 583 2630 638; x_wconf 82' lang='lat' dir='ltr'>sacriﬁcandi</span> <span class='ocrx_word' id='word_1_335' title='bbox 2691 589 2748 639; x_wconf 93' lang='lat' dir='ltr'>et</span> <span class='ocrx_word' id='word_1_336' title='bbox 2787 586 2971 641; x_wconf 87' lang='lat' dir='ltr'>festos</span> <span class='ocrx_word' id='word_1_337' title='bbox 3009 586 3136 643; x_wconf 90' lang='lat' dir='ltr'>dies</span> <span class='ocrx_word' id='word_1_338' title='bbox 3184 589 3414 660; x_wconf 86' lang='lat' dir='ltr'>agendi.</span> <span class='ocrx_word' id='word_1_339' title='bbox 3467 592 3619 656; x_wconf 88' lang='lat' dir='ltr'>Quin</span> <span class='ocrx_word' id='word_1_340' title='bbox 3651 598 3711 648; x_wconf 91' lang='lat' dir='ltr'>et</span> 
     </span>
    </p>
   </div>
   <div class='ocr_carea' id='block_1_52' title="bbox 2061 672 3711 739">
    <p class='ocr_par' dir='ltr' id='par_1_52' title="bbox 2061 672 3711 739">
     <span class='ocr_line' id='line_1_53' title="bbox 2061 672 3711 739; baseline 0.008 -13"><span class='ocrx_word' id='word_1_341' title='bbox 2061 672 2295 728; x_wconf 72' lang='lat' dir='ltr'>Judasos</span> <span class='ocrx_word' id='word_1_342' title='bbox 2328 672 2388 727; x_wconf 91' lang='lat' dir='ltr'>in</span> <span class='ocrx_word' id='word_1_343' title='bbox 2443 673 2670 727; x_wconf 82' lang='lat' dir='ltr'>honore</span> <span class='ocrx_word' id='word_1_344' title='bbox 2727 673 2952 729; x_wconf 82' lang='lat' dir='ltr'>habuit.</span> <span class='ocrx_word' id='word_1_345' title='bbox 3014 676 3181 731; x_wconf 91' lang='lat' dir='ltr'>Solos</span> <span class='ocrx_word' id='word_1_346' title='bbox 3239 678 3601 736; x_wconf 90' lang='lat' dir='ltr'>Christianos</span> <span class='ocrx_word' id='word_1_347' title='bbox 3651 688 3711 739; x_wconf 90' lang='lat' dir='ltr'>et</span> 
     </span>
    </p>
   </div>
   <div class='ocr_carea' id='block_1_53' title="bbox 2063 761 3321 834">
    <p class='ocr_par' dir='ltr' id='par_1_53' title="bbox 2063 761 3321 834">
     <span class='ocr_line' id='line_1_54' title="bbox 2063 761 3321 834; baseline 0.004 -17"><span class='ocrx_word' id='word_1_348' title='bbox 2063 762 2418 833; x_wconf 87' lang='lat' dir='ltr'>apostolicas</span> <span class='ocrx_word' id='word_1_349' title='bbox 2448 761 2742 817; x_wconf 88' lang='lat' dir='ltr'>Ecclesias</span> <span class='ocrx_word' id='word_1_350' title='bbox 2772 763 3025 834; x_wconf 84' lang='lat' dir='ltr'>graviter</span> <span class='ocrx_word' id='word_1_351' title='bbox 3052 765 3321 822; x_wconf 82' lang='lat' dir='ltr'>vexabat.</span> 
     </span>
    </p>
   </div>
   <div class='ocr_carea' id='block_1_54' title="bbox 2134 940 3707 1004">
    <p class='ocr_par' dir='ltr' id='par_1_54' title="bbox 2134 940 3707 1004">
     <span class='ocr_line' id='line_1_55' title="bbox 2134 940 3707 1004; baseline 0.002 -5"><span class='ocrx_word' id='word_1_352' title='bbox 2134 942 2283 999; x_wconf 73' lang='lat'>545</span> <span class='ocrx_word' id='word_1_353' title='bbox 2319 943 2531 997; x_wconf 90' lang='lat' dir='ltr'>Octavo</span> <span class='ocrx_word' id='word_1_354' title='bbox 2564 940 2963 996; x_wconf 83' lang='lat' dir='ltr'>Valentiniani</span> <span class='ocrx_word' id='word_1_355' title='bbox 3021 958 3178 998; x_wconf 91' lang='lat' dir='ltr'>anno</span> <span class='ocrx_word' id='word_1_356' title='bbox 3232 945 3442 1001; x_wconf 83' lang='lat' dir='ltr'>Valens</span> <span class='ocrx_word' id='word_1_357' title='bbox 3500 949 3707 1004; x_wconf 86' lang='lat' dir='ltr'>Antio-</span> 
     </span>
    </p>
   </div>
   <div class='ocr_carea' id='block_1_55' title="bbox 2062 1031 3702 1103">
    <p class='ocr_par' dir='ltr' id='par_1_55' title="bbox 2062 1031 3702 1103">
     <span class='ocr_line' id='line_1_56' title="bbox 2062 1031 3702 1103; baseline 0.002 -16"><span class='ocrx_word' id='word_1_358' title='bbox 2062 1032 2258 1087; x_wconf 89' lang='lat' dir='ltr'>chiam</span> <span class='ocrx_word' id='word_1_359' title='bbox 2292 1032 2472 1103; x_wconf 67' lang='lat' dir='ltr'>Syria:</span> <span class='ocrx_word' id='word_1_360' title='bbox 2520 1031 2764 1085; x_wconf 90' lang='lat' dir='ltr'>veniens</span> <span class='ocrx_word' id='word_1_361' title='bbox 2814 1031 3163 1087; x_wconf 84' lang='lat' dir='ltr'>Christianis</span> <span class='ocrx_word' id='word_1_362' title='bbox 3212 1035 3434 1090; x_wconf 87' lang='lat' dir='ltr'>atrocia</span> <span class='ocrx_word' id='word_1_363' title='bbox 3480 1036 3702 1102; x_wconf 87' lang='lat' dir='ltr'>intulit,</span> 
     </span>
    </p>
   </div>
   <div class='ocr_carea' id='block_1_56' title="bbox 2061 1119 3703 1192">
    <p class='ocr_par' dir='ltr' id='par_1_56' title="bbox 2061 1119 3703 1192">
     <span class='ocr_line' id='line_1_57' title="bbox 2061 1119 3703 1192; baseline 0.004 -16"><span class='ocrx_word' id='word_1_364' title='bbox 2061 1120 2281 1176; x_wconf 88' lang='lat' dir='ltr'>multos</span> <span class='ocrx_word' id='word_1_365' title='bbox 2311 1120 2505 1192; x_wconf 90' lang='lat' dir='ltr'>gladio</span> <span class='ocrx_word' id='word_1_366' title='bbox 2536 1119 2861 1189; x_wconf 86' lang='lat' dir='ltr'>trucidans,</span> <span class='ocrx_word' id='word_1_367' title='bbox 2885 1119 3034 1175; x_wconf 88' lang='lat' dir='ltr'>alios</span> <span class='ocrx_word' id='word_1_368' title='bbox 3051 1121 3113 1175; x_wconf 89' lang='lat' dir='ltr'>in</span> <span class='ocrx_word' id='word_1_369' title='bbox 3138 1122 3470 1192; x_wconf 73' lang='lat' dir='ltr'>profluente</span> <span class='ocrx_word' id='word_1_370' title='bbox 3487 1126 3703 1182; x_wconf 89' lang='lat' dir='ltr'>Oronte</span> 
     </span>
    </p>
   </div>
   <div class='ocr_carea' id='block_1_57' title="bbox 2062 1208 3699 1282">
    <p class='ocr_par' dir='ltr' id='par_1_57' title="bbox 2062 1208 3699 1282">
     <span class='ocr_line' id='line_1_58' title="bbox 2062 1208 3699 1282; baseline 0.002 -17"><span class='ocrx_word' id='word_1_371' title='bbox 2062 1226 2352 1282; x_wconf 88' lang='lat' dir='ltr'>mergens.</span> <span class='ocrx_word' id='word_1_372' title='bbox 2386 1209 2480 1264; x_wconf 88' lang='lat' dir='ltr'>Sic</span> <span class='ocrx_word' id='word_1_373' title='bbox 2510 1214 2568 1263; x_wconf 92' lang='lat' dir='ltr'>et</span> <span class='ocrx_word' id='word_1_374' title='bbox 2600 1208 2827 1265; x_wconf 59' lang='lat' dir='ltr'>Edessa;</span> <span class='ocrx_word' id='word_1_375' title='bbox 2858 1209 3225 1264; x_wconf 88' lang='lat' dir='ltr'>Christianos</span> <span class='ocrx_word' id='word_1_376' title='bbox 3268 1214 3574 1267; x_wconf 80' lang='lat' dir='ltr'>turmatim</span> <span class='ocrx_word' id='word_1_377' title='bbox 3605 1230 3699 1269; x_wconf 91' lang='lat' dir='ltr'>ca-</span> 
     </span>
    </p>
   </div>
   <div class='ocr_carea' id='block_1_58' title="bbox 2061 1298 3701 1372">
    <p class='ocr_par' dir='ltr' id='par_1_58' title="bbox 2061 1298 3701 1372">
     <span class='ocr_line' id='line_1_59' title="bbox 2061 1298 3701 1372; baseline 0.003 -19"><span class='ocrx_word' id='word_1_378' title='bbox 2061 1300 2231 1372; x_wconf 91' lang='lat' dir='ltr'>piens</span> <span class='ocrx_word' id='word_1_379' title='bbox 2259 1298 2504 1355; x_wconf 86' lang='lat' dir='ltr'>necavit.</span> <span class='ocrx_word' id='word_1_380' title='bbox 2565 1299 2688 1362; x_wconf 88' lang='lat' dir='ltr'>Quo</span> <span class='ocrx_word' id='word_1_381' title='bbox 2742 1303 3008 1367; x_wconf 89' lang='lat' dir='ltr'>tempore</span> <span class='ocrx_word' id='word_1_382' title='bbox 3049 1299 3320 1369; x_wconf 84' lang='lat' dir='ltr'>quaedam</span> <span class='ocrx_word' id='word_1_383' title='bbox 3370 1301 3701 1358; x_wconf 87' lang='lat' dir='ltr'>Christiana</span> 
     </span>
    </p>
   </div>
   <div class='ocr_carea' id='block_1_59' title="bbox 2061 1387 3704 1463">
    <p class='ocr_par' dir='ltr' id='par_1_59' title="bbox 2061 1387 3704 1463">
     <span class='ocr_line' id='line_1_60' title="bbox 2061 1387 3704 1463; baseline 0.001 -18"><span class='ocrx_word' id='word_1_384' title='bbox 2061 1390 2276 1445; x_wconf 90' lang='lat' dir='ltr'>mulier</span> <span class='ocrx_word' id='word_1_385' title='bbox 2288 1405 2460 1443; x_wconf 89' lang='lat' dir='ltr'>suum</span> <span class='ocrx_word' id='word_1_386' title='bbox 2473 1387 2972 1458; x_wconf 83' lang='lat' dir='ltr'>ﬁliolumpropere</span> <span class='ocrx_word' id='word_1_387' title='bbox 2986 1388 3704 1463; x_wconf 84' lang='lat' dir='ltr'>trahens:Eamus,inquit,</span> 
     </span>
    </p>
   </div>
   <div class='ocr_carea' id='block_1_60' title="bbox 2060 1476 3702 1551">
    <p class='ocr_par' dir='ltr' id='par_1_60' title="bbox 2060 1476 3702 1551">
     <span class='ocr_line' id='line_1_61' title="bbox 2060 1476 3702 1551; baseline 0.003 -18"><span class='ocrx_word' id='word_1_388' title='bbox 2060 1496 2193 1533; x_wconf 89' lang='lat' dir='ltr'>mea</span> <span class='ocrx_word' id='word_1_389' title='bbox 2227 1478 2444 1550; x_wconf 87' lang='lat' dir='ltr'>proles,</span> <span class='ocrx_word' id='word_1_390' title='bbox 2478 1481 2710 1548; x_wconf 89' lang='lat' dir='ltr'>tempus</span> <span class='ocrx_word' id='word_1_391' title='bbox 2742 1480 2831 1531; x_wconf 88' lang='lat' dir='ltr'>est</span> <span class='ocrx_word' id='word_1_392' title='bbox 2859 1476 3166 1532; x_wconf 90' lang='lat' dir='ltr'>veritatem</span> <span class='ocrx_word' id='word_1_393' title='bbox 3189 1480 3476 1551; x_wconf 80' lang='lat' dir='ltr'>sanguine</span> <span class='ocrx_word' id='word_1_394' title='bbox 3497 1488 3702 1538; x_wconf 90' lang='lat' dir='ltr'>nostro</span> 
     </span>
    </p>
   </div>
   <div class='ocr_carea' id='block_1_61' title="bbox 2059 1565 3702 1639">
    <p class='ocr_par' dir='ltr' id='par_1_61' title="bbox 2059 1565 3702 1639">
     <span class='ocr_line' id='line_1_62' title="bbox 2059 1565 3702 1639; baseline 0.002 -17"><span class='ocrx_word' id='word_1_395' title='bbox 2059 1566 2410 1639; x_wconf 88' lang='lat' dir='ltr'>obsignandi</span> <span class='ocrx_word' id='word_1_396' title='bbox 2438 1583 2452 1621; x_wconf 89' lang='lat'><strong>:</strong></span> <span class='ocrx_word' id='word_1_397' title='bbox 2482 1565 2809 1620; x_wconf 87' lang='lat' dir='ltr'>moriamur</span> <span class='ocrx_word' id='word_1_398' title='bbox 2840 1565 3057 1620; x_wconf 86' lang='lat' dir='ltr'>Christi</span> <span class='ocrx_word' id='word_1_399' title='bbox 3088 1582 3285 1623; x_wconf 90' lang='lat' dir='ltr'>causa.</span> <span class='ocrx_word' id='word_1_400' title='bbox 3319 1570 3439 1624; x_wconf 86' lang='lat' dir='ltr'>Hoc</span> <span class='ocrx_word' id='word_1_401' title='bbox 3480 1570 3702 1626; x_wconf 88' lang='lat' dir='ltr'>factum</span> 
     </span>
    </p>
   </div>
   <div class='ocr_carea' id='block_1_62' title="bbox 2061 1653 3701 1726">
    <p class='ocr_par' dir='ltr' id='par_1_62' title="bbox 2061 1653 3701 1726">
     <span class='ocr_line' id='line_1_63' title="bbox 2061 1653 3701 1726; baseline 0.002 -15"><span class='ocrx_word' id='word_1_402' title='bbox 2061 1655 2289 1711; x_wconf 87' lang='lat' dir='ltr'>Valenti</span> <span class='ocrx_word' id='word_1_403' title='bbox 2318 1654 2606 1726; x_wconf 89' lang='lat' dir='ltr'>pudorem</span> <span class='ocrx_word' id='word_1_404' title='bbox 2637 1653 2888 1709; x_wconf 82' lang='lat' dir='ltr'>incussit</span> <span class='ocrx_word' id='word_1_405' title='bbox 2918 1660 2974 1709; x_wconf 92' lang='lat' dir='ltr'>et</span> <span class='ocrx_word' id='word_1_406' title='bbox 3004 1654 3230 1710; x_wconf 89' lang='lat' dir='ltr'>malum</span> <span class='ocrx_word' id='word_1_407' title='bbox 3287 1656 3531 1721; x_wconf 88' lang='lat' dir='ltr'>sedavit,</span> <span class='ocrx_word' id='word_1_408' title='bbox 3583 1661 3701 1715; x_wconf 90' lang='lat' dir='ltr'>Deo</span> 
     </span>
    </p>
   </div>
   <div class='ocr_carea' id='block_1_63' title="bbox 2057 1744 3700 1820">
    <p class='ocr_par' dir='ltr' id='par_1_63' title="bbox 2057 1744 3700 1820">
     <span class='ocr_line' id='line_1_64' title="bbox 2057 1744 3700 1820; baseline 0.001 -19"><span class='ocrx_word' id='word_1_409' title='bbox 2057 1746 2342 1801; x_wconf 88' lang='lat' dir='ltr'>nimirum</span> <span class='ocrx_word' id='word_1_410' title='bbox 2381 1745 2464 1799; x_wconf 90' lang='lat' dir='ltr'>ita</span> <span class='ocrx_word' id='word_1_411' title='bbox 2493 1744 2799 1817; x_wconf 89' lang='lat' dir='ltr'>dirigente.</span> <span class='ocrx_word' id='word_1_412' title='bbox 2830 1744 3117 1799; x_wconf 78' lang='lat' dir='ltr'>Similiter</span> <span class='ocrx_word' id='word_1_413' title='bbox 3153 1745 3333 1801; x_wconf 90' lang='lat' dir='ltr'>etiam</span> <span class='ocrx_word' id='word_1_414' title='bbox 3365 1746 3426 1802; x_wconf 92' lang='lat' dir='ltr'>in</span> <span class='ocrx_word' id='word_1_415' title='bbox 3473 1751 3700 1820; x_wconf 90' lang='lat' dir='ltr'>Cappa-</span> 
     </span>
    </p>
   </div>
   <div class='ocr_carea' id='block_1_64' title="bbox 1980 1833 3701 1922">
    <p class='ocr_par' dir='ltr' id='par_1_64' title="bbox 1980 1833 3701 1922">
     <span class='ocr_line' id='line_1_65' title="bbox 1980 1833 3701 1922; baseline 0.002 -31"><span class='ocrx_word' id='word_1_416' title='bbox 1980 1856 2026 1922; x_wconf 80' lang='lat' dir='ltr'><strong>B</strong></span> <span class='ocrx_word' id='word_1_417' title='bbox 2055 1835 2227 1891; x_wconf 90' lang='lat' dir='ltr'>docia</span> <span class='ocrx_word' id='word_1_418' title='bbox 2256 1835 2539 1890; x_wconf 83' lang='lat' dir='ltr'>ecclesias</span> <span class='ocrx_word' id='word_1_419' title='bbox 2590 1833 2826 1889; x_wconf 83' lang='lat' dir='ltr'>Arianis</span> <span class='ocrx_word' id='word_1_420' title='bbox 2883 1834 3116 1890; x_wconf 88' lang='lat' dir='ltr'>tradere</span> <span class='ocrx_word' id='word_1_421' title='bbox 3171 1836 3415 1904; x_wconf 83' lang='lat' dir='ltr'>studuit,</span> <span class='ocrx_word' id='word_1_422' title='bbox 3463 1844 3701 1909; x_wconf 88' lang='lat' dir='ltr'>arrepta</span> 
     </span>
    </p>
   </div>
   <div class='ocr_carea' id='block_1_65' title="bbox 2056 1923 3696 1997">
    <p class='ocr_par' dir='ltr' id='par_1_65' title="bbox 2056 1923 3696 1997">
     <span class='ocr_line' id='line_1_66' title="bbox 2056 1923 3696 1997; baseline 0.001 -17"><span class='ocrx_word' id='word_1_423' title='bbox 2056 1925 2469 1980; x_wconf 61' lang='lat' dir='ltr'>controversia:</span> <span class='ocrx_word' id='word_1_424' title='bbox 2499 1924 2831 1989; x_wconf 87' lang='lat' dir='ltr'>occasione,</span> <span class='ocrx_word' id='word_1_425' title='bbox 2865 1940 2997 1993; x_wconf 65' lang='lat' dir='ltr'>quae</span> <span class='ocrx_word' id='word_1_426' title='bbox 3032 1923 3447 1980; x_wconf 85' lang='lat' dir='ltr'>intercesserat</span> <span class='ocrx_word' id='word_1_427' title='bbox 3484 1942 3696 1997; x_wconf 89' lang='lat' dir='ltr'>magno</span> 
     </span>
    </p>
   </div>
   <div class='ocr_carea' id='block_1_66' title="bbox 2058 2011 3700 2083">
    <p class='ocr_par' dir='ltr' id='par_1_66' title="bbox 2058 2011 3700 2083">
     <span class='ocr_line' id='line_1_67' title="bbox 2058 2011 3700 2083; baseline 0.001 -15"><span class='ocrx_word' id='word_1_428' title='bbox 2058 2013 2293 2081; x_wconf 87' lang='lat' dir='ltr'>Basilio,</span> <span class='ocrx_word' id='word_1_429' title='bbox 2326 2017 2467 2067; x_wconf 92' lang='lat' dir='ltr'>tunc</span> <span class='ocrx_word' id='word_1_430' title='bbox 2524 2011 2867 2083; x_wconf 81' lang='lat' dir='ltr'>presbytero</span> <span class='ocrx_word' id='word_1_431' title='bbox 2917 2012 3216 2081; x_wconf 65' lang='lat' dir='ltr'>Cussareae,</span> <span class='ocrx_word' id='word_1_432' title='bbox 3271 2029 3407 2068; x_wconf 92' lang='lat' dir='ltr'>cum</span> <span class='ocrx_word' id='word_1_433' title='bbox 3446 2015 3700 2071; x_wconf 90' lang='lat' dir='ltr'>Eusebio</span> 
     </span>
    </p>
   </div>
   <div class='ocr_carea' id='block_1_67' title="bbox 2058 2100 3702 2176">
    <p class='ocr_par' dir='ltr' id='par_1_67' title="bbox 2058 2100 3702 2176">
     <span class='ocr_line' id='line_1_68' title="bbox 2058 2100 3702 2176; baseline 0.003 -21"><span class='ocrx_word' id='word_1_434' title='bbox 2058 2102 2356 2174; x_wconf 91' lang='lat' dir='ltr'>episcopo,</span> <span class='ocrx_word' id='word_1_435' title='bbox 2389 2101 2488 2172; x_wconf 91' lang='lat' dir='ltr'>qui</span> <span class='ocrx_word' id='word_1_436' title='bbox 2522 2100 2594 2156; x_wconf 91' lang='lat' dir='ltr'>ad</span> <span class='ocrx_word' id='word_1_437' title='bbox 2625 2100 3069 2157; x_wconf 82' lang='lat' dir='ltr'>aemulationem</span> <span class='ocrx_word' id='word_1_438' title='bbox 3098 2117 3248 2157; x_wconf 73' lang='lat' dir='ltr'>verae</span> <span class='ocrx_word' id='word_1_439' title='bbox 3274 2103 3579 2176; x_wconf 82' lang='lat' dir='ltr'>religionis</span> <span class='ocrx_word' id='word_1_440' title='bbox 3610 2105 3702 2161; x_wconf 90' lang='lat' dir='ltr'>in-</span> 
     </span>
    </p>
   </div>
   <div class='ocr_carea' id='block_1_68' title="bbox 2059 2189 2330 2261">
    <p class='ocr_par' dir='ltr' id='par_1_68' title="bbox 2059 2189 2330 2261">
     <span class='ocr_line' id='line_1_69' title="bbox 2059 2189 2330 2261; baseline 0.007 -17"><span class='ocrx_word' id='word_1_441' title='bbox 2059 2189 2330 2261; x_wconf 82' lang='lat' dir='ltr'>stigabat.</span> 
     </span>
    </p>
   </div>
   <div class='ocr_carea' id='block_1_69' title="bbox 2132 2366 3708 2442">
    <p class='ocr_par' dir='ltr' id='par_1_69' title="bbox 2132 2366 3708 2442">
     <span class='ocr_line' id='line_1_70' title="bbox 2132 2366 3708 2442; baseline 0.003 -19"><span class='ocrx_word' id='word_1_442' title='bbox 2132 2371 2294 2423; x_wconf 89' lang='lat' dir='ltr'>Nono</span> <span class='ocrx_word' id='word_1_443' title='bbox 2315 2384 2492 2435; x_wconf 89' lang='lat' dir='ltr'>anno,</span> <span class='ocrx_word' id='word_1_444' title='bbox 2519 2383 2655 2423; x_wconf 89' lang='lat' dir='ltr'>cum</span> <span class='ocrx_word' id='word_1_445' title='bbox 2676 2366 3012 2424; x_wconf 87' lang='lat' dir='ltr'>laboriosus</span> <span class='ocrx_word' id='word_1_446' title='bbox 3043 2367 3143 2423; x_wconf 92' lang='lat' dir='ltr'>ille</span> <span class='ocrx_word' id='word_1_447' title='bbox 3166 2370 3527 2426; x_wconf 82' lang='lat' dir='ltr'>Athanasius</span> <span class='ocrx_word' id='word_1_448' title='bbox 3560 2388 3708 2442; x_wconf 85' lang='lat' dir='ltr'>qua-</span> 
     </span>
    </p>
   </div>
   <div class='ocr_carea' id='block_1_70' title="bbox 2061 2456 3710 2531">
    <p class='ocr_par' dir='ltr' id='par_1_70' title="bbox 2061 2456 3710 2531">
     <span class='ocr_line' id='line_1_71' title="bbox 2061 2456 3710 2531; baseline 0.001 -18"><span class='ocrx_word' id='word_1_449' title='bbox 2061 2457 2333 2531; x_wconf 87' lang='lat' dir='ltr'>draginta</span> <span class='ocrx_word' id='word_1_450' title='bbox 2361 2473 2551 2512; x_wconf 90' lang='lat' dir='ltr'>annos</span> <span class='ocrx_word' id='word_1_451' title='bbox 2583 2456 2927 2528; x_wconf 80' lang='lat' dir='ltr'>epiSCOpatu</span> <span class='ocrx_word' id='word_1_452' title='bbox 2958 2456 3222 2526; x_wconf 82' lang='lat' dir='ltr'>functus,</span> <span class='ocrx_word' id='word_1_453' title='bbox 3254 2458 3458 2513; x_wconf 90' lang='lat' dir='ltr'>multis</span> <span class='ocrx_word' id='word_1_454' title='bbox 3508 2476 3710 2530; x_wconf 88' lang='lat' dir='ltr'>perse-</span> 
     </span>
    </p>
   </div>
   <div class='ocr_carea' id='block_1_71' title="bbox 2061 2546 3708 2618">
    <p class='ocr_par' dir='ltr' id='par_1_71' title="bbox 2061 2546 3708 2618">
     <span class='ocr_line' id='line_1_72' title="bbox 2061 2546 3708 2618; baseline 0.001 -15"><span class='ocrx_word' id='word_1_455' title='bbox 2061 2546 2399 2603; x_wconf 88' lang='lat' dir='ltr'>cutionibus</span> <span class='ocrx_word' id='word_1_456' title='bbox 2420 2551 2664 2618; x_wconf 87' lang='lat' dir='ltr'>propter</span> <span class='ocrx_word' id='word_1_457' title='bbox 2682 2546 2982 2601; x_wconf 89' lang='lat' dir='ltr'>Christum</span> <span class='ocrx_word' id='word_1_458' title='bbox 3005 2552 3270 2615; x_wconf 83' lang='lat' dir='ltr'>vexatus,</span> <span class='ocrx_word' id='word_1_459' title='bbox 3286 2546 3359 2602; x_wconf 91' lang='lat' dir='ltr'>ad</span> <span class='ocrx_word' id='word_1_460' title='bbox 3390 2548 3708 2604; x_wconf 91' lang='lat' dir='ltr'>Dominum</span> 
     </span>
    </p>
   </div>
   <div class='ocr_carea' id='block_1_72' title="bbox 2060 2635 3709 2708">
    <p class='ocr_par' dir='ltr' id='par_1_72' title="bbox 2060 2635 3709 2708">
     <span class='ocr_line' id='line_1_73' title="bbox 2060 2635 3709 2708; baseline 0.001 -17"><span class='ocrx_word' id='word_1_461' title='bbox 2060 2635 2527 2706; x_wconf 74' lang='lat' dir='ltr'>commigrasset,</span> <span class='ocrx_word' id='word_1_462' title='bbox 2557 2635 2767 2689; x_wconf 89' lang='lat' dir='ltr'>Petrus</span> <span class='ocrx_word' id='word_1_463' title='bbox 2797 2635 2858 2689; x_wconf 91' lang='lat' dir='ltr'>in</span> <span class='ocrx_word' id='word_1_464' title='bbox 2903 2635 3312 2708; x_wconf 91' lang='lat' dir='ltr'>episc0patum</span> <span class='ocrx_word' id='word_1_465' title='bbox 3355 2642 3445 2692; x_wconf 89' lang='lat' dir='ltr'>est</span> <span class='ocrx_word' id='word_1_466' title='bbox 3495 2637 3709 2693; x_wconf 89' lang='lat' dir='ltr'>subro-</span> 
     </span>
    </p>
   </div>
   <div class='ocr_carea' id='block_1_73' title="bbox 2059 2723 3709 2797">
    <p class='ocr_par' dir='ltr' id='par_1_73' title="bbox 2059 2723 3709 2797">
     <span class='ocr_line' id='line_1_74' title="bbox 2059 2723 3709 2797; baseline 0.001 -17"><span class='ocrx_word' id='word_1_467' title='bbox 2059 2730 2249 2797; x_wconf 88' lang='lat' dir='ltr'>gatus.</span> <span class='ocrx_word' id='word_1_468' title='bbox 2288 2724 2452 2778; x_wconf 86' lang='lat' dir='ltr'>Hunc</span> <span class='ocrx_word' id='word_1_469' title='bbox 2482 2723 2685 2778; x_wconf 86' lang='lat' dir='ltr'>Ariani</span> <span class='ocrx_word' id='word_1_470' title='bbox 2716 2723 3064 2795; x_wconf 87' lang='lat' dir='ltr'>abegernnt,</span> <span class='ocrx_word' id='word_1_471' title='bbox 3101 2724 3391 2796; x_wconf 87' lang='lat' dir='ltr'>multique</span> <span class='ocrx_word' id='word_1_472' title='bbox 3442 2742 3511 2781; x_wconf 91' lang='lat' dir='ltr'>eo</span> <span class='ocrx_word' id='word_1_473' title='bbox 3558 2732 3709 2781; x_wconf 90' lang='lat' dir='ltr'>tem—</span> 
     </span>
    </p>
   </div>
   <div class='ocr_carea' id='block_1_74' title="bbox 2059 2811 3705 2885">
    <p class='ocr_par' dir='ltr' id='par_1_74' title="bbox 2059 2811 3705 2885">
     <span class='ocr_line' id='line_1_75' title="bbox 2059 2811 3705 2885; baseline 0.002 -18"><span class='ocrx_word' id='word_1_474' title='bbox 2059 2829 2202 2884; x_wconf 89' lang='lat' dir='ltr'>pore</span> <span class='ocrx_word' id='word_1_475' title='bbox 2232 2811 2553 2867; x_wconf 83' lang='lat' dir='ltr'>Christiani</span> <span class='ocrx_word' id='word_1_476' title='bbox 2596 2812 2776 2882; x_wconf 90' lang='lat' dir='ltr'>impie</span> <span class='ocrx_word' id='word_1_477' title='bbox 2825 2817 2964 2867; x_wconf 90' lang='lat' dir='ltr'>sunt</span> <span class='ocrx_word' id='word_1_478' title='bbox 3014 2813 3354 2881; x_wconf 81' lang='lat' dir='ltr'>excruciati,</span> <span class='ocrx_word' id='word_1_479' title='bbox 3412 2815 3705 2885; x_wconf 88' lang='lat' dir='ltr'>multique</span> 
     </span>
    </p>
   </div>
   <div class='ocr_carea' id='block_1_75' title="bbox 2059 2900 3705 2972">
    <p class='ocr_par' dir='ltr' id='par_1_75' title="bbox 2059 2900 3705 2972">
     <span class='ocr_line' id='line_1_76' title="bbox 2059 2900 3705 2972; baseline 0.002 -17"><span class='ocrx_word' id='word_1_480' title='bbox 2059 2901 2218 2956; x_wconf 90' lang='lat' dir='ltr'>inter</span> <span class='ocrx_word' id='word_1_481' title='bbox 2249 2906 2502 2956; x_wconf 89' lang='lat' dir='ltr'>torturas</span> <span class='ocrx_word' id='word_1_482' title='bbox 2533 2900 3000 2972; x_wconf 82' lang='lat' dir='ltr'>exspiraverunt.</span> <span class='ocrx_word' id='word_1_483' title='bbox 3032 2900 3252 2956; x_wconf 89' lang='lat' dir='ltr'>Eodem</span> <span class='ocrx_word' id='word_1_484' title='bbox 3274 2918 3430 2957; x_wconf 90' lang='lat' dir='ltr'>anno</span> <span class='ocrx_word' id='word_1_485' title='bbox 3452 2903 3705 2959; x_wconf 88' lang='lat' dir='ltr'>Basilius</span> 
     </span>
    </p>
   </div>
   <div class='ocr_carea' id='block_1_76' title="bbox 2060 2989 3704 3064">
    <p class='ocr_par' dir='ltr' id='par_1_76' title="bbox 2060 2989 3704 3064">
     <span class='ocr_line' id='line_1_77' title="bbox 2060 2989 3704 3064; baseline 0.001 -19"><span class='ocrx_word' id='word_1_486' title='bbox 2060 3006 2310 3062; x_wconf 89' lang='lat' dir='ltr'>magnus</span> <span class='ocrx_word' id='word_1_487' title='bbox 2321 2989 2713 3044; x_wconf 81' lang='lat' dir='ltr'>Caesareensis</span> <span class='ocrx_word' id='word_1_488' title='bbox 2729 2989 3004 3044; x_wconf 65' lang='lat' dir='ltr'>Ecclesia)</span> <span class='ocrx_word' id='word_1_489' title='bbox 3025 2990 3431 3062; x_wconf 87' lang='lat' dir='ltr'>episcopatum</span> <span class='ocrx_word' id='word_1_490' title='bbox 3451 2990 3704 3064; x_wconf 90' lang='lat' dir='ltr'>adeptus</span> 
     </span>
    </p>
   </div>
   <div class='ocr_carea' id='block_1_77' title="bbox 2063 3077 2908 3149">
    <p class='ocr_par' dir='ltr' id='par_1_77' title="bbox 2063 3077 2908 3149">
     <span class='ocr_line' id='line_1_78' title="bbox 2063 3077 2908 3149; baseline -0.002 -14"><span class='ocrx_word' id='word_1_491' title='bbox 2063 3085 2172 3148; x_wconf 93' lang='lat' dir='ltr'>est,</span> <span class='ocrx_word' id='word_1_492' title='bbox 2206 3078 2455 3134; x_wconf 89' lang='lat' dir='ltr'>Eusebio</span> <span class='ocrx_word' id='word_1_493' title='bbox 2484 3078 2580 3149; x_wconf 91' lang='lat' dir='ltr'>pie</span> <span class='ocrx_word' id='word_1_494' title='bbox 2612 3077 2908 3134; x_wconf 91' lang='lat' dir='ltr'>defuncto.</span> 
     </span>
    </p>
   </div>
   <div class='ocr_carea' id='block_1_78' title="bbox 2133 3166 3703 3241">
    <p class='ocr_par' dir='ltr' id='par_1_78' title="bbox 2133 3166 3703 3241">
     <span class='ocr_line' id='line_1_79' title="bbox 2133 3166 3703 3241; baseline 0.002 -18"><span class='ocrx_word' id='word_1_495' title='bbox 2133 3168 2372 3223; x_wconf 91' lang='lat' dir='ltr'>Decimo</span> <span class='ocrx_word' id='word_1_496' title='bbox 2395 3184 2549 3222; x_wconf 89' lang='lat' dir='ltr'>anno</span> <span class='ocrx_word' id='word_1_497' title='bbox 2571 3166 2916 3222; x_wconf 88' lang='lat' dir='ltr'>Ambrosius</span> <span class='ocrx_word' id='word_1_498' title='bbox 2938 3167 3245 3223; x_wconf 88' lang='lat' dir='ltr'>Mediolani</span> <span class='ocrx_word' id='word_1_499' title='bbox 3270 3169 3331 3223; x_wconf 92' lang='lat' dir='ltr'>in</span> <span class='ocrx_word' id='word_1_500' title='bbox 3363 3169 3703 3241; x_wconf 87' lang='lat' dir='ltr'>episcopatu</span> 
     </span>
    </p>
   </div>
   <div class='ocr_carea' id='block_1_79' title="bbox 2062 3255 3705 3329">
    <p class='ocr_par' dir='ltr' id='par_1_79' title="bbox 2062 3255 3705 3329">
     <span class='ocr_line' id='line_1_80' title="bbox 2062 3255 3705 3329; baseline 0.002 -17"><span class='ocrx_word' id='word_1_501' title='bbox 2062 3257 2324 3313; x_wconf 83' lang='lat' dir='ltr'>Eudoxio</span> <span class='ocrx_word' id='word_1_502' title='bbox 2354 3257 2659 3325; x_wconf 79' lang='lat' dir='ltr'>successit,</span> <span class='ocrx_word' id='word_1_503' title='bbox 2691 3273 2825 3311; x_wconf 91' lang='lat' dir='ltr'>cum</span> <span class='ocrx_word' id='word_1_504' title='bbox 2856 3256 2935 3310; x_wconf 93' lang='lat' dir='ltr'>ibi</span> <span class='ocrx_word' id='word_1_505' title='bbox 2968 3255 3208 3329; x_wconf 81' lang='lat' dir='ltr'>degeret</span> <span class='ocrx_word' id='word_1_506' title='bbox 3258 3257 3705 3315; x_wconf 86' lang='lat' dir='ltr'>Valentinianus</span> 
     </span>
    </p>
   </div>
   <div class='ocr_carea' id='block_1_80' title="bbox 2061 3344 3706 3418">
    <p class='ocr_par' dir='ltr' id='par_1_80' title="bbox 2061 3344 3706 3418">
     <span class='ocr_line' id='line_1_81' title="bbox 2061 3344 3706 3418; baseline 0.001 -17"><span class='ocrx_word' id='word_1_507' title='bbox 2061 3347 2403 3418; x_wconf 88' lang='lat' dir='ltr'>imperator.</span> <span class='ocrx_word' id='word_1_508' title='bbox 2437 3346 2662 3417; x_wconf 89' lang='lat' dir='ltr'>Quippe</span> <span class='ocrx_word' id='word_1_509' title='bbox 2692 3344 3089 3414; x_wconf 84' lang='lat' dir='ltr'>Ambrosium,</span> <span class='ocrx_word' id='word_1_510' title='bbox 3123 3362 3258 3401; x_wconf 91' lang='lat' dir='ltr'>cum</span> <span class='ocrx_word' id='word_1_511' title='bbox 3287 3346 3339 3401; x_wconf 89' lang='lat' dir='ltr'>is</span> <span class='ocrx_word' id='word_1_512' title='bbox 3369 3347 3525 3404; x_wconf 70' lang='lat'>546</span> <span class='ocrx_word' id='word_1_513' title='bbox 3559 3348 3706 3403; x_wconf 89' lang='lat' dir='ltr'>mis-</span> 
     </span>
    </p>
   </div>
   <div class='ocr_carea' id='block_1_81' title="bbox 2063 3435 3704 3508">
    <p class='ocr_par' dir='ltr' id='par_1_81' title="bbox 2063 3435 3704 3508">
     <span class='ocr_line' id='line_1_82' title="bbox 2063 3435 3704 3508; baseline 0.001 -17"><span class='ocrx_word' id='word_1_514' title='bbox 2063 3453 2162 3491; x_wconf 91' lang='lat' dir='ltr'>sus</span> <span class='ocrx_word' id='word_1_515' title='bbox 2204 3440 2361 3491; x_wconf 89' lang='lat' dir='ltr'>esset</span> <span class='ocrx_word' id='word_1_516' title='bbox 2414 3435 2488 3490; x_wconf 92' lang='lat' dir='ltr'>ad</span> <span class='ocrx_word' id='word_1_517' title='bbox 2545 3435 2702 3490; x_wconf 82' lang='lat' dir='ltr'>rixas</span> <span class='ocrx_word' id='word_1_518' title='bbox 2766 3435 3182 3491; x_wconf 65' lang='lat' dir='ltr'>haereticorum</span> <span class='ocrx_word' id='word_1_519' title='bbox 3240 3437 3704 3508; x_wconf 89' lang='lat' dir='ltr'>componendas,</span> 
     </span>
    </p>
   </div>
   <div class='ocr_carea' id='block_1_82' title="bbox 2060 3524 3702 3598">
    <p class='ocr_par' dir='ltr' id='par_1_82' title="bbox 2060 3524 3702 3598">
     <span class='ocr_line' id='line_1_83' title="bbox 2060 3524 3702 3598; baseline 0.002 -19"><span class='ocrx_word' id='word_1_520' title='bbox 2060 3525 2387 3580; x_wconf 90' lang='lat' dir='ltr'>etiamnum</span> <span class='ocrx_word' id='word_1_521' title='bbox 2419 3524 2976 3592; x_wconf 88' lang='lat' dir='ltr'>cathechumennm,</span> <span class='ocrx_word' id='word_1_522' title='bbox 3036 3524 3291 3597; x_wconf 88' lang='lat' dir='ltr'>populus</span> <span class='ocrx_word' id='word_1_523' title='bbox 3337 3525 3702 3598; x_wconf 88' lang='lat' dir='ltr'>depoposcit,</span> 
     </span>
    </p>
   </div>
   <div class='ocr_carea' id='block_1_83' title="bbox 2058 3612 3701 3687">
    <p class='ocr_par' dir='ltr' id='par_1_83' title="bbox 2058 3612 3701 3687">
     <span class='ocr_line' id='line_1_84' title="bbox 2058 3612 3701 3687; baseline 0.001 -18"><span class='ocrx_word' id='word_1_524' title='bbox 2058 3614 2467 3687; x_wconf 87' lang='lat' dir='ltr'>baptizatoque</span> <span class='ocrx_word' id='word_1_525' title='bbox 2490 3613 2897 3685; x_wconf 89' lang='lat' dir='ltr'>episcopatum</span> <span class='ocrx_word' id='word_1_526' title='bbox 2913 3612 3413 3668; x_wconf 87' lang='lat' dir='ltr'>Mediolanensem</span> <span class='ocrx_word' id='word_1_527' title='bbox 3427 3615 3701 3671; x_wconf 86' lang='lat' dir='ltr'>credidit.</span> 
     </span>
    </p>
   </div>
   <div class='ocr_carea' id='block_1_84' title="bbox 2057 3701 3699 3773">
    <p class='ocr_par' dir='ltr' id='par_1_84' title="bbox 2057 3701 3699 3773">
     <span class='ocr_line' id='line_1_85' title="bbox 2057 3701 3699 3773; baseline 0.001 -17"><span class='ocrx_word' id='word_1_528' title='bbox 2057 3703 2123 3756; x_wconf 91' lang='lat' dir='ltr'>Id</span> <span class='ocrx_word' id='word_1_529' title='bbox 2153 3719 2287 3758; x_wconf 90' lang='lat' dir='ltr'>cum</span> <span class='ocrx_word' id='word_1_530' title='bbox 2320 3702 2732 3757; x_wconf 85' lang='lat' dir='ltr'>Valentiniano</span> <span class='ocrx_word' id='word_1_531' title='bbox 2761 3701 3105 3772; x_wconf 90' lang='lat' dir='ltr'>imperatori</span> <span class='ocrx_word' id='word_1_532' title='bbox 3136 3707 3295 3757; x_wconf 89' lang='lat' dir='ltr'>esset</span> <span class='ocrx_word' id='word_1_533' title='bbox 3350 3702 3699 3773; x_wconf 88' lang='lat' dir='ltr'>indicatum,</span> 
     </span>
    </p>
   </div>
   <div class='ocr_carea' id='block_1_85' title="bbox 2059 3790 3699 3863">
    <p class='ocr_par' dir='ltr' id='par_1_85' title="bbox 2059 3790 3699 3863">
     <span class='ocr_line' id='line_1_86' title="bbox 2059 3790 3699 3863; baseline 0 -17"><span class='ocrx_word' id='word_1_534' title='bbox 2059 3792 2302 3858; x_wconf 86' lang='lat' dir='ltr'>Gratias,</span> <span class='ocrx_word' id='word_1_535' title='bbox 2337 3792 2438 3860; x_wconf 87' lang='lat' dir='ltr'>ait,</span> <span class='ocrx_word' id='word_1_536' title='bbox 2473 3790 2574 3845; x_wconf 89' lang='lat' dir='ltr'>tibi</span> <span class='ocrx_word' id='word_1_537' title='bbox 2630 3806 2759 3862; x_wconf 90' lang='lat' dir='ltr'>ago,</span> <span class='ocrx_word' id='word_1_538' title='bbox 2802 3790 3050 3844; x_wconf 91' lang='lat' dir='ltr'>Domine</span> <span class='ocrx_word' id='word_1_539' title='bbox 3099 3791 3252 3845; x_wconf 89' lang='lat' dir='ltr'>Deus</span> <span class='ocrx_word' id='word_1_540' title='bbox 3297 3791 3699 3863; x_wconf 90' lang='lat' dir='ltr'>omnipotens,</span> 
     </span>
    </p>
   </div>
   <div class='ocr_carea' id='block_1_86' title="bbox 2058 3880 3700 3953">
    <p class='ocr_par' dir='ltr' id='par_1_86' title="bbox 2058 3880 3700 3953">
     <span class='ocr_line' id='line_1_87' title="bbox 2058 3880 3700 3953; baseline 0.001 -17"><span class='ocrx_word' id='word_1_541' title='bbox 2058 3882 2216 3953; x_wconf 93' lang='lat' dir='ltr'>quod</span> <span class='ocrx_word' id='word_1_542' title='bbox 2246 3898 2379 3937; x_wconf 91' lang='lat' dir='ltr'>cum</span> <span class='ocrx_word' id='word_1_543' title='bbox 2411 3897 2515 3953; x_wconf 85' lang='lat' dir='ltr'>ego</span> <span class='ocrx_word' id='word_1_544' title='bbox 2546 3881 2685 3936; x_wconf 89' lang='lat' dir='ltr'>huic</span> <span class='ocrx_word' id='word_1_545' title='bbox 2711 3880 2834 3935; x_wconf 87' lang='lat' dir='ltr'>viro</span> <span class='ocrx_word' id='word_1_546' title='bbox 2879 3896 3130 3951; x_wconf 89' lang='lat' dir='ltr'>corpora</span> <span class='ocrx_word' id='word_1_547' title='bbox 3178 3880 3487 3937; x_wconf 88' lang='lat' dir='ltr'>hominum</span> <span class='ocrx_word' id='word_1_548' title='bbox 3535 3898 3700 3937; x_wconf 86' lang='lat' dir='ltr'>com-</span> 
     </span>
    </p>
   </div>
   <div class='ocr_carea' id='block_1_87' title="bbox 2057 3970 3698 4042">
    <p class='ocr_par' dir='ltr' id='par_1_87' title="bbox 2057 3970 3698 4042">
     <span class='ocr_line' id='line_1_88' title="bbox 2057 3970 3698 4042; baseline 0.001 -17"><span class='ocrx_word' id='word_1_549' title='bbox 2057 3972 2378 4039; x_wconf 79' lang='lat' dir='ltr'>misissem,</span> <span class='ocrx_word' id='word_1_550' title='bbox 2430 3976 2492 4024; x_wconf 86' lang='lat' dir='ltr'>tu</span> <span class='ocrx_word' id='word_1_551' title='bbox 2550 3971 2601 4024; x_wconf 92' lang='lat' dir='ltr'>ei</span> <span class='ocrx_word' id='word_1_552' title='bbox 2663 3970 2894 4025; x_wconf 90' lang='lat' dir='ltr'>animas</span> <span class='ocrx_word' id='word_1_553' title='bbox 2951 3970 3458 4038; x_wconf 86' lang='lat' dir='ltr'>commendavisti,</span> <span class='ocrx_word' id='word_1_554' title='bbox 3499 3971 3698 4042; x_wconf 88' lang='lat' dir='ltr'>itaque</span> 
     </span>
    </p>
   </div>
   <div class='ocr_carea' id='block_1_88' title="bbox 2055 4057 3702 4130">
    <p class='ocr_par' dir='ltr' id='par_1_88' title="bbox 2055 4057 3702 4130">
     <span class='ocr_line' id='line_1_89' title="bbox 2055 4057 3702 4130; baseline -0.001 -15"><span class='ocrx_word' id='word_1_555' title='bbox 2055 4077 2257 4115; x_wconf 90' lang='lat' dir='ltr'>meum</span> <span class='ocrx_word' id='word_1_556' title='bbox 2302 4059 2644 4130; x_wconf 81' lang='lat' dir='ltr'>suﬂ‘ragium</span> <span class='ocrx_word' id='word_1_557' title='bbox 2696 4057 3058 4129; x_wconf 89' lang='lat' dir='ltr'>approbasti.</span> <span class='ocrx_word' id='word_1_558' title='bbox 3110 4059 3254 4113; x_wconf 89' lang='lat' dir='ltr'>Cum</span> <span class='ocrx_word' id='word_1_559' title='bbox 3298 4064 3495 4114; x_wconf 89' lang='lat' dir='ltr'>autem</span> <span class='ocrx_word' id='word_1_560' title='bbox 3543 4065 3702 4115; x_wconf 90' lang='lat' dir='ltr'>totus</span> 
     </span>
    </p>
   </div>
   <div class='ocr_carea' id='block_1_89' title="bbox 2057 4146 3701 4219">
    <p class='ocr_par' dir='ltr' id='par_1_89' title="bbox 2057 4146 3701 4219">
     <span class='ocr_line' id='line_1_90' title="bbox 2057 4146 3701 4219; baseline -0.001 -14"><span class='ocrx_word' id='word_1_561' title='bbox 2057 4149 2347 4205; x_wconf 88' lang='lat' dir='ltr'>Occidens</span> <span class='ocrx_word' id='word_1_562' title='bbox 2360 4148 2705 4202; x_wconf 87' lang='lat' dir='ltr'>Trinitatem</span> <span class='ocrx_word' id='word_1_563' title='bbox 2720 4146 3285 4202; x_wconf 84' lang='lat' dir='ltr'>consubstantialem</span> <span class='ocrx_word' id='word_1_564' title='bbox 3302 4148 3701 4219; x_wconf 84' lang='lat' dir='ltr'>profiteretur,</span> 
     </span>
    </p>
   </div>
   <div class='ocr_carea' id='block_1_90' title="bbox 2060 4234 3703 4311">
    <p class='ocr_par' dir='ltr' id='par_1_90' title="bbox 2060 4234 3703 4311">
     <span class='ocr_line' id='line_1_91' title="bbox 2060 4234 3703 4311; baseline -0.001 -19"><span class='ocrx_word' id='word_1_565' title='bbox 2060 4236 2508 4292; x_wconf 89' lang='lat' dir='ltr'>Valentinianus</span> <span class='ocrx_word' id='word_1_566' title='bbox 2538 4240 2777 4307; x_wconf 89' lang='lat' dir='ltr'>rogatus</span> <span class='ocrx_word' id='word_1_567' title='bbox 2799 4234 3117 4290; x_wconf 90' lang='lat' dir='ltr'>concilium</span> <span class='ocrx_word' id='word_1_568' title='bbox 3139 4234 3201 4288; x_wconf 90' lang='lat' dir='ltr'>in</span> <span class='ocrx_word' id='word_1_569' title='bbox 3221 4234 3459 4306; x_wconf 87' lang='lat' dir='ltr'>Illyriao</span> <span class='ocrx_word' id='word_1_570' title='bbox 3490 4235 3703 4311; x_wconf 86' lang='lat' dir='ltr'>coegit,</span> 
     </span>
    </p>
   </div>
   <div class='ocr_carea' id='block_1_91' title="bbox 2057 4323 3703 4397">
    <p class='ocr_par' dir='ltr' id='par_1_91' title="bbox 2057 4323 3703 4397">
     <span class='ocr_line' id='line_1_92' title="bbox 2057 4323 3703 4397; baseline -0.001 -16"><span class='ocrx_word' id='word_1_571' title='bbox 2057 4327 2237 4397; x_wconf 92' lang='lat' dir='ltr'>inque</span> <span class='ocrx_word' id='word_1_572' title='bbox 2264 4342 2333 4380; x_wconf 93' lang='lat' dir='ltr'>eo</span> <span class='ocrx_word' id='word_1_573' title='bbox 2389 4325 2566 4380; x_wconf 87' lang='lat' dir='ltr'>ﬁdem</span> <span class='ocrx_word' id='word_1_574' title='bbox 2624 4324 2920 4379; x_wconf 69' lang='lat' dir='ltr'>Nicaanam</span> <span class='ocrx_word' id='word_1_575' title='bbox 2976 4323 3368 4379; x_wconf 84' lang='lat' dir='ltr'>confirmavit.</span> <span class='ocrx_word' id='word_1_576' title='bbox 3431 4324 3703 4379; x_wconf 91' lang='lat' dir='ltr'>Edictum</span> 
     </span>
    </p>
   </div>
   <div class='ocr_carea' id='block_1_92' title="bbox 2058 4411 3703 4486">
    <p class='ocr_par' dir='ltr' id='par_1_92' title="bbox 2058 4411 3703 4486">
     <span class='ocr_line' id='line_1_93' title="bbox 2058 4411 3703 4486; baseline -0.001 -17"><span class='ocrx_word' id='word_1_577' title='bbox 2058 4431 2293 4486; x_wconf 91' lang='lat' dir='ltr'>quoque</span> <span class='ocrx_word' id='word_1_578' title='bbox 2323 4415 2489 4469; x_wconf 89' lang='lat' dir='ltr'>misit</span> <span class='ocrx_word' id='word_1_579' title='bbox 2515 4413 2588 4469; x_wconf 90' lang='lat' dir='ltr'>ad</span> <span class='ocrx_word' id='word_1_580' title='bbox 2619 4413 2793 4480; x_wconf 58' lang='lat' dir='ltr'>Asia,</span> <span class='ocrx_word' id='word_1_581' title='bbox 2812 4411 3079 4484; x_wconf 70' lang='lat' dir='ltr'>Phrygias</span> <span class='ocrx_word' id='word_1_582' title='bbox 3102 4428 3428 4484; x_wconf 89' lang='lat' dir='ltr'>omnesque</span> <span class='ocrx_word' id='word_1_583' title='bbox 3447 4414 3703 4469; x_wconf 89' lang='lat' dir='ltr'>Orientis</span> 
     </span>
    </p>
   </div>
   <div class='ocr_carea' id='block_1_93' title="bbox 2056 4499 3700 4573">
    <p class='ocr_par' dir='ltr' id='par_1_93' title="bbox 2056 4499 3700 4573">
     <span class='ocr_line' id='line_1_94' title="bbox 2056 4499 3700 4573; baseline 0 -18"><span class='ocrx_word' id='word_1_584' title='bbox 2056 4501 2388 4573; x_wconf 90' lang='lat' dir='ltr'>episcopos,</span> <span class='ocrx_word' id='word_1_585' title='bbox 2417 4517 2532 4571; x_wconf 89' lang='lat' dir='ltr'>quo</span> <span class='ocrx_word' id='word_1_586' title='bbox 2564 4499 2889 4554; x_wconf 89' lang='lat' dir='ltr'>mandabat</span> <span class='ocrx_word' id='word_1_587' title='bbox 2914 4504 2981 4554; x_wconf 90' lang='lat' dir='ltr'>ut</span> <span class='ocrx_word' id='word_1_588' title='bbox 3027 4504 3255 4554; x_wconf 88' lang='lat' dir='ltr'>starent</span> <span class='ocrx_word' id='word_1_589' title='bbox 3303 4500 3538 4555; x_wconf 90' lang='lat' dir='ltr'>concilii</span> <span class='ocrx_word' id='word_1_590' title='bbox 3594 4500 3700 4555; x_wconf 83' lang='lat' dir='ltr'>de-</span> 
     </span>
    </p>
   </div>
   <div class='ocr_carea' id='block_1_94' title="bbox 295 4578 1951 4677">
    <p class='ocr_par' dir='ltr' id='par_1_94' title="bbox 295 4586 1951 4677">
     <span class='ocr_line' id='line_1_95' title="bbox 295 4586 1951 4677; baseline -0.01 -24"><span class='ocrx_word' id='word_1_591' title='bbox 295 4594 568 4669; x_wconf 79' lang='grc' dir='ltr'>’Δνατολῇ</span> <span class='ocrx_word' id='word_1_592' title='bbox 599 4592 947 4661; x_wconf 74' lang='grc' dir='ltr'>ὶπισκόποις,</span> <span class='ocrx_word' id='word_1_593' title='bbox 980 4587 1232 4663; x_wconf 76' lang='grc' dir='ltr'>ἐμμένειν</span> <span class='ocrx_word' id='word_1_594' title='bbox 1263 4592 1380 4649; x_wconf 85' lang='grc' dir='ltr'>τοῖς</span> <span class='ocrx_word' id='word_1_595' title='bbox 1433 4586 1756 4661; x_wconf 81' lang='grc' dir='ltr'>ὡρισμένοις</span> <span class='ocrx_word' id='word_1_596' title='bbox 1807 4588 1951 4677; x_wconf 58' lang='grc' dir='ltr'>παρδι</span> 
     </span>
    </p>
   </div>
   <div class='ocr_carea' id='block_1_95' title="bbox 2065 4578 3700 4677">
    <p class='ocr_par' dir='ltr' id='par_1_95' title="bbox 2065 4587 3700 4657">
     <span class='ocr_line' id='line_1_96' title="bbox 2065 4587 3700 4657; baseline -0.001 -12"><span class='ocrx_word' id='word_1_597' title='bbox 2065 4591 2258 4657; x_wconf 88' lang='lat' dir='ltr'>cretis,</span> <span class='ocrx_word' id='word_1_598' title='bbox 2292 4590 2484 4645; x_wconf 91' lang='lat' dir='ltr'>socios</span> <span class='ocrx_word' id='word_1_599' title='bbox 2517 4588 2629 4644; x_wconf 91' lang='lat' dir='ltr'>sibi</span> <span class='ocrx_word' id='word_1_600' title='bbox 2663 4604 2730 4643; x_wconf 89' lang='lat' dir='ltr'>eo</span> <span class='ocrx_word' id='word_1_601' title='bbox 2754 4588 2817 4643; x_wconf 90' lang='lat' dir='ltr'>in</span> <span class='ocrx_word' id='word_1_602' title='bbox 2845 4587 3037 4643; x_wconf 92' lang='lat' dir='ltr'>edicto</span> <span class='ocrx_word' id='word_1_603' title='bbox 3069 4587 3374 4644; x_wconf 82' lang='lat' dir='ltr'>ascribens</span> <span class='ocrx_word' id='word_1_604' title='bbox 3396 4588 3700 4644; x_wconf 88' lang='lat' dir='ltr'>Valentem</span> 
     </span>
    </p>
   </div>
   <div class='ocr_carea' id='block_1_96' title="bbox 293 4673 1949 4756">
    <p class='ocr_par' dir='ltr' id='par_1_96' title="bbox 293 4673 1949 4756">
     <span class='ocr_line' id='line_1_97' title="bbox 293 4673 1949 4756; baseline -0.007 -17"><span class='ocrx_word' id='word_1_605' title='bbox 293 4693 396 4755; x_wconf 88' lang='grc' dir='ltr'>τῆς</span> <span class='ocrx_word' id='word_1_606' title='bbox 451 4680 681 4738; x_wconf 79' lang='grc' dir='ltr'>συνόδου</span> <span class='ocrx_word' id='word_1_607' title='bbox 740 4678 1228 4756; x_wconf 84' lang='grc' dir='ltr'>παρεγγυώμενος,</span> <span class='ocrx_word' id='word_1_608' title='bbox 1305 4673 1601 4737; x_wconf 81' lang='grc' dir='ltr'>κοινωνοὺς</span> <span class='ocrx_word' id='word_1_609' title='bbox 1653 4673 1819 4730; x_wconf 76' lang='grc' dir='ltr'>αὐτοῦ</span> <span class='ocrx_word' id='word_1_610' title='bbox 1857 4673 1949 4729; x_wconf 70' lang='grc' dir='ltr'>καί</span> 
     </span>
    </p>
   </div>
   <div class='ocr_carea' id='block_1_97' title="bbox 295 4767 1947 4850">
    <p class='ocr_par' dir='ltr' id='par_1_97' title="bbox 295 4767 1947 4850">
     <span class='ocr_line' id='line_1_98' title="bbox 295 4767 1947 4850; baseline -0.008 -16"><span class='ocrx_word' id='word_1_611' title='bbox 295 4776 577 4835; x_wconf 78' lang='grc' dir='ltr'>Οὐάλεντα</span> <span class='ocrx_word' id='word_1_612' title='bbox 599 4774 693 4829; x_wconf 84' lang='grc' dir='ltr'>τὸν</span> <span class='ocrx_word' id='word_1_613' title='bbox 727 4769 962 4850; x_wconf 79' lang='grc' dir='ltr'>ἀδελφὸν</span> <span class='ocrx_word' id='word_1_614' title='bbox 993 4770 1084 4824; x_wconf 83' lang='grc' dir='ltr'>καὶ</span> <span class='ocrx_word' id='word_1_615' title='bbox 1123 4768 1417 4842; x_wconf 87' lang='grc' dir='ltr'>Γρατιανὸν</span> <span class='ocrx_word' id='word_1_616' title='bbox 1462 4768 1554 4823; x_wconf 86' lang='grc' dir='ltr'>τὸν</span> <span class='ocrx_word' id='word_1_617' title='bbox 1607 4767 1722 4820; x_wconf 73' lang='grc' dir='ltr'>υἱὸν</span> <span class='ocrx_word' id='word_1_618' title='bbox 1776 4787 1947 4842; x_wconf 89' lang='grc' dir='ltr'>προσ-</span> 
     </span>
    </p>
   </div>
   <div class='ocr_carea' id='block_1_98' title="bbox 296 4854 1947 4939">
    <p class='ocr_par' dir='ltr' id='par_1_98' title="bbox 296 4854 1947 4939">
     <span class='ocr_line' id='line_1_99' title="bbox 296 4854 1947 4939; baseline -0.01 -16"><span class='ocrx_word' id='word_1_619' title='bbox 296 4861 606 4939; x_wconf 75' lang='grc' dir='ltr'>λαϐόμενος</span> <span class='ocrx_word' id='word_1_620' title='bbox 639 4862 690 4917; x_wconf 87' lang='grc' dir='ltr'>ἐν</span> <span class='ocrx_word' id='word_1_621' title='bbox 719 4865 799 4933; x_wconf 76' lang='grc' dir='ltr'>τῷ</span> <span class='ocrx_word' id='word_1_622' title='bbox 828 4857 1042 4930; x_wconf 82' lang='grc' dir='ltr'>ἷδίκτῳ.</span> <span class='ocrx_word' id='word_1_623' title='bbox 1072 4856 1205 4914; x_wconf 90' lang='grc' dir='ltr'>Τότε</span> <span class='ocrx_word' id='word_1_624' title='bbox 1234 4856 1325 4912; x_wconf 84' lang='grc' dir='ltr'>καὶ</span> <span class='ocrx_word' id='word_1_625' title='bbox 1354 4857 1660 4931; x_wconf 81' lang='grc' dir='ltr'>Γρηγόριος</span> <span class='ocrx_word' id='word_1_626' title='bbox 1690 4857 1717 4910; x_wconf 89' lang='grc' dir='ltr'>ὁ</span> <span class='ocrx_word' id='word_1_627' title='bbox 1750 4854 1947 4911; x_wconf 68' lang='lat' dir='ltr'>650M-</span> 
     </span>
    </p>
   </div>
   <div class='ocr_carea' id='block_1_99' title="bbox 293 4944 1946 5032">
    <p class='ocr_par' dir='ltr' id='par_1_99' title="bbox 293 4944 1946 5032">
     <span class='ocr_line' id='line_1_100' title="bbox 293 4944 1946 5032; baseline -0.007 -22"><span class='ocrx_word' id='word_1_628' title='bbox 293 4978 393 5032; x_wconf 89' lang='grc' dir='ltr'>γος</span> <span class='ocrx_word' id='word_1_629' title='bbox 452 4961 554 5024; x_wconf 81' lang='grc' dir='ltr'>τῆς</span> <span class='ocrx_word' id='word_1_630' title='bbox 613 4945 1245 5009; x_wconf 85' lang='grc' dir='ltr'>Κωνσταντινουπόλεως</span> <span class='ocrx_word' id='word_1_631' title='bbox 1305 4944 1631 5014; x_wconf 84' lang='grc' dir='ltr'>Ἑκκλησίας</span> <span class='ocrx_word' id='word_1_632' title='bbox 1689 4944 1946 5019; x_wconf 81' lang='grc' dir='ltr'>προέστη,</span> 
     </span>
    </p>
   </div>
   <div class='ocr_carea' id='block_1_100' title="bbox 292 5032 1947 5108">
    <p class='ocr_par' dir='ltr' id='par_1_100' title="bbox 292 5032 1947 5108">
     <span class='ocr_line' id='line_1_101' title="bbox 292 5032 1947 5108; baseline -0.008 -6"><span class='ocrx_word' id='word_1_633' title='bbox 292 5051 412 5108; x_wconf 87' lang='grc' dir='ltr'>ταῖς</span> <span class='ocrx_word' id='word_1_634' title='bbox 441 5040 733 5101; x_wconf 88' lang='grc' dir='ltr'>Βασιλείου</span> <span class='ocrx_word' id='word_1_635' title='bbox 791 5038 882 5093; x_wconf 84' lang='grc' dir='ltr'>καὶ</span> <span class='ocrx_word' id='word_1_636' title='bbox 949 5035 1216 5093; x_wconf 81' lang='grc' dir='ltr'>Μελετίου</span> <span class='ocrx_word' id='word_1_637' title='bbox 1281 5035 1372 5089; x_wconf 81' lang='grc' dir='ltr'>καὶ</span> <span class='ocrx_word' id='word_1_638' title='bbox 1428 5038 1538 5089; x_wconf 84' lang='grc' dir='ltr'>τῶν</span> <span class='ocrx_word' id='word_1_639' title='bbox 1578 5032 1791 5089; x_wconf 84' lang='grc' dir='ltr'>λοιπῶν</span> <span class='ocrx_word' id='word_1_640' title='bbox 1846 5041 1947 5104; x_wconf 82' lang='grc' dir='ltr'>τῆς</span> 
     </span>
    </p>
   </div>
   <div class='ocr_carea' id='block_1_101' title="bbox 294 5121 1948 5204">
    <p class='ocr_par' dir='ltr' id='par_1_101' title="bbox 294 5121 1948 5204">
     <span class='ocr_line' id='line_1_102' title="bbox 294 5121 1948 5204; baseline -0.014 -15"><span class='ocrx_word' id='word_1_641' title='bbox 294 5127 571 5193; x_wconf 77' lang='grc' dir='ltr'>εὐσεϐείας</span> <span class='ocrx_word' id='word_1_642' title='bbox 617 5126 954 5204; x_wconf 82' lang='grc' dir='ltr'>ὑπερμάχων</span> <span class='ocrx_word' id='word_1_643' title='bbox 1020 5125 1359 5201; x_wconf 72' lang='grc' dir='ltr'>εἰσηγήσεσι.</span> <span class='ocrx_word' id='word_1_644' title='bbox 1416 5122 1521 5178; x_wconf 88' lang='grc' dir='ltr'>Καὶ</span> <span class='ocrx_word' id='word_1_645' title='bbox 1580 5121 1625 5177; x_wconf 84' lang='grc' dir='ltr'>εί</span> <span class='ocrx_word' id='word_1_646' title='bbox 1686 5124 1761 5195; x_wconf 84' lang='grc' dir='ltr'>μή</span> <span class='ocrx_word' id='word_1_647' title='bbox 1820 5126 1948 5202; x_wconf 75' lang='grc' dir='ltr'>φθά.</span> 
     </span>
    </p>
   </div>
   <div class='ocr_carea' id='block_1_102' title="bbox 2060 4677 3706 4751">
    <p class='ocr_par' dir='ltr' id='par_1_102' title="bbox 2060 4677 3706 4751">
     <span class='ocr_line' id='line_1_103' title="bbox 2060 4677 3706 4751; baseline 0.001 -18"><span class='ocrx_word' id='word_1_648' title='bbox 2060 4679 2304 4734; x_wconf 80' lang='lat' dir='ltr'>fratrem</span> <span class='ocrx_word' id='word_1_649' title='bbox 2336 4684 2396 4735; x_wconf 91' lang='lat' dir='ltr'>et</span> <span class='ocrx_word' id='word_1_650' title='bbox 2420 4680 2761 4735; x_wconf 86' lang='lat' dir='ltr'>Gratianum</span> <span class='ocrx_word' id='word_1_651' title='bbox 2787 4677 2979 4732; x_wconf 81' lang='lat' dir='ltr'>filium</span> <span class='ocrx_word' id='word_1_652' title='bbox 3009 4693 3204 4734; x_wconf 91' lang='lat' dir='ltr'>suum.</span> <span class='ocrx_word' id='word_1_653' title='bbox 3227 4679 3389 4733; x_wconf 91' lang='lat' dir='ltr'>Tunc</span> <span class='ocrx_word' id='word_1_654' title='bbox 3412 4683 3469 4733; x_wconf 91' lang='lat' dir='ltr'>et</span> <span class='ocrx_word' id='word_1_655' title='bbox 3495 4678 3706 4751; x_wconf 89' lang='lat' dir='ltr'>Grego-</span> 
     </span>
    </p>
   </div>
   <div class='ocr_carea' id='block_1_103' title="bbox 2058 4765 3700 4841">
    <p class='ocr_par' dir='ltr' id='par_1_103' title="bbox 2058 4765 3700 4841">
     <span class='ocr_line' id='line_1_104' title="bbox 2058 4765 3700 4841; baseline 0 -18"><span class='ocrx_word' id='word_1_656' title='bbox 2058 4769 2184 4823; x_wconf 88' lang='lat' dir='ltr'>rius</span> <span class='ocrx_word' id='word_1_657' title='bbox 2215 4769 2542 4841; x_wconf 90' lang='lat' dir='ltr'>Theologus</span> <span class='ocrx_word' id='word_1_658' title='bbox 2573 4767 2890 4839; x_wconf 82' lang='lat' dir='ltr'>Cpolitanae</span> <span class='ocrx_word' id='word_1_659' title='bbox 2920 4765 3199 4821; x_wconf 73' lang='lat' dir='ltr'>Ecclesiua</span> <span class='ocrx_word' id='word_1_660' title='bbox 3239 4766 3537 4838; x_wconf 89' lang='lat' dir='ltr'>profectus</span> <span class='ocrx_word' id='word_1_661' title='bbox 3589 4773 3700 4824; x_wconf 91' lang='lat' dir='ltr'>est.</span> 
     </span>
    </p>
   </div>
   <div class='ocr_carea' id='block_1_104' title="bbox 2059 4858 3701 4930">
    <p class='ocr_par' dir='ltr' id='par_1_104' title="bbox 2059 4858 3701 4930">
     <span class='ocr_line' id='line_1_105' title="bbox 2059 4858 3701 4930; baseline -0.001 -15"><span class='ocrx_word' id='word_1_662' title='bbox 2059 4860 2296 4924; x_wconf 87' lang='lat' dir='ltr'>Basilio,</span> <span class='ocrx_word' id='word_1_663' title='bbox 2330 4860 2561 4915; x_wconf 89' lang='lat' dir='ltr'>Meletio</span> <span class='ocrx_word' id='word_1_664' title='bbox 2592 4876 2658 4915; x_wconf 89' lang='lat' dir='ltr'>ac</span> <span class='ocrx_word' id='word_1_665' title='bbox 2684 4858 2928 4929; x_wconf 89' lang='lat' dir='ltr'>reliquis</span> <span class='ocrx_word' id='word_1_666' title='bbox 2956 4858 3056 4928; x_wconf 91' lang='lat' dir='ltr'>qui</span> <span class='ocrx_word' id='word_1_667' title='bbox 3090 4874 3196 4929; x_wconf 90' lang='lat' dir='ltr'>pro</span> <span class='ocrx_word' id='word_1_668' title='bbox 3226 4874 3363 4913; x_wconf 88' lang='lat' dir='ltr'>vera</span> <span class='ocrx_word' id='word_1_669' title='bbox 3414 4858 3701 4930; x_wconf 91' lang='lat' dir='ltr'>religione</span> 
     </span>
    </p>
   </div>
   <div class='ocr_carea' id='block_1_105' title="bbox 2059 4945 3702 5021">
    <p class='ocr_par' dir='ltr' id='par_1_105' title="bbox 2059 4945 3702 5021">
     <span class='ocr_line' id='line_1_106' title="bbox 2059 4945 3702 5021; baseline -0.002 -17"><span class='ocrx_word' id='word_1_670' title='bbox 2059 4949 2512 5021; x_wconf 88' lang='lat' dir='ltr'>propugnabant</span> <span class='ocrx_word' id='word_1_671' title='bbox 2560 4948 2922 5004; x_wconf 84' lang='lat' dir='ltr'>auctoribus.</span> <span class='ocrx_word' id='word_1_672' title='bbox 2974 4945 3139 5011; x_wconf 89' lang='lat' dir='ltr'>Quod</span> <span class='ocrx_word' id='word_1_673' title='bbox 3200 4946 3315 5000; x_wconf 91' lang='lat' dir='ltr'>nisi</span> <span class='ocrx_word' id='word_1_674' title='bbox 3375 4947 3424 5001; x_wconf 91' lang='lat' dir='ltr'>is</span> <span class='ocrx_word' id='word_1_675' title='bbox 3471 4951 3702 5001; x_wconf 88' lang='lat' dir='ltr'>mature</span> 
     </span>
    </p>
   </div>
   <div class='ocr_carea' id='block_1_106' title="bbox 2057 5034 3703 5105">
    <p class='ocr_par' dir='ltr' id='par_1_106' title="bbox 2057 5034 3703 5105">
     <span class='ocr_line' id='line_1_107' title="bbox 2057 5034 3703 5105; baseline -0.001 -13"><span class='ocrx_word' id='word_1_676' title='bbox 2057 5038 2265 5093; x_wconf 89' lang='lat' dir='ltr'>urbem</span> <span class='ocrx_word' id='word_1_677' title='bbox 2297 5042 2649 5105; x_wconf 89' lang='lat' dir='ltr'>revocasset,</span> <span class='ocrx_word' id='word_1_678' title='bbox 2681 5036 2888 5105; x_wconf 91' lang='lat' dir='ltr'>utique</span> <span class='ocrx_word' id='word_1_679' title='bbox 2916 5039 3100 5089; x_wconf 85' lang='lat' dir='ltr'>totam</span> <span class='ocrx_word' id='word_1_680' title='bbox 3129 5034 3348 5089; x_wconf 85' lang='lat' dir='ltr'>Ariana</span> <span class='ocrx_word' id='word_1_681' title='bbox 3401 5039 3460 5088; x_wconf 93' lang='lat' dir='ltr'>et</span> <span class='ocrx_word' id='word_1_682' title='bbox 3505 5036 3703 5090; x_wconf 87' lang='lat' dir='ltr'>Euno-</span> 
     </span>
    </p>
   </div>
   <div class='ocr_carea' id='block_1_107' title="bbox 2057 5122 3778 5196">
    <p class='ocr_par' dir='ltr' id='par_1_107' title="bbox 2057 5122 3778 5196">
     <span class='ocr_line' id='line_1_108' title="bbox 2057 5122 3778 5196; baseline -0.001 -16"><span class='ocrx_word' id='word_1_683' title='bbox 2057 5127 2264 5182; x_wconf 87' lang='lat' dir='ltr'>miana</span> <span class='ocrx_word' id='word_1_684' title='bbox 2297 5126 2426 5182; x_wconf 91' lang='lat' dir='ltr'>lues</span> <span class='ocrx_word' id='word_1_685' title='bbox 2451 5128 2819 5196; x_wconf 90' lang='lat' dir='ltr'>occupasset,</span> <span class='ocrx_word' id='word_1_686' title='bbox 2853 5138 2986 5177; x_wconf 91' lang='lat' dir='ltr'>cum</span> <span class='ocrx_word' id='word_1_687' title='bbox 3007 5122 3137 5194; x_wconf 89' lang='lat' dir='ltr'>jam</span> <span class='ocrx_word' id='word_1_688' title='bbox 3168 5127 3292 5176; x_wconf 90' lang='lat' dir='ltr'>tum</span> <span class='ocrx_word' id='word_1_689' title='bbox 3326 5122 3527 5177; x_wconf 91' lang='lat' dir='ltr'>omnia</span> <span class='ocrx_word' id='word_1_690' title='bbox 3556 5128 3705 5179; x_wconf 89' lang='lat' dir='ltr'>tem-</span> <span class='ocrx_word' id='word_1_691' title='bbox 3775 5123 3778 5126; x_wconf 78' lang='grc'><strong>’</strong></span> 
     </span>
    </p>
   </div>
   <div class='ocr_carea' id='block_1_108' title="bbox 1504 5223 2504 5278">
    <p class='ocr_par' dir='ltr' id='par_1_108' title="bbox 1504 5223 2504 5278">
     <span class='ocr_line' id='line_1_109' title="bbox 1504 5223 2504 5278; baseline -0.001 -1"><span class='ocrx_word' id='word_1_692' title='bbox 1504 5223 1865 5278; x_wconf 78' lang='lat' dir='ltr'>XYLANDRI</span> <span class='ocrx_word' id='word_1_693' title='bbox 1904 5223 1990 5276; x_wconf 88' lang='lat' dir='ltr'>ET</span> <span class='ocrx_word' id='word_1_694' title='bbox 2028 5223 2242 5278; x_wconf 80' lang='lat' dir='ltr'>GOABI</span> <span class='ocrx_word' id='word_1_695' title='bbox 2284 5224 2504 5277; x_wconf 69' lang='lat' dir='ltr'>NOTIE.</span> 
     </span>
    </p>
   </div>
   <div class='ocr_carea' id='block_1_109' title="bbox 294 5322 1948 5389">
    <p class='ocr_par' dir='ltr' id='par_1_109' title="bbox 294 5322 1948 5389">
     <span class='ocr_line' id='line_1_110' title="bbox 294 5322 1948 5389; baseline -0.009 0"><span class='ocrx_word' id='word_1_696' title='bbox 294 5332 608 5389; x_wconf 89' lang='lat' dir='ltr'>Valentem</span> <span class='ocrx_word' id='word_1_697' title='bbox 637 5328 869 5384; x_wconf 89' lang='lat' dir='ltr'>venisse</span> <span class='ocrx_word' id='word_1_698' title='bbox 900 5324 1142 5388; x_wconf 87' lang='lat' dir='ltr'>scribit;</span> <span class='ocrx_word' id='word_1_699' title='bbox 1174 5338 1383 5376; x_wconf 88' lang='lat' dir='ltr'>navem</span> <span class='ocrx_word' id='word_1_700' title='bbox 1415 5338 1620 5376; x_wconf 91' lang='lat' dir='ltr'>eorum</span> <span class='ocrx_word' id='word_1_701' title='bbox 1643 5322 1948 5377; x_wconf 89' lang='lat' dir='ltr'>incensam</span> 
     </span>
    </p>
   </div>
   <div class='ocr_carea' id='block_1_110' title="bbox 295 5393 1951 5471">
    <p class='ocr_par' dir='ltr' id='par_1_110' title="bbox 295 5393 1951 5471">
     <span class='ocr_line' id='line_1_111' title="bbox 295 5393 1951 5471; baseline -0.008 -12"><span class='ocrx_word' id='word_1_702' title='bbox 295 5404 499 5471; x_wconf 87' lang='lat' dir='ltr'>fuisse,</span> <span class='ocrx_word' id='word_1_703' title='bbox 534 5418 667 5456; x_wconf 90' lang='lat' dir='ltr'>cum</span> <span class='ocrx_word' id='word_1_704' title='bbox 701 5399 966 5453; x_wconf 90' lang='lat' dir='ltr'>medium</span> <span class='ocrx_word' id='word_1_705' title='bbox 1001 5393 1218 5471; x_wconf 82' lang='lat' dir='ltr'>Astacii</span> <span class='ocrx_word' id='word_1_706' title='bbox 1252 5393 1416 5471; x_wconf 67' lang='lat' dir='ltr'>sinus</span> <span class='ocrx_word' id='word_1_707' title='bbox 1476 5394 1840 5471; x_wconf 79' lang='lat' dir='ltr'>navigarent,</span> <span class='ocrx_word' id='word_1_708' title='bbox 1890 5398 1951 5447; x_wconf 90' lang='lat' dir='ltr'>et</span> 
     </span>
    </p>
   </div>
   <div class='ocr_carea' id='block_1_111' title="bbox 296 5464 1945 5545">
    <p class='ocr_par' dir='ltr' id='par_1_111' title="bbox 296 5464 1945 5545">
     <span class='ocr_line' id='line_1_112' title="bbox 296 5464 1945 5545; baseline -0.008 -15"><span class='ocrx_word' id='word_1_709' title='bbox 296 5464 593 5545; x_wconf 78' lang='lat' dir='ltr'>usquead</span> <span class='ocrx_word' id='word_1_710' title='bbox 622 5471 924 5545; x_wconf 81' lang='lat' dir='ltr'>Dacida_m_</span> <span class='ocrx_word' id='word_1_711' title='bbox 941 5466 1251 5545; x_wconf 63' lang='lat' dir='ltr'>maritima}</span> <span class='ocrx_word' id='word_1_712' title='bbox 1277 5464 1795 5545; x_wconf 41' lang='lat' dir='ltr'>Bithyniaa‘p’agum</span> <span class='ocrx_word' id='word_1_713' title='bbox 1815 5480 1945 5545; x_wconf 86' lang='lat' dir='ltr'>per-</span> 
     </span>
    </p>
   </div>
   <div class='ocr_carea' id='block_1_112' title="bbox 299 5532 1942 5614">
    <p class='ocr_par' dir='ltr' id='par_1_112' title="bbox 299 5532 1942 5614">
     <span class='ocr_line' id='line_1_113' title="bbox 299 5532 1942 5614; baseline -0.009 -13"><span class='ocrx_word' id='word_1_714' title='bbox 299 5532 566 5614; x_wconf 72' lang='lat' dir='ltr'>durasse.</span> <span class='ocrx_word' id='word_1_715' title='bbox 630 5539 1069 5614; x_wconf 83' lang='lat' dir='ltr'>Apud_Suidam</span> <span class='ocrx_word' id='word_1_716' title='bbox 1119 5552 1353 5614; x_wconf 81' lang='lat' dir='ltr'>quoque</span> <span class='ocrx_word' id='word_1_717' title='bbox 1511 5532 1732 5614; x_wconf 46' lang='lat'>03331155:</span> <span class='ocrx_word' id='word_1_718' title='bbox 1777 5532 1942 5614; x_wconf 67' lang='grc' dir='ltr'>μέχρι</span> 
     </span>
    </p>
   </div>
   <div class='ocr_carea' id='block_1_113' title="bbox 300 5606 1944 5685">
    <p class='ocr_par' dir='ltr' id='par_1_113' title="bbox 300 5606 1944 5685">
     <span class='ocr_line' id='line_1_114' title="bbox 300 5606 1944 5685; baseline -0.006 -15"><span class='ocrx_word' id='word_1_719' title='bbox 300 5610 627 5682; x_wconf 77' lang='grc' dir='ltr'>Δακιϐίζων.</span> <span class='ocrx_word' id='word_1_720' title='bbox 660 5606 828 5685; x_wconf 61' lang='lat' dir='ltr'>Apud</span> <span class='ocrx_word' id='word_1_721' title='bbox 864 5610 1257 5680; x_wconf 82' lang='lat' dir='ltr'>Nicephorum</span> <span class='ocrx_word' id='word_1_722' title='bbox 1287 5606 1516 5678; x_wconf 79' lang='lat' dir='ltr'>legitur</span> <span class='ocrx_word' id='word_1_723' title='bbox 1557 5606 1640 5660; x_wconf 88' lang='lat' dir='ltr'>ita</span> <span class='ocrx_word' id='word_1_724' title='bbox 1675 5614 1743 5661; x_wconf 92' lang='lat' dir='ltr'>ut</span> <span class='ocrx_word' id='word_1_725' title='bbox 1788 5606 1944 5677; x_wconf 84' lang='lat' dir='ltr'>apud</span> 
     </span>
    </p>
   </div>
   <div class='ocr_carea' id='block_1_114' title="bbox 298 5684 884 5745">
    <p class='ocr_par' dir='ltr' id='par_1_114' title="bbox 298 5684 884 5745">
     <span class='ocr_line' id='line_1_115' title="bbox 298 5684 884 5745; baseline -0.012 0"><span class='ocrx_word' id='word_1_726' title='bbox 298 5684 728 5745; x_wconf 30' lang='lat' dir='ltr'>Sozomenum.’</span> <span class='ocrx_word' id='word_1_727' title='bbox 748 5684 884 5739; x_wconf 82' lang='lat' dir='ltr'>XYL.</span> 
     </span>
    </p>
   </div>
   <div class='ocr_carea' id='block_1_115' title="bbox 2129 5318 3707 5400">
    <p class='ocr_par' dir='ltr' id='par_1_115' title="bbox 2129 5318 3707 5400">
     <span class='ocr_line' id='line_1_116' title="bbox 2129 5318 3707 5400; baseline 0.003 -26"><span class='ocrx_word' id='word_1_728' title='bbox 2129 5324 2242 5390; x_wconf 84' lang='lat'>(23)</span> <span class='ocrx_word' id='word_1_729' title='bbox 2274 5323 2591 5400; x_wconf 48' lang='lat' dir='ltr'>InnGraaco</span> <span class='ocrx_word' id='word_1_730' title='bbox 2637 5320 2804 5376; x_wconf 91' lang='lat' dir='ltr'>locus</span> <span class='ocrx_word' id='word_1_731' title='bbox 2857 5323 2957 5400; x_wconf 75' lang='lat' dir='ltr'>est</span> <span class='ocrx_word' id='word_1_732' title='bbox 2990 5318 3341 5400; x_wconf 73' lang='lat' dir='ltr'>depravatus</span> <span class='ocrx_word' id='word_1_733' title='bbox 3386 5324 3443 5400; x_wconf 86' lang='lat' dir='ltr'>et</span> <span class='ocrx_word' id='word_1_734' title='bbox 3489 5321 3707 5400; x_wconf 73' lang='lat' dir='ltr'>Juliani</span> 
     </span>
    </p>
   </div>
   <div class='ocr_carea' id='block_1_116' title="bbox 2057 5391 3703 5466">
    <p class='ocr_par' dir='ltr' id='par_1_116' title="bbox 2057 5391 3703 5466">
     <span class='ocr_line' id='line_1_117' title="bbox 2057 5391 3703 5466; baseline 0.002 -21"><span class='ocrx_word' id='word_1_735' title='bbox 2057 5408 2279 5466; x_wconf 78' lang='lat' dir='ltr'>nomen</span> <span class='ocrx_word' id='word_1_736' title='bbox 2311 5391 2741 5446; x_wconf 88' lang='lat' dir='ltr'>alienissimum</span> <span class='ocrx_word' id='word_1_737' title='bbox 2773 5408 2806 5445; x_wconf 92' lang='lat' dir='ltr'>a</span> <span class='ocrx_word' id='word_1_738' title='bbox 2835 5391 3149 5466; x_wconf 63' lang='lat' dir='ltr'>sententia</span> <span class='ocrx_word' id='word_1_739' title='bbox 3171 5391 3552 5466; x_wconf 72' lang='lat' dir='ltr'>inculcatum.</span> <span class='ocrx_word' id='word_1_740' title='bbox 3588 5396 3703 5466; x_wconf 86' lang='lat' dir='ltr'>Ego</span> 
     </span>
    </p>
   </div>
   <div class='ocr_carea' id='block_1_117' title="bbox 2058 5461 3702 5534">
    <p class='ocr_par' dir='ltr' id='par_1_117' title="bbox 2058 5461 3702 5534">
     <span class='ocr_line' id='line_1_118' title="bbox 2058 5461 3702 5534; baseline 0.002 -18"><span class='ocrx_word' id='word_1_741' title='bbox 2058 5463 2368 5517; x_wconf 86' lang='lat' dir='ltr'>historiam</span> <span class='ocrx_word' id='word_1_742' title='bbox 2402 5470 2637 5518; x_wconf 88' lang='lat' dir='ltr'>secutus</span> <span class='ocrx_word' id='word_1_743' title='bbox 2670 5480 2824 5527; x_wconf 90' lang='lat' dir='ltr'>sum,</span> <span class='ocrx_word' id='word_1_744' title='bbox 2856 5478 3034 5532; x_wconf 86' lang='lat' dir='ltr'>quam</span> <span class='ocrx_word' id='word_1_745' title='bbox 3057 5461 3235 5517; x_wconf 87' lang='lat' dir='ltr'>habet</span> <span class='ocrx_word' id='word_1_746' title='bbox 3265 5463 3492 5519; x_wconf 90' lang='lat' dir='ltr'>Sozom.</span> <span class='ocrx_word' id='word_1_747' title='bbox 3519 5482 3589 5533; x_wconf 70' lang='lat' dir='ltr'>vn,</span> <span class='ocrx_word' id='word_1_748' title='bbox 3616 5461 3702 5534; x_wconf 71' lang='lat' dir='ltr'>f5,</span> 
     </span>
    </p>
   </div>
   <div class='ocr_carea' id='block_1_118' title="bbox 2056 5533 2915 5604">
    <p class='ocr_par' dir='ltr' id='par_1_118' title="bbox 2056 5533 2915 5604">
     <span class='ocr_line' id='line_1_119' title="bbox 2056 5533 2915 5604; baseline 0 -17"><span class='ocrx_word' id='word_1_749' title='bbox 2056 5538 2114 5587; x_wconf 92' lang='lat' dir='ltr'>et</span> <span class='ocrx_word' id='word_1_750' title='bbox 2140 5533 2504 5604; x_wconf 88' lang='lat' dir='ltr'>Nicephorus</span> <span class='ocrx_word' id='word_1_751' title='bbox 2545 5552 2621 5600; x_wconf 76' lang='lat' dir='ltr'>XI,</span> <span class='ocrx_word' id='word_1_752' title='bbox 2656 5536 2742 5588; x_wconf 82' lang='lat' dir='ltr'>i8.</span> <span class='ocrx_word' id='word_1_753' title='bbox 2776 5534 2915 5588; x_wconf 80' lang='lat' dir='ltr'>XYL.</span> 
     </span>
    </p>
   </div>
   <div class='ocr_carea' id='block_1_119' title="bbox 2126 5606 2667 5676">
    <p class='ocr_par' dir='ltr' id='par_1_119' title="bbox 2126 5606 2667 5676">
     <span class='ocr_line' id='line_1_120' title="bbox 2126 5606 2667 5676; baseline 0.004 -18"><span class='ocrx_word' id='word_1_754' title='bbox 2126 5608 2239 5676; x_wconf 71' lang='grc'>(24)</span> <span class='ocrx_word' id='word_1_755' title='bbox 2272 5606 2493 5661; x_wconf 89' lang='lat' dir='ltr'>Sirmii.</span> <span class='ocrx_word' id='word_1_756' title='bbox 2529 5607 2667 5660; x_wconf 76' lang='grc' dir='ltr'>Χη.</span> 
     </span>
    </p>
   </div>
  </div>
