4124 6312
463 431 580 496 598

1823 425 2139 493 GEORGII
2184 429 2529 498 CEDRENI

3755 441 3870 502 396

462 567 564 640 pla
593 580 662 621 ea
692 563 896 620 infecti
927 563 1289 628 obtinerent,
1322 567 1566 636 excepto
1585 569 1804 619 sancta)
1837 557 2112 637 martyris

2241 585 2320 628 τας
2373 567 2472 637 τήν
2531 568 2695 626 πόλιν
2745 568 3128 642 ἀνεκαλέσατο,
3188 575 3331 625 πᾶσα
3388 569 3449 625 ἄν
3501 577 3600 640 τῆς
3662 571 3870 646 Ἀρείου

463 655 794 710 Anastasii»
817 652 1094 708 oratorio.
1119 651 1478 707 Arianorum
1502 657 1644 706 tunc
1673 651 1786 707 fuit
1805 651 2119 724 episcopus

470 739 879 813 DemOphilus.
913 739 1132 796 Eodem
1163 745 1433 812 tempore
1465 741 1776 813 Gregorius
1821 743 2118 812 Nyssenus

469 837 530 888 et
559 833 790 898 Petrus,
821 829 1036 885 fratres
1067 828 1290 898 Basilii,
1319 828 1678 884 claruerunt.
1703 831 1994 883 Caeterum
2018 829 2118 883 Va-

467 920 844 976 lentinianus
871 918 1039 973 fratri
1070 917 1304 973 Valenti
1335 934 1542 990 pravas
1589 917 1662 972 de
1707 917 1886 972 rebus
1937 917 2120 972 sacris

473 1009 786 1082 opiniones
807 1006 1402 1078 exprobravit,neque
1424 1007 1477 1061 ei
1496 1006 1819 1078 postulanti
1833 1005 2121 1062 auxilium

473 1098 754 1154 adversus
783 1097 1026 1151 Gotthos
1056 1096 1236 1163 misit,
1273 1095 1498 1150 homini
1549 1103 1754 1151 contra
1797 1097 1981 1152 Deum
2015 1111 2120 1168 pu-

474 1187 679 1260 gnanti
704 1184 991 1242 auxilium
1019 1183 1332 1240 ferendum
1365 1201 1492 1240 esse
1522 1201 1763 1258 negans.

548 1463 697 1521 541
723 1463 895 1518 Anno
920 1461 1011 1517 sui
1033 1459 1268 1534 imperii
1297 1461 1358 1515 11
1395 1459 1844 1516 Valentinianus
1875 1475 2124 1533 magnus

475 1553 588 1608 hoc
617 1551 792 1606 modo
825 1551 1098 1606 decessit.
1133 1550 1492 1605 Sauromatas
1523 1549 1597 1604 ab
1657 1549 1784 1621 ipso
1835 1550 1970 1604 victi
2019 1565 2120 1620 pe-

477 1641 672 1697 tenda:
703 1640 868 1712 pacis
927 1657 1105 1696 causa
1161 1639 1385 1710 legatos
1441 1637 1747 1694 miserant.
1789 1639 1945 1702 Quos
1989 1655 2124 1694 cum

480 1731 608 1802 ipse
639 1729 1027 1799 examinaret,
1079 1727 1515 1800 responderunt
1563 1744 1626 1782 se
1678 1727 1946 1783 omnium
1997 1743 2124 1782 esse

480 1820 705 1892 primos
735 1823 913 1890 atque
945 1815 1307 1890 potissimos.
1341 1819 1690 1889 Imperator,
1722 1833 1856 1872 cum
1888 1816 1984 1871 isti
2034 1815 2124 1871 di-

479 1912 684 1964 cerent
709 1925 772 1962 se
802 1907 1068 1964 omnium
1102 1907 1624 1979 praestantissimos
1647 1906 1709 1960 in
1741 1910 2125 1978 conspectum

483 1999 612 2070 ejus
643 1998 899 2065 venisse,
932 2012 1146 2069 magna
1192 1995 1249 2049 vi
1299 1996 1693 2052 exclamavit:
1747 1993 1889 2050 Male
1935 1993 2128 2068 agitur

481 2103 616 2143 cum
669 2089 934 2142 Romano
987 2085 1258 2157 imperio,
1315 2085 1472 2156 quod
1529 2085 1592 2140 in
1647 2083 2130 2140 Valentinianum

481 2177 675 2244 desiit,
709 2191 845 2232 cum
877 2177 1259 2243 Sauromatae,
1316 2174 1418 2229 tali
1469 2175 1744 2228 homines
1792 2172 2129 2228 conditione

479 2267 868 2336 omniumque
898 2264 1240 2320 mortalium
1273 2264 1530 2318 maxime
1583 2261 1978 2330 miserabiles,
2028 2260 2129 2316 ad-

481 2371 684 2410 versus
713 2353 864 2408 illud
893 2354 1224 2424 insurgunt.
1257 2353 1382 2416 Qua
1435 2368 1504 2408 ex
1547 2351 1924 2406 contentione
1973 2350 2131 2405 vocis

485 2448 542 2498 et
571 2458 858 2498 manuum
888 2441 1102 2513 plausu
1134 2455 1284 2495 vena
1309 2443 1502 2512 rupta,
1525 2456 1655 2494 cutn
1677 2439 1984 2510 sanguinis
2004 2439 2132 2510 plu-

481 2531 700 2586 rimum
733 2529 1028 2602 ejecisset,
1062 2528 1124 2584 in
1154 2527 1412 2600 quodam
1446 2527 1648 2584 Gallias
1679 2525 1924 2585 castello
1950 2527 2132 2583 vitam

485 2619 753 2691 reliquit.

556 2709 781 2764 Exinde
795 2708 1045 2764 Romani
1061 2707 1366 2763 Valentem
1387 2705 1518 2782 ejus
1543 2707 1788 2763 fratrem
1803 2706 2132 2778 Augustum

489 2799 787 2854 salutant:
819 2797 870 2852 is
902 2795 1216 2868 imperavit
1271 2795 1616 2852 triennium.
1673 2795 1754 2850 Eo
1801 2794 2133 2868 imperante

487 2887 679 2944 Gotthi
713 2887 961 2957 trajecta
991 2883 1263 2940 Mmotide
1293 2880 1531 2958 palude,
1589 2889 1891 2956 praaeunte
1939 2900 2132 2954 cerva,

486 2978 549 3032 in
577 2975 886 3033 Thraciam
918 2979 1230 3043 venerunt,
1288 2973 1470 3046 inque
1523 2973 1670 3029 duas
1718 2971 1886 3030 divisi
1935 2980 2134 3046 partes

483 3065 710 3123 bellum
731 3065 921 3121 altera
940 3063 1112 3120 alteri
1131 3061 1630 3119 fecerunt.Altera
1658 3081 1795 3136 pars
1826 3080 1860 3120 a
1887 3063 2134 3121 Valente

485 3156 787 3228 suppetias
815 3154 1154 3226 postulavit,
1187 3153 1542 3225 promittens
1571 3169 1634 3210 se
1657 3152 1886 3208 Christo
1912 3169 2132 3210 nomen

483 3245 793 3312 daturam;
826 3243 988 3313 iique
1016 3241 1212 3314 potiti,
1243 3241 1520 3312 baptizati
1569 3239 1850 3296 Arianam
1894 3241 2131 3314 religio-

2226 653 2316 708 καὶ
2373 655 2646 730 Εὐνομίου
2739 653 2927 730 λώϐης
3008 655 3330 734 ἐπληρώθη’
3390 659 3557 723 πάσας
3617 659 3726 734 γὰρ
3779 662 3870 722 τὰς

2228 741 2556 816 Ἐκκλησίας
2612 745 2768 805 αὐτοὶ
2825 751 3105 824 κατεῖχον,
3165 745 3311 816 πλὴν
3366 751 3464 802 τοῦ
3541 753 3646 816 τῆς
3725 748 3873 824 ἁγίας

2231 831 2504 908 μάρτυρος
2560 833 2940 900 Ἀναστασίαςι
3008 835 3336 896 Ἐπίσκοπος
3392 831 3448 890 δέ
3495 840 3604 891 τῶν
3665 837 3872 911 Ἀρεια.

2227 926 2334 978 νῶν
2393 923 2458 994 ἦν
2518 922 2866 1002 Δημόφιλος.
2921 925 3232 1001 Γρηγόριος
3291 922 3348 980 δὲ
3392 925 3516 980 τότε
3569 927 3599 980 ὁ
3660 924 3873 996 Νύσσης

2227 1010 2317 1064 καὶ
2377 1009 2600 1088 Πέτρος,
2660 1011 2887 1086 ἀδελφοὶ
2946 1011 3259 1084 Βασιλείου,
3337 1009 3667 1086 διέλαμπον.
3736 1015 3876 1074 Οὐα-

2229 1099 2551 1164 λεντινιανός
2602 1099 2660 1157 δὲ
2718 1099 2964 1158 ὠνείδισε
3020 1101 3302 1160 Οὐάλεντα
3356 1103 3448 1158 τὸν
3507 1100 3748 1179 ἀδελφὸν
3804 1103 3873 1166 ὡς

2227 1184 2546 1262 κακόδοξον,
2611 1191 2687 1262 μή
2744 1190 2962 1264 πεμψας
3017 1190 3164 1262 αὐτῷ
3227 1191 3482 1267 βοήθειαν
3558 1187 3701 1246 κατᾶ
3771 1195 3871 1244 τῶν

2229 1277 2448 1332 Γότθων
2481 1278 2745 1352 αἰτοῦντι,
2803 1277 2930 1336 ἀλλ’
2991 1278 3175 1336 εῗπώψ
3237 1281 3312 1336 Οὐ
3369 1279 3524 1354 θέμις
3582 1277 3870 1354 ἐπαμύνειν

2231 1363 2385 1441 ἀνδρὶ
2415 1369 2700 1446 θεομάχῳ.

2299 1459 2386 1528 Τῷ
2419 1463 2483 1510 ια“
2534 1455 2644 1514 ἔτει
2699 1454 3152 1522 Οὓαλεντινιανὸς
3211 1457 3238 1512 ὁ
3311 1457 3477 1536 μέγας
3540 1454 3872 1529 ἐτελεύτησε,

2233 1543 2562 1618 βασιλεύσας
2590 1541 2684 1618 ἔτη
2750 1547 2837 1616 ια’,
2891 1547 3082 1624 τρόπῳ
3137 1543 3355 1617 τοιῷδε·
3406 1546 3476 1603 Οἱ
3532 1546 3875 1621 Σαυρομάται

2233 1633 2320 1688 ὑπ’
2376 1633 2541 1691 αὐτοῦ
2600 1637 2890 1708 ἠττηθέτες
2946 1631 3199 1714 πρεσϐεις
3281 1637 3419 1714 πρὸς
3478 1635 3644 1692 αὐτὸν
3715 1630 3874 1708 ἔπεμι·

2231 1723 2332 1796 ψαν
2367 1723 2640 1788 αἰτοῦντες
2681 1724 2920 1803 εἰρήνην.
2955 1727 3142 1782 Αὐτοῦ
3185 1723 3239 1781 δὲ
3283 1725 3513 1788 τούτους
3570 1725 3876 1800 ἐρωτῶντος

2232 1811 2279 1866 εἰ
2314 1816 2511 1875 πάντες
2561 1815 2612 1868 οἳ
2671 1816 3021 1890 Σαυρομάται
3075 1813 3320 1870 τοιοῦτοί
3377 1815 3508 1870 εἰσιν
3566 1813 3874 1890 άκρὸτατοι,

2231 1901 2320 1955 καὶ
2360 1901 2540 1956 αὐτὼν
2599 1901 2888 1975 εἷπόντων,
2946 1902 3053 1976 ὅτι,
3110 1901 3246 1968 Τοὺς
3312 1903 3628 1976 κρείττονας
3667 1901 3870 1957 πάντων

2232 1986 2340 2044 ὧδε
2376 1985 2525 2066 ἔχεις
2577 1993 2668 2046 καὶ
2727 1993 2879 2066 ὁρᾷς,
2938 1991 3235 2067 ἀνακράξας
3291 1991 3485 2067 βιαίως
3543 1985 3676 2066 ἔφη·
3737 1989 3876 2044 Δεινᾶ

2232 2079 2519 2154 Ῥωμαίων
2561 2082 2596 2150 ἡ
2663 2079 2912 2157 βασιλεία
2971 2081 3230 2156 ὑπομένει
3287 2080 3363 2143 είς
3431 2078 3877 2137 Οὐαλεντινιανὸν

2234 2165 2466 2240 λήξασα,
2511 2167 2556 2222 εί
2615 2171 2969 2246 Σαυρομάται
3027 2174 3270 2226 τοιοῦτοι
3327 2170 3476 2230 ’ὀντες
3541 2168 3881 2244 οἰκτρότατοι

2232 2257 2527 2330 Ῥωμαίοις
2556 2257 3040 2331 κατεξανίστανται.
3100 2259 3199 2316 Ἐκ
3251 2255 3308 2313 δὲ
3361 2264 3465 2329 τῆς
3527 2259 3743 2320 τάσεως
3799 2257 3880 2312 καί

2232 2349 2329 2400 τοῦ
2359 2347 2560 2422 κρότου
2613 2351 2722 2402 τῶν
2775 2353 2980 2424 χειρῶν
3025 2343 3230 2426 φλεϐὸς
3288 2345 3544 2424 ῥαγείσης
3615 2348 3703 2402 καὶ
3751 2346 3888 2402 πλεί-

2234 2444 2362 2490 στου
2415 2431 2771 2499 ἀναδοθὲντος
2805 2435 3074 2514 α’ίματος,
3107 2433 3160 2492 ἔν
3210 2458 3316 2492 τινι
3365 2437 3616 2514 φρουρίῳ
3663 2434 3888 2498 Γαλλίας

2232 2525 2470 2596 θνήσκει.

2307 2701 2412 2760 Καὶ
2443 2703 2832 2780 ἀναγορεύουσι
2863 2705 3137 2780 Ῥωμαῖοι
3179 2704 3468 2764 Οὐάλεντα
3514 2703 3614 2760 τὸν
3663 2701 3880 2783 ἀδελφὸν

2279 2792 2292 2814 ν
2369 2796 2397 2808 ~
2485 2790 2512 2812 Ἰ
2835 2795 2843 2813 σ
2922 2793 2936 2814 9
3029 2795 3040 2815 ι
3270 2793 3294 2816 ’1
3453 2797 3465 2814 α
3545 2796 3557 2817 9
3657 2795 3671 2813 ι
3771 2793 3815 2825 9,,
3852 2796 3876 2826 τ’

2235 2814 2400 2850 αυτου
2431 2802 2772 2870 Αυγουστον,
2813 2797 2872 2858 ὸς
2919 2815 3212 2873 εκρατησεν
3269 2817 3364 2865 ετη
3415 2817 3486 2871 γ.
3561 2799 3672 2852 Επι
3727 2815 3877 2848 amo.)

2237 2882 2289 2936 οἱ
2347 2881 2540 2938 Γότθοι
2596 2885 2916 2960 περάσαντες
2975 2885 3074 2955 τήν
3139 2881 3430 2942 Μαιώτιδα
3488 2882 3690 2958 λίμνην
3747 2880 3868 2936 ἐλά-

2239 2991 2341 3049 φου
2371 2971 2732 3047 ἡγησαμένης
2789 2971 2978 3034 αὐτοῖς
3042 2971 3211 3044 ἦλθον
3248 2973 3324 3036 εἰς
3355 2975 3454 3042 τήν
3515 2975 3734 3048 Θρᾴκην,
3780 2968 3863 3023 καὶ

2239 3058 2335 3114 δύο
2359 3063 2643 3137 γεγονότες
2688 3063 2827 3136 μέρη
2885 3060 3162 3133 ἀλλήλοις
3219 3059 3525 3142 ἐμάχοντο.
3595 3061 3687 3116 Καὶ
3740 3081 3872 3133 συμ-

2241 3151 2448 3228 μαχίαν
2489 3149 2806 3222 αἰτήσαντες
2861 3153 2914 3206 οἱ
2969 3156 3069 3207 τοῦ
3125 3153 3244 3214 ἑνὸς
3297 3151 3493 3227 μέρους
3552 3153 3701 3228 παρὰ
3751 3146 3874 3204 Οὐά-

2245 3239 2434 3304 λεντος
2463 3237 2658 3316 ἔτυχον
2707 3238 2999 3317 ὑποσχέσει
3045 3245 3143 3297 τοῦ
3204 3240 3568 3318 Χριστιανοὺς
3630 3238 3875 3317 γενέσθαι·

483 3349 622 3388 nem
652 3305 792 3388 sunt
819 3305 1038 3398 secuti,
1061 3305 1239 3401 quam
1271 3305 1340 3384 et.
1363 3329 1570 3385 Valens
1610 3329 1863 3386 colebat.
1925 3305 2130 3386 Postea

2246 3329 2365 3383 ὅθεν
2433 3329 2524 3384 καὶ
2595 3329 2970 3404 βαπτισθέντες
3059 3329 3332 3406 Ἀρειανοὶ
3424 3329 3878 3400 ἀποκατέστησαν,

483 3420 714 3488 urbem,
771 3418 1004 3474 violatis
1058 3423 1192 3490 post
1237 3417 1598 3490 baptismum
1669 3419 1878 3490 pactis,
1942 3418 2138 3474 adorti

487 3513 644 3564 sunt.
677 3505 894 3563 Iisdem
937 3507 1110 3562 annis
1143 3506 1631 3562 Massalianorum
1683 3507 1956 3576 haeresis,
2007 3525 2138 3578 quas

489 3601 547 3653 et
575 3596 960 3653 Euchitarum
1007 3601 1066 3652 et
1119 3593 1640 3652 Enthusiastarum
1697 3601 1753 3650 et
1804 3593 2136 3668 Bogomilo-

489 3703 622 3742 rum
654 3687 888 3753 dicitur,
924 3691 1053 3742 orta
1087 3691 1194 3742 est.
1239 3685 1454 3741 Valens
1485 3689 1683 3742 autem
1717 3703 1925 3742 omnes
1957 3685 2142 3742 eccle-

493 3776 612 3832 sias
643 3775 956 3832 devastans
997 3776 1324 3832 Cmsaream
1372 3775 1551 3846 venit,
1602 3781 1810 3831 contra
1853 3775 2136 3831 Basilium

494 3882 777 3938 magnum
807 3864 957 3920 548
979 3863 1180 3920 furore
1203 3863 1502 3920 incitatus.
1537 3867 1764 3921 Actum
1783 3881 1852 3920 ea
1869 3864 1986 3936 egit
2005 3881 2134 3936 quas

493 3954 809 4028 Gregorius
831 3970 1078 4026 magnus
1103 3953 1164 4008 in
1187 3954 1453 4023 oratione
1479 3949 1918 4008 Basiliifunebri
1934 3953 2133 4008 refert.

492 4043 616 4108 Quo
647 4048 912 4114 tempore
943 4043 1122 4098 etiam
1153 4042 1354 4098 Gallus
1385 4039 1644 4098 Valentis
1668 4041 1826 4098 filius
1857 4048 1916 4097 et
1943 4041 2133 4097 Domi-

491 4131 626 4187 nica
656 4127 914 4185 Valentis
943 4146 1093 4185 uxor
1128 4129 1287 4202 gravi
1329 4128 1536 4184 morbo
1585 4129 1791 4185 afflicti
1837 4135 1994 4185 sunt.
2045 4127 2133 4186 Ad

491 4221 638 4286 haec,
671 4235 806 4274 cum
836 4221 897 4275 in
927 4217 1224 4290 colloquio
1247 4234 1382 4274 cum
1405 4218 1648 4274 Valente
1671 4219 1870 4274 habito
1893 4219 2135 4291 quidam

491 4309 562 4364 de
595 4310 802 4381 coquis
861 4308 1010 4380 ejus,
1050 4308 1293 4364 nomine
1344 4307 1792 4376 Demosthenes,
1852 4308 2134 4364 Basiliam

489 4398 970 4469 reprehendisset
999 4403 1274 4468 essetque
1302 4395 1608 4453 barbariae
1649 4397 1902 4462 locutus,
1935 4397 2134 4452 ferunt

492 4487 774 4542 Basilium
804 4485 1022 4542 dixisse
1049 4503 1062 4540 :
1086 4487 1172 4540 En
1194 4484 1448 4541 vidimus
1471 4485 1649 4540 etiam
1681 4483 2131 4542 Demosthenem

494 4575 858 4633 illiteratum.

562 4843 755 4902 Tertio
785 4861 942 4900 anno
971 4860 1178 4901 rursus
1218 4844 1416 4900 Gotthi
1473 4845 1537 4900 in
1590 4847 1994 4904 Romanorum
2043 4847 2136 4904 di-

491 4935 714 4991 tionem
745 4935 1136 5007 impressione
1167 4935 1322 4990 facta
1351 4935 1684 5007 provincias
1708 4937 1910 5009 viginti
1928 4938 2130 5010 plures

2244 3419 2422 3480 καθὼς
2452 3421 2517 3488 ἦν
2541 3419 2632 3474 καὶ
2671 3417 2916 3490 Οὐάλης.
2951 3419 3099 3474 Μετά
3125 3423 3287 3474 τοῦτο
3339 3419 3438 3475 οὗν
3493 3417 3546 3475 ἐν
3604 3417 3774 3496 Συρίᾳ
3798 3419 3882 3470 τοῦ

2244 3507 2552 3570 Οὐάλεντος
2596 3503 2986 3582 διατρίϐοντος,
3047 3509 3099 3562 οἱ
3142 3507 3343 3572 Σκύθαι
3393 3507 3720 3586 περάσαντες
3759 3505 3882 3561 κατὰ

2245 3602 2347 3666 τῆς
2377 3595 2594 3658 πόλεως
2625 3595 2964 3677 εἶσέφρησαν,
3015 3598 3111 3662 τὰς
3157 3593 3390 3662 σπονδάς
3437 3599 3512 3670 μή
3563 3597 3882 3675 φυλάξαντες

2249 3686 2384 3758 μετὰ
2411 3686 2473 3739 τὸ
2535 3687 2897 3760 βαπτισθῆναι
2940 3685 3158 3748 αὐτους.
3222 3687 3354 3748 Τοῖς
3411 3686 3599 3747 αὐτοῖς
3661 3683 3880 3752 ἔτεσινὴ

2243 3779 2350 3829 τῶν
2386 3771 2786 3830 Μασσαλιανῶν
2834 3772 3042 3850 α’ίρεσις
3091 3775 3260 3850 ἤγουν
3317 3775 3566 3852 Εὐχιτῶν
3600 3777 3639 3846 ἢ
3676 3775 3881 3833 Ἐνθου-

2247 3868 2502 3931 σιαστῶν,
2533 3867 2640 3918 τῶν
2671 3864 2762 3919 καὶ
2793 3861 3142 3940 Βογομίλων,
3199 3861 3360 3938 ἐφύη.
3411 3863 3640 3936 Οὐάλης
3681 3862 3736 3920 δὲ
3783 3861 3880 3918 πά-

2247 3974 2342 4015 σας
2401 3953 2496 4015 τὰς
2553 3951 2846 4025 ἐκκλησίας
2895 3958 3112 4028 πορθῶν
3191 3957 3317 4024 ἧκεν
3396 3953 3474 4018 είς
3540 3954 3877 4030 Καισάρειαν,

2249 4045 2334 4117 [Ρ.
2367 4043 2494 4115 313]
2531 4041 2672 4098 κατὰ
2729 4047 2828 4097 τοῦ
2889 4042 3130 4118 μεγάλου
3189 4041 3476 4100 Βασιλείου
3538 4045 3877 4118 μαινόμενος.

2248 4133 2483 4208 Ἔπραξε
2514 4131 2572 4189 δὲ
2603 4133 2691 4189 οἶα
2719 4135 2808 4188 καὶ
2859 4135 2888 4190 ὁ
2937 4131 3100 4208 μέγας
3153 4131 3457 4208 Γρηγόριος
3510 4132 3594 4196 εἷς
3638 4137 3730 4190 τὸν
3779 4132 3882 4187 ἐπι-

2249 4243 2440 4302 τάφιον
2468 4228 2565 4279 τοῦ
2621 4222 2865 4298 μεγάλου
2911 4219 3202 4280 Βασιλείου
3259 4220 3456 4294 ἔλεξεν,
3501 4221 3591 4278 ὅτε
3639 4225 3729 4280 καὶ
3780 4229 3879 4276 Γα-

2251 4311 2422 4383 λάτης
2473 4313 2590 4374 υἱὸς
2647 4310 2953 4376 Οὐάλεντος
3006 4311 3095 4368 καὶ
3128 4314 3164 4382 ἡ
3197 4307 3432 4385 σύμϐιος
3481 4313 3724 4385 Δομνίκα
3777 4308 3878 4384 (25)

2251 4399 2395 4476 νόσῳ
2427 4399 2646 4477 χαλεπῇ
2679 4397 3008 4481 ἐχειμάσθη.
3067 4401 3212 4474 Πρὸς
3258 4401 3475 4464 τούτοις
3517 4399 3878 4476 Δημοσθένους

2250 4491 2392 4552 τινὸς
2423 4495 2530 4546 τῶν
2565 4491 2845 4566 ὀψοποιῶν
2879 4487 3183 4552 Οὐάλεντος
3212 4486 3266 4544 ἐν
3295 4493 3364 4563 τῇ
3397 4488 3594 4563 ὁμιλίᾳ
3641 4494 3709 4566 τῇ
3753 4486 3871 4562 πρὸς

2250 4578 2526 4638 Οὐάλεντα
2555 4579 2906 4656 μεμφομένου
2965 4577 3254 4636 Βασίλειον
3308 4577 3397 4632 καὶ
3439 4571 3863 4654 βαρϐαρίσαντος,

2171 4663 2217 4728 D
2247 4669 2416 4724 εἰπεῖν
2445 4669 2538 4724 τὸν
2575 4665 2923 4724 διδάσκαλον·
2987 4664 3126 4724 Ἰδοὺ
3179 4665 3510 4742 ἐθεασάμεθα
3559 4667 3646 4724 καὶ
3695 4676 3862 4736 Δημο-

2249 4757 2437 4830 σθένην
2470 4755 2852 4836 ἀγράμματον.

2318 4849 2412 4919 Τῷ
2439 4846 2607 4922 τρίτῳ
2659 4847 2769 4902 ἒτει
2794 4843 2960 4900 πάλιν
3015 4842 3241 4916 ἐξῆλθον
3298 4844 3350 4900 οἳ
3401 4839 3597 4910 Γότθοι
3655 4844 3729 4906 εἷς
3779 4841 3867 4908 τὴν

2240 4935 2529 5010 Ῥωμαίων
2579 4941 2682 5006 γῆν
2752 4933 2844 4990 καὶ
2927 4935 3232 5010 ἠρήμωσαν
3311 4933 3528 4997 πολλὰς
3598 4929 3868 5012 ἐπαρχίας,

1690 5063 2052 5120 XYLANDRI
2091 5067 2178 5121 ET
2215 5065 2422 5121 GOABI
2461 5064 2682 5120 ΝΟΤᾹΞ.

558 5189 669 5261 (25)
699 5189 939 5261 Zonaras
991 5187 1300 5261 _Domnina_._
1348 5186 1554 5261 Nosi‘er
1602 5185 1870 5261 ᾼομνίκαν
1922 5195 1982 5261 et
2035 5189 2134 5244 alii

490 5257 828 5316 Doim‘izicam
858 5259 1080 5314 rectius
1111 5257 1431 5328 appellant.
1463 5258 1628 5323 Quod
1670 5264 1868 5315 autem
1916 5259 2137 5316 dicitur

488 5337 714 5404 statura
743 5329 923 5404 fuisse
955 5327 1478 5404 ValensBLpopsQ.
1512 5346 1633 5384 non
1664 5347 1805 5404 sane
1830 5331 1958 5404 scio
1991 5331 2135 5404 quid

489 5401 940 5474 intelligendum
975 5400 1092 5454 det.
1128 5399 1387 5474 Αἱμοιρον
1403 5400 1636 5474 bessem
1661 5403 1969 5474 signiﬁcat.
1994 5399 2132 5457 Etsi

486 5469 713 5538 ἠλικίαν
741 5477 974 5526 aatatem
991 5478 1181 5526 vertas
1197 5469 1383 5545 (Quod
1409 5471 1669 5527 alienum
1693 5469 1822 5528 leco
1855 5473 2130 5542 videtur),

487 5559 595 5597 cur
623 5546 690 5596 50
721 5558 1010 5614 annorum
1045 5547 1186 5614 astas
1208 5540 1469 5614 ’δίμοιρον
1501 5549 1758 5608 vocetur,
1817 5561 1938 5600 non
1988 5540 2132 5602 satis

487 5619 750 5684 apparet,
786 5613 900 5666 nisi
930 5613 1196 5684 fortassis
1219 5619 1285 5668 75
1308 5613 1692 5683 annijustum
1717 5616 1973 5670 hominis
1992 5621 2131 5670 sunt

487 5683 694 5739 aevum.
730 5685 866 5738 XVL.
913 5715 967 5724 -
999 5683 1271 5740 Salebras
1294 5685 1354 5737 in
1377 5685 1552 5754 plano
1571 5685 1785 5754 quaarit
1805 5687 1900 5740 hic
1917 5686 2129 5756 Xylan-

2246 5187 2372 5255 der,
2407 5193 2464 5242 et
2489 5203 2666 5260 quam
2712 5205 2818 5260 pro
2867 5192 3084 5260 statura
3144 5201 3376 5260 sumere
3403 5185 3688 5260 deberet,
3735 5183 3877 5260 (elati

2245 5275 2446 5330 vocem
2471 5257 2731 5330 applicat
2759 5260 2821 5314 in
2850 5258 3346 5330 Observationibus.
3393 5257 3506 5312 Sed
3561 5277 3672 5314 nec
3718 5257 3874 5330 allata

2243 5329 2420 5386 verba
2450 5329 2662 5386 sonant
2691 5347 2704 5386 :
2735 5333 2848 5400 fuit
2903 5329 3099 5384 Valens
3136 5334 3353 5400 statura
3395 5331 3659 5386 mediocri
3690 5349 3702 5386 :
3742 5329 3871 5400 quin

2242 5403 2438 5474 potius
2505 5403 2585 5456 ita
2622 5417 2856 5474 procera
2899 5406 2958 5456 ul.
3007 5401 3203 5474 bessem
3252 5399 3534 5474 videretur
3579 5399 3869 5474 ema'quaije.

2243 5470 2357 5528 Nec
2387 5470 2642 5528 mirum?
2672 5473 2854 5528 frater
2883 5473 3045 5542 enim,
3072 5470 3522 5542 Valentinianus
3565 5473 3632 5540 ἧν
3661 5470 3734 5542 τῷ
3763 5471 3862 5524 σώ-

2245 5543 2724 5619 ματιᾼεύμεγέθης,
2765 5561 2834 5599 ac
2886 5543 2950 5619 in_
2993 5541 3210 5614 pietate
3251 5541 3512 5619 absimili
3567 5541 3762 5619 parem
3811 5542 3856 5596 ei

2237 5613 2432 5687 potuit
2469 5613 2686 5672 natura
2734 5613 3059 5671 concedere
3117 5613 3380 5685 corporis
3437 5613 3856 5685 proceritatem.

2239 5689 2410 5742 GOAR.
