4126 6296
278 356 401 427 59'!

1446 358 1983 426 HISTORIARUM
2033 362 2564 433 COMPENDIUM

3586 380 3708 442 598

280 490 549 567 Σκυθίαν,
605 492 838 565 Μυσίαν,
897 494 1135 570 Θρᾴκην,
1193 491 1554 563 Μακεδονίαν,
1588 494 1821 573 Ἀχαίαν
1845 495 1922 549 κα

2053 496 2395 571 depopulati
2431 509 2589 572 sunt,
2621 504 2940 578 Scythiam,
2964 507 3230 581 Mysiam,
3253 510 3707 581 Thraciam,Ma-

276 592 461 641 πᾶσαν
521 586 623 654 τήν
682 581 949 653 Ἐλλάδα,
1015 584 1147 659 ὑπὲρ
1201 584 1297 646 τάς
1373 581 1575 638 εἷ’κοσιν
1647 583 1938 663 ἐπαρχίας.

276 677 621 746 Ἐθεάθησαν
680 671 737 730 δὲ
784 672 837 728 ἐν
890 678 971 746 τῷ
1025 672 1145 747 ἀέρι
1191 669 1376 747 ἄνδρες
1404 667 1655 741 ἔνοπλοι,
1686 671 1939 748 ἐσχημα⁴

273 765 533 840 τισμὲνοι
592 766 649 818 ὶν
698 768 818 825 ταῖς
856 762 1123 839 νεφέλαις.
1183 764 1477 837 Ἐγεννήθη
1532 759 1591 816 δὲ
1638 761 1690 816 ἐν
1734 764 1942 818 Ἀντιο-

277 855 417 930 χείᾳ
446 850 668 907 παιδίαν
720 848 929 913 ἐντελὲς
992 851 1087 926 μὶν
1142 851 1212 905 τὰ
1266 848 1535 925 όλομερῆ,
1568 849 1850 929 ’ὀφθαλμὸν
1884 846 1942 905 δὲ

276 942 414 1018 ἔχον
446 939 543 997 ἕνα
583 940 635 997 ἐν
688 939 837 1014 μέσῳ
892 944 988 995 τοῦ
1050 940 1328 1013 μετώπου,
1377 944 1567 1016 χεῖρας
1598 936 1655 993 δὲ
1683 938 1940 1014 τέσσαρας

273 1032 368 1087 καὶ
402 1028 577 1092 πόδας
630 1027 891 1104 τέσσαρας
949 1030 1039 1084 καὶ
1099 1030 1364 1104 πώγωνα.
1415 1023 1672 1090 Λιϐἀνιος
1706 1024 1763 1082 δὲ
1792 1028 1819 1082 ὁ
1849 1047 1941 1081 σο-

274 1122 481 1197 φιστής
512 1120 603 1175 καὶ
654 1113 981 1194 Ἰαμόλιχος
1029 1118 1056 1172 ὁ
1103 1114 1355 1190 Πρόκλου
1388 1114 1714 1179 διδάσκαλος
1746 1113 1941 1184 ἐποίη-

272 1233 373 1266 σαν
411 1212 512 1279 τὴν
566 1206 874 1285 λεγομένην
932 1206 1474 1282 ἀλεκτορομαντείαν’
1507 1203 1809 1283 γράψαντες
1836 1206 1939 1281 γὰρ

272 1299 340 1355 τὰ
400 1297 484 1355 κδ’
538 1300 835 1375 γράμματα
906 1296 993 1351 ἐπὶ
1065 1298 1290 1364 κόνεως,
1346 1295 1437 1351 καὶ
1494 1294 1760 1356 ἐπιθέντες
1818 1295 1939 1358 καθ’

267 1390 505 1445 ’ἑκαστον
535 1388 764 1464 γράμμα
791 1387 987 1442 κόκκον
1023 1385 1193 1455 σίτου,
1246 1383 1518 1440 ἀπέλυσαν
1545 1382 1811 1458 ἀλέκτορα
1849 1381 1938 1437 ἐπὶ

269 1479 341 1534 τὰ
371 1480 702 1556 γράμματα,
728 1477 819 1532 καὶ
850 1472 1044 1531 ἔλαϐεν
1078 1477 1106 1530 ὁ
1149 1475 1399 1547 ἀλέκτωρ
1429 1477 1521 1531 τὸν
1554 1476 1605 1529 ἐν
1636 1479 1716 1547 τῷ
1748 1485 1776 1538 θ
1807 1474 1941 1528 κόκ-

269 1589 400 1638 κον,
431 1563 619 1623 ἔπειτα
645 1567 739 1623 τὸν
776 1565 830 1620 ἐν
876 1569 956 1638 τῷ
1009 1587 1035 1620 ε
1089 1566 1179 1620 καὶ
1239 1587 1267 1621 ο
1323 1565 1414 1620 καὶ
1443 1565 1532 1619 τὸν
1564 1563 1616 1618 ἐν
1648 1568 1725 1634 τῷ
1753 1560 1805 1620 δ,
1839 1562 1934 1616 Καὶ

272 1656 493 1735 ἐγένετο
552 1658 588 1727 ἡ
651 1655 858 1711 τούτων
918 1654 1137 1729 μαντεία
1189 1650 1520 1732 ἀμφίϐολος·
1580 1660 1803 1710 τοιαῦτα
1832 1651 1938 1728 γὰρ

268 1750 340 1803 τὰ
398 1753 511 1802 τῶν
561 1746 828 1802 τοιούτων
886 1742 1166 1815 ἀπατηλά.
1235 1746 1410 1801 Τοῦτο
1472 1745 1656 1819 μαθὼν
1712 1742 1936 1817 Οὐάλης

268 1836 533 1899 πολλοὺς
593 1832 913 1898 Θεοδοσίους
966 1833 1055 1888 καὶ
1116 1831 1417 1896 Θεοδότοος
1475 1833 1565 1888 καί
1623 1831 2013 1920 ΘεοδώρουςΒ

266 1928 367 1982 καὶ
400 1926 530 1987 τοὺς
581 1925 792 1997 ὁμοίως
843 1924 1191 1999 εγκειμένους
1233 1925 1350 1983 τοῖς
1404 1943 1689 1999 γραμμασι
1719 1924 1935 1985 τούτοις

267 2016 380 2071 ἀπὸ
444 2019 555 2069 τῶν
615 2013 896 2087 ὀνομάτων
955 2011 1210 2073 ἀναιτίως
1267 2010 1545 2070 ἐκόλασεν.
1607 2008 1936 2088 ’ἰαμϐλιχος

264 2104 328 2160 δὲ
360 2100 630 2186 φοϐηθεὶς
689 2104 973 2181 φάρμακον
1033 2101 1173 2157 πιὼν
1234 2101 1482 2165 ἀπέθανε.
1545 2104 1741 2159 Μαθὼν
1775 2101 1831 2158 δὲ
1880 2103 1931 2159 ἐν

265 2194 594 2269 Ἀντισχείᾳ
665 2191 891 2263 Οὐάλης
964 2192 1085 2266 περὶ
1160 2195 1264 2246 τῶι
1343 2192 1559 2247 Γότθων
1627 2193 1790 2260 ἦλθεν
1859 2192 1934 2256 είς

268 2280 884 2343 Κωνσταντινοῦπολιν.
947 2276 1199 2355 Ὗϐριζον
1259 2278 1317 2335 δὲ
1372 2282 1530 2336 οὐτὸν
1560 2283 1613 2336 οἱ
1644 2282 1932 2351 Βυζάντιοι

265 2376 344 2438 ὡς
374 2371 635 2450 ἄνανδρον
689 2372 778 2427 καὶ
837 2370 1248 2448 φυγοπόλεμον.
1303 2371 1705 2451 Ἑξερχομένου
1745 2369 1801 2428 δὲ
1832 2374 1929 2428 αὐ-

265 2461 366 2519 τοῦ
428 2463 568 2537 πρὸς
621 2459 714 2517 τόν
769 2465 876 2515 τῶν
933 2459 1146 2515 Γότθων
1202 2460 1471 2534 πόλεμον,
1531 2461 1803 2523 Ἰσαάκιός
1849 2480 1932 2524 τις

270 2552 528 2628 μοναχὸς
586 2554 695 2605 τῶν
755 2546 1011 2627 μεγάλων
1069 2550 1341 2625 κρατήσας
1396 2553 1493 2604 τοῦ
1552 2548 1785 2624 χαλινοῦ
1832 2554 1930 2605 τοῦ

261 2643 441 2698 ἳππου
472 2636 777 2701 Οὐάλεντος
808 2634 908 2716 ἔφη
944 2637 1080 2710 πρὸς
1136 2636 1319 2692 αὐτόν’
1379 2640 1489 2692 Ποῦ
1518 2636 1737 2714 ἐξέρχῃ,
1772 2639 1929 2712 βασι-

264 2732 388 2798 λεῦ,
433 2728 574 2784 κατᾶ
634 2733 766 2783 Θεοῦ
822 2722 1245 2802 στρατευόμενος
1299 2725 1388 2781 καὶ
1444 2726 1573 2781 Θεὸν
1604 2724 1749 2803 ἔχων
1780 2726 1926 2782 ἀντί-

263 2819 441 2875 παλον
476 2838 491 2887 ;
521 2816 731 2877 Τοῦτον
767 2815 1035 2890 ὀργισθεὶς
1067 2814 1292 2886 Οὐαλης
1353 2820 1562 2894 φρουρᾷ
1594 2813 1926 2890 παρέδωκεν,

264 2908 575 2981 ἀπειλήσας
633 2908 854 2962 θάνατον
908 2906 954 2960 εἰ
1006 2903 1314 2961 ἐπανέλθοι·
1375 2906 1487 2980 Πρὸ
1547 2904 1605 2961 δὲ
1633 2913 1732 2976 τῆς
1762 2905 1926 2961 αὐτοῦ

263 3000 548 3068 τελευτῆς,
603 2996 855 3061 ἐθεάσατο
913 2996 1031 3050 κατ’
1088 2993 1222 3070 ὄναρ
1288 2992 1454 3070 ἄνδρα
1503 2995 1621 3051 τινὰ
1693 2995 1928 3073 λέγοντα

278 3087 436 3159 αὐτῷ·
470 3088 664 3165 Τάχος
696 3081 885 3161 βάδιζε
941 3084 1078 3158 πρὸς
1135 3084 1393 3156 Μίμαντα
1447 3083 1538 3138 τὸν
1585 3080 1769 3158 μέγαν,
1800 3077 1925 3147 ἔνθα

284 3175 453 3251 μόρος
505 3198 559 3232 σε
614 3173 790 3237 δεινὸς
865 3174 1113 3249 ἀρπάσει,
1184 3172 1374 3231 τάλαν.
1434 3172 1771 3236 Διυπνισθεὶς
1829 3171 1919 3228 οὖν

276 3264 469 3340 ἠρώτα
517 3265 593 3326 τίς
647 3263 760 3319 ἐστι
832 3262 1046 3336 Μίμας·
1118 3260 1632 3334 προσκαλεσάμενος
1690 3258 1748 3316 δὲ
1798 3283 1919 3317 τινα

266 3359 381 3409 τῶν
445 3358 614 3433 σοφῶν
674 3352 991 3409 ἐπυνθάνετο
1049 3352 1174 3428 παρ’
1226 3352 1394 3433 αὐτοῦ
1442 3349 1525 3412 τίς
1565 3352 1681 3405 ἐστι
1711 3351 1919 3423 Μίμας,

263 3444 329 3501 Ὀ
364 3440 422 3499 δὲ
452 3436 553 3523 ἔφη
599 3442 764 3514 αὐτῷ·
801 3443 968 3516 Ὅρος
1023 3440 1157 3508 ἐστὶ,
1217 3432 1470 3508 δέσποτα,
1535 3437 1789 3516 μέγιστον
1822 3446 1922 3509 τῆς

264 3532 477 3597 Ἀσίας,
534 3530 896 3608 προσεγγίζον
954 3535 1023 3604 τῇ
1079 3526 1349 3603 θαλάσσῃ,
1408 3528 1648 3598 πλησίον
1690 3535 1788 3598 τῆς
1817 3531 1920 3599 νή-

251 3643 353 3677 σου
411 3620 573 3676 Χίου⁶
634 3618 847 3681 οὗτινος
895 3619 985 3674 καὶ
1041 3621 1293 3693 Ὅμηρος
1350 3612 1647 3690 μέμνηται,
1701 3618 1918 3698 φάσκων

252 3710 305 3765 ἐν
341 3707 654 3780 Ὀδυσσείᾳ·
712 3708 843 3783 Παρ⁹
904 3709 1200 3780 ἠνεμόεντα
1256 3708 1538 3779 Μίμαντα.
1573 3705 1722 3762 Καὶὸ
1757 3708 1917 3781 βασι-

254 3798 407 3862 λεῦς·
440 3800 541 3861 Τίς
574 3797 698 3872 ἐμοὶ
731 3795 891 3872 χρεία
922 3796 1060 3870 πρὸς
1087 3797 1150 3851 τὸ
1208 3801 1305 3850 τοῦ
1338 3797 1623 3869 Μίμαντος
1653 3794 1804 3872 ὄρος,
1825 3794 1915 3852 ’ίνα

247 3888 365 3944 ἐκεῖ
420 3890 509 3962 [Ρ.
570 3888 697 3959 314]
754 3883 1069 3955 τελευτήσω
1138 3882 1430 3953 ἀπελθών;
1492 3885 1668 3940 Τοῦτο
1726 3882 1909 3957 πλάνη

244 3975 553 4051 δαιμόνων,
584 3975 674 4030 καὶ
733 3972 982 4029 εῗδώλων
1042 3972 1339 4043 ἀπατηλῶν
1377 3969 1608 4049 ὄνειρος.
1642 3974 1741 4028 Καὶ
1777 3976 1912 4047 μετᾶ

242 4067 446 4139 μικρὸν
495 4064 692 4138 ἐξῆλθε
740 4068 841 4132 τῆς
892 4061 1108 4136 Θρᾴκης
1137 4060 1479 4135 πολεμήσων
1508 4067 1624 4125 τοῖς
1652 4062 1906 4124 Σκύθαις,

243 4156 349 4212 Καὶ
416 4147 717 4226 συμϐαλὼν
779 4150 965 4213 αὐτοῖς
1036 4150 1128 4205 καὶ
1203 4150 1462 4221 ἡττηθεὶς
1520 4150 1656 4205 κατᾶ
1712 4151 1909 4226 κράτος

244 4244 438 4322 φεύγει
468 4238 523 4297 ’ἐν
556 4262 657 4295 τινι
691 4238 908 4315 χωρίῳ,
961 4238 1050 4293 καὶ
1104 4237 1362 4301 εἰσελθὼν
1394 4237 1446 4292 ἐν
1496 4238 1738 4312 ἀχυρῶνι
1771 4239 1907 4313 μετὰ

243 4337 361 4388 τῶν
432 4331 699 4386 συνόντων
758 4326 1072 4403 ἐκρύπτετο.
1159 4329 1283 4384 Τῶν
1370 4327 1460 4382 οῦν
1521 4329 1739 4381 Σκυθῶν
1797 4332 1900 4403 πῦρ

254 4415 615 4492 ἐμϐαλόντων
671 4417 860 4492 ἀγνοίᾳ
917 4420 1024 4472 τῶν
1078 4416 1492 4490 κεκρυμμένων,
1541 4416 1730 4478 πάντες
1761 4417 1816 4471 οἱ
1845 4415 1900 4472 ἐν

250 4514 333 4581 τῷ
394 4510 659 4580 οἰκήματι
733 4505 1207 4583 προσπεφευγότες
1266 4503 1749 4582 ἀπετεφρώθησαν,
1803 4525 1898 4581 γε·

2050 587 2383 659 cedoniam,
2418 590 2721 663 Achaiam,
2755 603 2813 651 et
2836 597 3174 654 universam
3206 600 3509 659 Graeciam.
3547 603 3700 660 Visae

2049 682 2188 733 sunt
2219 680 2395 735 etiam
2436 682 2496 736 in
2542 699 2677 739 aere
2734 684 2960 756 effigies
3016 689 3276 744 virorum
3308 695 3695 759 armatorum,

2048 767 2108 820 in
2139 767 2396 824 nubibus
2453 786 2763 843 expressae.
2825 776 2894 828 Et
2949 774 3276 834 Antiochiw
3334 797 3481 852 puer
3519 787 3694 841 natus

2048 860 2138 911 est
2165 857 2442 915 omnibus
2472 860 2756 917 membris
2804 871 3102 933 constans,
3135 866 3240 923 sed
3277 870 3521 926 unicum
3553 890 3697 929 ocu-

2048 944 2170 998 lum
2204 947 2264 999 in
2294 946 2505 1002 frontis
2538 949 2732 1004 medio
2760 948 3007 1020 habens,
3040 966 3252 1009 mantis
3284 963 3537 1027 quatuor
3566 961 3697 1015 toti-

2047 1033 2301 1107 demque
2334 1037 2512 1107 pedes
2543 1054 2610 1093 ac
2639 1037 2905 1097 barbam.
2939 1043 3100 1097 Tunc
3127 1043 3402 1101 Libanius
3434 1049 3700 1121 sophista

2047 1126 2104 1175 et
2131 1123 2492 1180 Jamblichus
2522 1127 2712 1182 Procli
2745 1130 3028 1202 magister
3046 1131 3183 1203 galli
3215 1134 3525 1205 gallinacei
3559 1137 3700 1192 divi-

2046 1211 2349 1267 nationem
2408 1215 2815 1275 instituerunt.
2876 1219 3209 1276 Scribentes
3262 1225 3422 1278 enim
3464 1224 3523 1279 in
3554 1227 3696 1301 pul-

2045 1316 2179 1355 vere
2210 1303 2276 1355 24
2309 1302 2624 1368 elementa,
2657 1323 2723 1360 ac
2756 1308 2940 1362 cuivis
2983 1326 3232 1381 granum
3264 1311 3551 1369 frumenti
3584 1316 3695 1370 im-

2044 1393 2352 1457 ponentes,
2387 1390 2605 1460 gallum
2631 1392 2703 1447 iis
2726 1393 3121 1449 immiserunt.
3148 1396 3337 1467 Atque
3368 1399 3416 1453 is
3447 1415 3699 1472 granum

2046 1475 2117 1529 de
2148 1475 2348 1532 littera
2376 1479 2454 1546 th,
2489 1480 2630 1534 item
2662 1481 2734 1536 de
2767 1500 2812 1552 e,
2878 1483 2949 1538 de
3008 1501 3039 1538 ο
3090 1489 3146 1540 et
3203 1485 3276 1541 de
3335 1486 3373 1542 d
3428 1489 3694 1560 abstulit,

2046 1564 2245 1635 itaque
2276 1566 2611 1639 ambiguam
2639 1568 3105 1644 designationem
3128 1573 3391 1648 reliquit,
3418 1579 3697 1648 quemad-

2043 1652 2286 1708 modum
2318 1654 2376 1709 id
2414 1673 2599 1729 genus
2657 1674 2752 1713 res
2809 1660 3004 1715 solent
3054 1663 3518 1734 lmposturarum
3564 1684 3692 1723 esse

2043 1740 2254 1811 plenae.
2292 1743 2501 1800 Valens
2532 1751 2729 1801 autem
2761 1765 2824 1802 re
2858 1749 3161 1805 intellecta
3190 1752 3409 1808 multos
3431 1755 3693 1810 Theodo-

2045 1831 2186 1898 sios,
2222 1836 2279 1886 et
2307 1833 2654 1904 Theodotos,
2676 1841 2732 1891 et
2753 1837 3107 1909 Theodoros,
3140 1839 3406 1913 aliosque
3438 1860 3691 1914 quorum

2043 1920 2287 1975 nomina
2312 1922 2384 1976 ab
2420 1923 2550 1978 istis
2604 1923 2818 1981 litteris
2868 1927 3217 1999 inciperent,
3251 1931 3518 1987 insontes
3549 1950 3693 2006 sup-

2038 2007 2232 2079 pliciis
2263 2011 2478 2065 affecit.
2506 2012 2870 2068 Jamblichus
2914 2022 3185 2071 metuens
3212 2017 3323 2071 sibi
3351 2019 3562 2077 hausto
3595 2037 3696 2075 ve-

2038 2112 2193 2152 neno
2217 2098 2326 2152 sibi
2353 2104 2603 2155 mortem
2624 2103 3113 2159 conscivit.Porro
3133 2105 3346 2161 Valens
3364 2108 3692 2164 Antiochiae

2040 2187 2112 2241 de
2166 2189 2391 2244 Gotthis
2439 2192 2656 2245 certior
2711 2193 2864 2248 549
2898 2196 3086 2249 lactus
3119 2197 3695 2269 Constantinopolim

2036 2278 2231 2342 venit;
2266 2278 2465 2349 ibique
2495 2297 2629 2335 eum
2660 2282 2814 2337 cives
2843 2288 2909 2337 ut
2941 2284 3343 2340 effeminatum
3378 2292 3436 2340 et
3459 2287 3695 2343 bellifu-

2036 2383 2169 2439 gam
2227 2368 2507 2424 conviciis
2565 2370 2995 2442 prosciderunt.
3041 2374 3331 2431 Eumdem
3362 2374 3435 2430 ad
3465 2375 3690 2432 bellum

2036 2462 2244 2512 contra
2275 2458 2519 2513 Gotthos
2569 2466 2884 2517 exeuntem
2934 2462 3213 2533 lsaacius,
3258 2480 3413 2519 unus
3444 2480 3687 2538 magno-

2035 2562 2167 2601 rum
2201 2548 2649 2619 monachorum,
2682 2555 2917 2622 arrepto
2952 2552 3085 2622 equi
3117 2551 3285 2607 freno
3319 2550 3401 2609 ita
3427 2555 3684 2623 monuit;

2035 2636 2325 2700 Quorsum
2358 2637 2543 2704 vadis,
2577 2639 2922 2712 imperator,
2956 2645 3163 2696 contra
3206 2642 3390 2697 Deum
3442 2645 3689 2716 expedi-

2036 2724 2259 2779 tionem
2290 2724 2535 2793 faciens,
2561 2743 2813 2798 eumque
2846 2728 3068 2783 habens
3091 2729 3491 2786 adversarium
3509 2732 3537 2787 ‘l
3565 2732 3687 2789 Ira-

2038 2818 2129 2866 tus
2159 2810 2374 2868 Valens
2405 2831 2536 2868 eum
2578 2816 2639 2869 in
2670 2816 3000 2871 custodiam
3037 2816 3296 2884 tradidit,
3332 2820 3592 2876 minatus
3625 2840 3687 2877 se

2034 2919 2069 2956 a
2122 2901 2321 2956 reditu
2369 2901 2725 2973 supplicium
2784 2904 2856 2958 de
2913 2905 3040 2976 ipso
3099 2912 3495 2977 sumpturum.
3537 2912 3687 2966 Ante

2034 3006 2208 3045 suum
2240 2990 2544 3045 interitum
2568 2992 2892 3062 imperator
2912 3010 3019 3065 per
3043 2993 3304 3065 quietem
3326 2995 3471 3052 vidit
3492 2998 3683 3054 virum

2034 3078 2350 3151 quemdam
2382 3079 2464 3133 ita
2494 3080 2606 3134 sibi
2641 3080 2938 3136 dicentem
2966 3096 2980 3135 :

2175 3168 2436 3224 Celeriter
2465 3171 2538 3224 ad
2566 3187 2827 3240 magnum
2856 3174 3175 3228 Mimantem
3203 3176 3366 3231 miser
3395 3175 3503 3244 abi,

2175 3262 2244 3314 Te
2272 3261 2463 3315 mortis
2492 3266 2659 3316 atrox
2686 3260 2769 3316 ibi
2791 3262 3055 3333 corripiet
3085 3265 3290 3319 exitus.

2030 3349 2248 3404 Somno
2279 3350 2508 3405 solutus
2538 3351 2806 3421 quaesivit
2832 3351 3107 3422 quisnam
3143 3358 3299 3408 esset
3328 3350 3415 3408 illi
3443 3354 3676 3422 Mimas,

2029 3438 2467 3509 quemdamque
2498 3438 2734 3493 doctum
2768 3439 2843 3495 ad
2883 3456 2945 3495 se
2992 3446 3263 3496 vocatum
3296 3449 3676 3515 percontatus

2028 3533 2117 3582 est
2139 3543 2207 3582 ea
2228 3528 2299 3583 de
2322 3545 2404 3582 re.
2426 3529 2479 3583 ls
2501 3525 2810 3600 respondit
2831 3528 3169 3585 Mimantem
3197 3548 3325 3586 esse
3353 3533 3677 3590 maximum

2025 3617 2177 3672 Asina
2208 3623 2493 3685 montem,
2522 3618 2621 3689 qui
2647 3632 2767 3673 non
2799 3618 3007 3690 procul
3029 3619 3225 3675 insula
3247 3621 3389 3676 Chio
3424 3622 3480 3676 in
3513 3639 3677 3679 mare

2024 3712 2352 3777 procurrat,
2382 3708 2553 3779 cujus
2582 3712 2640 3762 et
2662 3709 2950 3762 Homerus
2979 3707 3187 3762 fecerit
3217 3710 3582 3766 mentionem
3616 3713 3677 3767 in

2022 3795 2287 3866 Ulyssea,
2321 3794 2412 3850 his
2460 3795 2690 3850 verbis:
2750 3797 3074 3850 Ventosum
3126 3812 3282 3868 pone
3312 3796 3674 3854 Mimantem.

2020 3886 2165 3939 Tum
2197 3886 2558 3956 imperator:
2592 3884 2764 3952 Quid,
2817 3884 3032 3954 inquit,
3063 3885 3278 3939 attinet
3308 3901 3402 3940 me
3435 3886 3510 3942 ad
3541 3905 3678 3944 eum

2018 3978 2284 4028 montem
2308 3972 2632 4043 proﬁcisci,
2664 3977 2730 4026 ut
2760 3970 2839 4026 ibi
2871 3972 3094 4027 moriar
3114 3972 3142 4028 ’ἶ
3168 3973 3303 4028 Haec
3334 3978 3424 4029 est
3454 3975 3678 4032 daemo-

2018 4078 2161 4116 num
2193 4060 2523 4131 impostura
2550 4066 2606 4115 et
2636 4059 2939 4115 fallacium
2963 4061 3417 4118 simulacrorum
3450 4065 3676 4120 insom-

2014 4151 2201 4205 nium.
2234 4149 2417 4204 Paulo
2448 4154 2584 4221 post
2612 4149 2674 4203 in
2705 4148 3013 4204 Thraciam
3048 4150 3269 4219 eduxit,
3305 4151 3507 4223 ibique
3540 4171 3674 4209 eum

2013 4239 2242 4310 Scythis
2273 4237 2398 4293 acie
2442 4253 2821 4311 congressus,
2855 4238 3079 4309 ingenti
3132 4237 3337 4310 prmllo
3370 4241 3576 4308 victus,
3610 4245 3673 4298 in

2011 4328 2329 4398 quemdam
2361 4343 2575 4400 pagum
2626 4326 2928 4399 confugit;
2980 4327 3407 4401 ingressusque
3458 4330 3674 4389 cellam

2012 4416 2074 4471 in
2112 4432 2229 4487 qua
2257 4416 2443 4488 palea)
2486 4417 2759 4488 reposita)
2816 4420 3003 4485 erant,
3058 4432 3192 4472 cum
3222 4417 3294 4471 iis
3324 4434 3473 4489 quos
3501 4420 3652 4493 fugm

2007 4504 2265 4560 habebat
2297 4504 2566 4572 comites,
2601 4505 2680 4559 ibi
2724 4521 2853 4560 sese
2902 4504 3146 4561 abdidit.
3178 4507 3410 4579 Scythis
3441 4514 3670 4578 autem,

260 4600 480 4676 γονότες
536 4596 916 4671 πυρίκαυστοι.
979 4595 1231 4668 Ὕστερον
1293 4591 1350 4648 δὲ
1430 4592 1564 4666 μετὰ
1636 4594 1737 4663 τὴν
1798 4599 1907 4648 τῶν

2032 4594 2132 4664 qui
2167 4594 2492 4649 occultatos
2549 4593 2629 4648 ibi
2687 4590 3057 4666 ignorabant,
3118 4595 3313 4668 ignem
3347 4594 3548 4653 domui
3579 4599 3676 4654 isti
3720 4612 3725 4617 ‘

261 4686 548 4759 πολεμίων
581 4685 930 4760 ἀναχώρησιν
972 4682 1384 4752 ἀναζητούντων
1424 4685 1587 4736 τινῶν
1640 4681 1703 4736 τὸ
1754 4685 1915 4755 σῶμα

260 4781 357 4831 τοῦ
391 4773 689 4851 βασιλέως,
733 4772 925 4846 εὐρὲθη
984 4770 1035 4827 ἐν
1091 4770 1137 4844 ᾧ
1196 4769 1492 4845 ἐκρύπτετο
1523 4770 1788 4844 οῗκήματι
1817 4771 1911 4827 τά-

262 4886 358 4943 eo:
390 4864 626 4940 ἀρχαίου
679 4863 826 4924 τινὸς
884 4858 1352 4937 ἐπιγεγραμμένος
1399 4856 1599 4922 οὕτως’
1651 4860 1913 4916 Ἐνταῦθα

262 4960 435 5009 κεῖται
494 4953 684 5027 Μίμας
753 4947 1013 5007 Μακεδὼν
1091 4949 1477 5023 στρατηγέ-της.
1536 4949 1597 5005 Ὁ
1654 4945 1710 5003 δὲ
1770 4952 1911 5013 θεῖος

260 5043 522 5103 ’ίσαέκιος
558 5039 607 5095 ἐν
635 5044 704 5114 τῇ
736 5041 946 5113 φρουρᾷ
996 5035 1071 5091 ὢν
1127 5043 1227 5105 τῆς
1286 5033 1554 5098 δυσωδίας
1587 5031 1911 5091 ἀντελάϐετο

254 5134 320 5205 τῇ
351 5137 453 5201 τῆς
501 5132 689 5204 ψυχῆς
748 5125 1103 5198 καθαρότητι,
1134 5125 1222 5179 καὶ
1282 5118 1409 5198 ἔφη·
1444 5124 1632 5187 Οὖτως
1665 5126 1693 5179 ὁ
1725 5122 1912 5187 ἅθλιος

255 5218 476 5290 Οὐάλης
529 5219 650 5291 ἃρτι
705 5214 1072 5272 κατακαίεται.
1117 5215 1290 5289 ’Ὁπερ
1322 5210 1409 5267 διὰ
1437 5219 1544 5268 τῶν
1582 5214 1715 5287 μετὰ
1744 5218 1911 5270 ταῦτα

254 5308 660 5372 ἐπανελθόντων
696 5300 1023 5370 ἐϐεϐαιώθη.
1056 5308 1155 5358 Ἦν
1191 5300 1248 5357 δὲ
1298 5300 1521 5373 Οὐάλης
1550 5305 1653 5373 τὴν
1686 5301 1907 5373 ἡλικίαν

254 5396 573 5472 διμοιραίαν
632 5392 806 5474 ἔχων,
846 5390 1090 5464 αὐθάδης
1151 5393 1242 5448 τὸν
1298 5391 1502 5463 τρόπον
1559 5391 1649 5447 καὶ
1707 5393 1912 5467 ὑπερή-

259 5508 423 5566 ιρανος
461 5485 554 5541 καὶ
611 5485 750 5559 πρὸς
807 5483 1053 5556 αἱμάτων
1112 5481 1300 5555 χύσεις
1359 5481 1729 5555 ἑτοιμότατος.
1761 5481 1908 5555 ἒχων

258 5577 353 5637 τὰς
384 5576 581 5652 φρένας
626 5573 959 5645 ἀσυμπαθεῖς
1002 5569 1091 5625 καὶ
1142 5570 1337 5632 παντὸς
1371 5568 1556 5632 ἐλέους
1588 5568 1907 5642 ἀλλοτρίας,

264 5663 531 5738 αὐστηρία
585 5663 675 5717 τὸν
749 5658 1014 5737 λογισμὸν
1104 5658 1487 5733 σκοτιζόμενος
1550 5659 1642 5714 καὶ
1730 5659 1909 5729 πάσης

2023 4682 2451 4754 injicientibus,
2475 4688 2766 4754 quotquot
2788 4681 2867 4737 ibi
2890 4682 3170 4753 latebant,
3195 4700 3403 4741 omnes
3430 4689 3677 4769 cremati

2022 4777 2081 4828 et
2111 4771 2173 4826 in
2205 4772 2435 4827 cineres
2464 4772 2688 4828 redacti
2744 4776 2902 4827 sunt.
2938 4772 3149 4828 Postea
3204 4773 3486 4846 digressis
3517 4777 3674 4834 550

2024 4860 2292 4916 hostibus
2306 4878 2437 4916 cum
2457 4862 2697 4932 quidam
2712 4877 2925 4932 corpus
2948 4860 3322 4933 imperatoris
3341 4871 3677 4934 quaererent

2021 4954 2370 5022 repererunt
2427 4951 2489 5003 in
2549 4949 2746 5019 domo,
2780 4949 2842 5004 in
2898 4967 3071 5020 quam
3118 4967 3178 5005 se
3211 4950 3518 5007 abdiderat
3546 4953 3668 5020 ille,

2021 5040 2358 5111 sepulcrum
2392 5040 2623 5110 antiqui
2657 5038 2969 5108 cujusdam
2998 5039 3079 5093 ita
3099 5040 3446 5110 inscriptum
3473 5058 3485 5095 :
3511 5063 3538 5090 σε
3566 5042 3671 5098 Hic

2023 5131 2171 5183 situs
2204 5133 2291 5184 est
2322 5128 2523 5182 Mimas
2551 5127 2784 5183 Macedo
2808 5126 3017 5181 ductor
3038 5127 3349 5181 exercitus.
3376 5150 3403 5177 »
3428 5129 3669 5185 Divinus

2020 5222 2217 5271 autem
2249 5215 2506 5269 lsaacius
2536 5215 2597 5269 in
2628 5213 2893 5269 custodia
2940 5214 3213 5269 detentus
3244 5215 3497 5284 puritate
3528 5217 3671 5271 ani-

2020 5321 2132 5359 ma)
2163 5304 2640 5366 sensitfctorem,
2669 5303 2967 5374 dixitque:
3000 5304 3087 5357 Ita
3108 5304 3291 5358 miser
3310 5305 3671 5378 Valensjam

2019 5394 2407 5463 comburitur.
2468 5392 2632 5459 Quod
2691 5392 2821 5463 ejus
2871 5392 3095 5448 dictum
3127 5392 3199 5448 ab
3234 5393 3307 5448 iis
3337 5395 3437 5465 qui
3470 5412 3505 5451 a
3533 5397 3671 5470 fuga

2018 5481 2293 5537 redibant
2343 5482 2761 5537 confirmatum
2819 5486 2927 5536 est.
2989 5480 3121 5535 Fuit
3172 5482 3385 5538 Valens
3443 5491 3669 5545 statura

2020 5570 2325 5634 mediocri,
2359 5569 2623 5627 maribus
2682 5568 3132 5627 contumacibus
3181 5576 3240 5625 et
3283 5572 3575 5644 superbis,
3611 5582 3668 5632 et

2018 5660 2093 5716 ad
2122 5658 2490 5715 fundendum
2514 5658 2863 5731 sanguinem
2886 5659 3330 5730 promptissimo
3353 5663 3573 5729 animo,
3597 5680 3664 5718 ac
