4126 6296
391 331 510 393 599
1752 322 2078 386 GEORGII
2119 323 2474 386 GEDRENI
3673 315 3823 378 600

395 464 466 522 ab
497 463 570 518 ab
614 461 773 517 omni
836 461 1216 516 miseratione
1275 465 1332 516 et
1387 459 1758 520 humanitate
1807 459 2048 526 alieno;

2186 453 2409 518 παιδείας
2441 453 2735 530 ἀμέτοχος.
2773 453 2910 522 Γυνῆ
2943 449 3000 507 δὲ
3029 449 3226 507 τοότου
3257 446 3519 524 Δομνίκα,
3549 449 3829 525 Ἀρειανή

394 551 730 622 rationique
788 567 896 604 sua
951 550 1302 605 auctoritate
1361 548 1637 604 tenebras
1694 545 2044 614 obducebat,
2155 541 2439 618 διάπυρος.

397 641 573 695 homo
604 637 828 694 nullius
859 637 1191 709 disciplinas
1245 637 1562 709 particeps.
1594 637 1749 691 Uxor
1777 637 1906 706 ejus
1937 635 2048 690 Do-

397 728 619 785 minica
645 727 926 783 Arianam
957 732 1180 782 sectam
1211 725 1603 782 fervidissime
1633 723 1886 781 colebat.

469 817 780 872 Gratianus
836 814 1232 870 Valentiniani
1315 813 1474 868 filius
1528 812 1840 884 imperavit
1891 811 2050 866 solus

2227 815 2520 886 Γρατιανὸς
2577 815 2604 868 ὁ
2665 815 2781 877 υἱὸς
2820 812 3299 880 Οὗαλεντινιανοῦ,
3353 809 3630 884 αἱρετικός
3677 810 3842 880 (26),

400 923 590 962 annos
619 911 760 974 tres,
794 910 852 959 et
908 903 1056 959 alios
1114 903 1363 958 totidem
1420 901 1749 958 Theodosio
1803 900 2046 972 collega.

2186 896 2473 958 ϐασίλευσε
2531 903 2693 974 μόνος
2751 897 2844 972 ἔτη
2899 903 2970 977 γ’,
3023 901 3114 956 καὶ
3175 900 3310 974 μετὰ
3338 896 3628 956 Θεοδοσίου
3656 894 3845 970 ἕτερα

401 997 546 1051 Nam
577 993 849 1065 Byzantio
880 993 1048 1049 missi
1100 991 1172 1046 ad
1231 992 1571 1046 Gratianum
1609 990 1786 1064 legati
1815 990 2055 1044 fuerant

2186 991 2222 1026 νό
2282 991 2388 1046 ἀπὸ
2460 991 2566 1066 γὰρ
2639 995 2738 1046 τοῖ’)
2796 990 3091 1060 Βυζαντίου
3144 987 3497 1068 ἐπέμφθησαν
3555 980 3838 1060 πρέσϐεις

403 1084 466 1138 in
497 1082 887 1148 Pannoniam,
920 1081 1340 1153 imperatorem
1361 1080 1494 1136 urbi
1517 1085 1846 1152 poscentes.
1876 1081 2052 1134 Datus

2186 1080 2296 1155 πρὸς
2351 1081 2640 1155 Γρατιανὸν
2715 1077 2769 1134 ἓν
2855 1078 3092 1150 Πανονίᾳ
3144 1078 3572 1154 κατερχόμενον,
3632 1073 3838 1143 δοθῆ-

405 1163 496 1226 θει
525 1186 662 1242 ergo
691 1169 1056 1225 Theodosius
1111 1171 1374 1241 Magnus,
1427 1169 1750 1240 imperator
1779 1167 2051 1222 declara-

2188 1193 2241 1224 αι
2273 1171 2459 1232 αὐτοῖς
2513 1167 2761 1244 βασιλέα,
2821 1169 2912 1224 καὶ
2968 1165 3130 1239 ἐδόθη
3185 1167 3374 1228 αὐτοῖς
3407 1167 3434 1222 ὁ
3469 1165 3634 1240 μέγας
3684 1170 3842 1219 Θεο-

405 1265 522 1315 tus.
555 1261 609 1314 Is
637 1259 945 1331 imperavit
974 1275 1162 1314 annos
1208 1261 1294 1327 l7,
1344 1273 1580 1313 menses
1610 1261 1662 1325 5,
1695 1257 1822 1312 dies
1851 1259 1903 1311 4.
1937 1255 2053 1310 Sub

2186 1263 2346 1322 ἱόσιος
2402 1259 2775 1338 ἀναγορευθεὶς
2865 1257 3142 1334 βασιλεὺς,
3218 1257 3310 1312 καὶ
3369 1256 3659 1331 ἐκράτησεν
3718 1251 3840 1325 ἔτη

408 1349 687 1405 Gratiano
719 1353 917 1403 tantus
947 1348 1058 1404 fuit
1111 1355 1284 1403 terra;
1340 1352 1535 1403 motus
1564 1345 1959 1413 Alexandriae,
1991 1351 2057 1400 ut

2187 1352 2250 1421 ζ’,
2285 1355 2460 1424 μῆνας
2489 1350 2546 1418 ε’,
2598 1348 2808 1424 ἡμέρας
2849 1345 2912 1404 δ’.
2973 1347 3096 1405 Ἐπὶ
3153 1349 3455 1420 Γρατιανοῦ
3515 1344 3748 1418 σεισμὸς
3783 1344 3846 1398 ἐν

410 1453 565 1508 aqua
593 1437 772 1492 maris
801 1435 1003 1508 procul
1024 1451 1086 1490 se
1116 1451 1152 1491 a
1177 1435 1374 1490 littore
1396 1434 2056 1504 subduxeritnavesque

2186 1435 2544 1513 Αλεξανδρείᾳ
2616 1439 2828 1516 γέγονεν
2905 1435 2994 1492 ἐπὶ
3075 1441 3338 1492 τοσοῦτον
3394 1435 3468 1496 ὠς
3525 1433 3613 1488 ἐπὶ
3671 1431 3844 1488 πολὺ

411 1527 475 1580 in
507 1527 660 1581 sicco
692 1524 1144 1580 destituerit.Ad
1170 1524 1328 1596 quod
1368 1524 1717 1579 inusitatum
1752 1529 2060 1594 spectacu-

2186 1533 2529 1602 ιποχωρῆσαι
2557 1527 2658 1596 τὴν
2709 1523 2986 1582 θάλασσαν
3043 1525 3134 1580 καὶ
3189 1525 3258 1579 τὰ
3308 1523 3480 1580 πλοῖα
3529 1521 3618 1578 ἐπὶ
3650 1523 3846 1596 ξηρᾶς

413 1616 538 1671 lum
569 1631 706 1670 cum
738 1629 952 1686 magna
980 1614 1292 1669 hominum
1335 1612 1653 1668 multitudo
1685 1613 2056 1678 accurrisset,

2186 1618 2402 1672 ιστάναι.
2437 1613 2691 1686 Πλήθους
2750 1611 2806 1670 δὲ
2857 1613 3073 1670 πολλοῦ
3138 1611 3225 1668 ἐπὶ
3258 1617 3340 1685 τῷ
3369 1607 3664 1686 παραδόξῳ
3697 1611 3846 1664 θεά-

415 1720 571 1775 aqua
612 1703 804 1758 subito
838 1719 1049 1775 magna
1098 1703 1150 1757 vi
1209 1702 1403 1768 rediit,
1467 1706 1526 1757 et
1579 1702 1753 1756 50000
1783 1699 2061 1756 mortales

2186 1727 2297 1761 ιατι
2355 1701 2882 1778 συνδεδραμηκότας,
2937 1708 3046 1759 τῶν
3110 1699 3320 1758 ὑδάτων
3379 1701 3592 1777 ἀθρόως
3623 1697 3846 1776 ἐκδρα-

419 1791 756 1847 submersit.
789 1791 1010 1846 Eodem
1035 1797 1296 1862 tempore
1322 1807 1534 1863 magna
1555 1791 1733 1845 etiam
1766 1806 1902 1861 pars
1931 1790 2063 1844 Cre-

2186 1794 2382 1850 ιὲντων
2413 1794 2572 1848 πέντε
2632 1793 2888 1868 μυριάδες
2947 1792 3246 1867 ἀνθρώπων
3296 1789 3844 1858 κατεποντίσθησαν,

417 1888 512 1950 tae,
543 1881 800 1948 Achaiaa,
829 1880 1082 1948 Bmotiaa,
1116 1881 1273 1952 Epiri
1321 1897 1389 1936 ac
1435 1881 1584 1937 551
1621 1879 1835 1934 Siciliaa
1865 1878 2062 1950 periit,

2186 1883 2258 1938 ιαὶ
2290 1889 2389 1952 τῆς
2419 1884 2644 1956 Κρήτης
2673 1879 2732 1936 δὲ
2785 1880 2874 1936 καὶ
2927 1881 3158 1954 Ἀχαίας
3212 1879 3302 1934 καὶ
3335 1877 3605 1940 Βοιωτίας
3639 1877 3853 1934 Ἐπεί-

421 1970 599 2025 maris
627 1969 941 2038 alluvione,
991 1986 1127 2024 cum
1186 1968 1426 2040 quidem
1485 1985 1662 2024 naves
1717 1968 1781 2022 in
1830 1973 2066 2022 montes

2186 1994 2269 2029 nou
2315 1993 2375 2028 τε
2429 1973 2518 2028 καὶ
2577 1971 2832 2034 Σικελίας
2869 1970 3099 2027 πλείστα
3161 1969 3299 2045 μέρη
3358 1968 3686 2034 ἀπολέσθαι,
3733 1975 3850 2037 τῆς

422 2063 560 2116 sunt
598 2057 802 2130 ejectae
834 2057 907 2112 ad
938 2063 1177 2114 centum
1207 2075 1394 2128 usque
1427 2075 1462 2114 a
1489 2057 1689 2112 littore
1720 2057 1929 2113 stadia.

2186 2062 2450 2133 ὶαλάσσης
2511 2061 2846 2132 ἀνελθούσης
2938 2061 3028 2116 καὶ
3089 2059 3458 2131 ἐπικλυσάσης
3523 2057 3688 2128 αὐτὰ,
3767 2058 3851 2119 ὡς

2172 2151 2265 2207 καὶ
2295 2150 2383 2206 ἐπὶ
2411 2154 2520 2205 τῶν
2553 2151 2722 2228 ὀρέων
2776 2148 3146 2227 ἄπορριφῆναι
3203 2145 3376 2203 πλοῖα
3429 2144 3562 2220 ἄχρι
3596 2142 3854 2200 σταδίων

2175 2238 2362 2295 ἐκατόν
2371 2284 2386 2297 .

493 2330 784 2384 Caeterum
815 2328 1203 2384 Maximianus
1225 2328 1466 2399 quidam
1486 2330 1828 2398 Britannus,
1849 2345 1984 2386 cum
2007 2345 2069 2384 se

2248 2327 2582 2401 Μαειμιανὸς
2642 2325 2700 2383 δέ
2750 2347 2833 2389 τις
2889 2324 3211 2400 Βρεττανὸς,
3243 2323 3326 2380 ὅτι
3350 2324 3443 2380 τὸν
3477 2320 3789 2378 Θεοδόσιον
3822 2323 3853 2376 ὁ

422 2417 722 2489 prater-ito
754 2417 1040 2489 nulloque
1070 2417 1293 2472 honore
1325 2419 1533 2474 affecto
1563 2418 1788 2474 videret
1806 2417 2070 2474 Theodo-

2186 2417 2471 2492 Γρατιανὸς
2523 2415 2748 2492 βασιλέα
2795 2413 3068 2484 ἐποίησεν,
3100 2411 3266 2470 αἰ)τοῦ
3323 2410 3599 2486 μηδεμιᾶς
3631 2412 3859 2488 τυχὸν-

425 2506 581 2562 sium
611 2521 647 2560 a
675 2506 950 2560 Gratiano
1005 2505 1240 2577 imperii
1295 2513 1631 2562 consortem
1677 2514 2068 2580 assumptum,

2186 2527 2271 2568 τος
2297 2511 2488 2579 τιμῆς,
2523 2501 2766 2579 διήγειρε
2816 2503 2946 2566 τοὺς
3002 2503 3054 2559 ἐν
3112 2504 3407 2576 Βρεττανίᾳ
3433 2502 3665 2576 ἀντᾶραι
3698 2507 3856 2576 Γρα-

427 2595 740 2650 Britannos
769 2594 832 2648 in
861 2595 1203 2650 Gratianum
1244 2595 1481 2662 excitat,
1531 2597 1830 2668 mittitque
1864 2602 2073 2652 contra

2186 2599 2366 2667 τιανῷ.
2429 2593 2528 2649 Καὶ
2607 2591 2934 2650 ἀποστέλλει
3014 2589 3403 2668 Ἀνδραγάθιον
3458 2593 3577 2646 κατ’
3639 2589 3848 2660 αὐτοῦ,

428 2699 564 2738 eum
594 2682 1082 2755 Andragathium.
1140 2682 1574 2754 Andragathius
1631 2685 1840 2741 lectica
1869 2691 2074 2757 operta

2186 2686 2240 2742 Ὀ
2268 2682 2324 2739 δὲ
2371 2682 2620 2752 εἰσῆλθεν
2679 2681 2730 2736 ἐν
2791 2680 2993 2759 φορείῳ
3049 2679 3390 2756 καταστέγῳ,
3448 2679 3713 2754 φημίζων
3743 2681 3850 2747 τήν

425 2778 626 2828 vectus
655 2787 957 2828 rumorem
1013 2773 1236 2843 spargit
1283 2773 1544 2828 Gratiani
1574 2790 1819 2830 uxorem
1851 2790 1919 2829 ex
1949 2775 2074 2829 Bri-

2186 2777 2404 2848 γυναῖκα
2440 2775 2733 2840 Γρατιανοῦ
2791 2770 2925 2825 εἶναι
2959 2769 3018 2824 ἐκ
3057 2773 3379 2845 Βρεττανιας
3433 2769 3840 2840 ἐπανήκουσαν,

427 2861 632 2916 tannia
661 2875 732 2916 ea
760 2859 990 2915 advehi.
1021 2861 1227 2916 Uxoris
1257 2877 1394 2934 ergo
1425 2877 1626 2918 amore
1659 2864 1971 2918 Gratianus
1999 2863 2074 2918 ad

2186 2861 2246 2931 ἧς
2274 2865 2343 2936 τῇ
2374 2860 2558 2936 ἃγάπῃ
2615 2858 2908 2934 Γρατιανὸς
2954 2859 3246 2932 κρατηθείς
3297 2862 3378 2930 τῷ
3427 2857 3626 2935 φορείῳ
3655 2877 3828 2932 προσ-

426 2950 699 3006 lecticam
729 2965 1060 3022 aggressus,
1093 2966 1228 3004 cum
1280 2967 1410 3006 eam
1453 2951 1801 3023 aperuisset,
1835 2953 2072 3007 Andra-

2186 2949 2336 3016 ἦλθε·
2395 2949 2486 3004 καὶ
2542 2945 2892 3022 ἀνακαλύψας
2983 2945 3172 3022 βλέπει
3254 2947 3346 3001 τὸν
3422 2943 3827 3019 Ἀνδραγάθιον,

426 3039 691 3110 gathium
721 3038 882 3092 intus
913 3038 1180 3108 oﬂ‘endit,
1213 3039 1386 3110 cujus
1416 3041 1592 3112 jussu
1621 3057 1656 3096 a
1686 3041 1970 3096 militibus
2001 3040 2074 3097 ad

2186 3038 2241 3101 ὅς
2296 3037 2545 3112 παραυτά
2598 3034 2688 3091 διὰ
2760 3039 3108 3108 στρατιωτῶν
3167 3034 3679 3110 παρεσκευασμένων
3737 3029 3834 3086 ’ὀνο

425 3128 538 3184 hoc
569 3127 924 3199 comparatis
983 3127 1139 3183 illico
1187 3129 1532 3184 trucidatur.
1567 3130 1881 3186 Gratianus
1913 3135 2075 3186 tanta

2186 3149 2288 3184 των
2349 3125 2437 3182 ἐπὶ
2502 3127 2700 3182 τούτου
2767 3125 3055 3200 Γρατιανὸν
3114 3121 3498 3203 διεχειρίσατο.
3577 3123 3675 3184 ⁸ος
3752 3120 3848 3177 ἐπὶ

425 3217 540 3272 fuit
560 3181 868 3288 jaculandi
899 3181 1132 3287 peritia,
1190 3181 1554 3288 utw

2186 3181 2440 3272 τοσοῦτον
2476 3217 2568 3288 [Α.
2601 3216 2726 3288 315]
2759 3181 3036 3289 είίστὸχως
3069 3181 3304 3283 ἐτόξέδεν
3357 3212 3432 3276 ὡς
3478 3181 3851 3287 λέγειν-τινὰς

429 3307 658 3378 spicula
686 3323 816 3361 esse
848 3311 1045 3362 mente
1077 3307 1345 3376 praadita.
1377 3309 1601 3379 Corpus
1632 3311 1762 3380 ejus
1792 3310 1855 3364 in
1884 3309 2075 3380 impe—

2186 3307 2247 3362 τὰ
2303 3309 2596 3379 Γρατιανοῦ
2661 3301 2798 3380 βέλη
2856 3303 3048 3382 φρένας
3105 3299 3277 3382 ἔχειν.
3331 3300 3596 3372 Μετετέθη
3642 3298 3701 3356 δὲ
3738 3302 3851 3357 ὑπὸ

429 3397 653 3452 ratoria
681 3395 1052 3450 monimenta
1071 3395 1432 3451 Theodosius
1461 3398 1684 3452 retulit.

2186 3392 2474 3452 Θεοδοσίου
2505 3393 2582 3458 είς
2608 3391 2736 3455 τοὺς
2770 3389 3090 3466 βασιλικοὺς
3119 3391 3352 3470 τάφους.

506 3487 710 3542 Frater
736 3490 936 3540 autem
980 3485 1240 3540 Gratiani
1300 3493 1621 3558 superstes,
1652 3490 1837 3559 patris
1871 3488 2075 3544 Valen-

2254 3481 2520 3562 Ἀδελιρὸς
2575 3480 2634 3539 δὲ
2688 3486 2988 3556 Γρατιανοῦ
3043 3483 3343 3554 ὁμώνυμος
3371 3485 3450 3553 τῷ
3479 3479 3641 3555 πατρῖ
3691 3481 3852 3536 015a-

431 3577 646 3634 tiniani
671 3593 894 3632 nomen
923 3593 1155 3650 gerens,
1173 3576 1478 3651 episcopos
1499 3579 1571 3635 ab
1595 3581 1802 3636 exsilio
1823 3585 2075 3648 revocat,

2186 3573 2517 3644 λεντινιανῷ,
2576 3567 2656 3626 ἔτι
2709 3571 2936 3646 περιὼν,
2993 3568 3122 3630 τοὺς
3162 3568 3213 3623 ἐν
3264 3567 3440 3644 ἐξορίᾳ
3501 3567 3851 3632 ἐπισκόπους

431 3682 691 3739 suasque
749 3665 821 3721 iis
879 3665 1075 3722 reddit
1131 3667 1436 3736 ecclesias,
1468 3668 1795 3742 proﬂigatis
1819 3670 2075 3728 Arianis.

2186 3661 2544 3719 ἀνεκαλέσατο
2598 3659 2688 3716 καὶ
2735 3660 2830 3722 τὰς
2889 3656 3026 3721 ἰδίας
3085 3656 3382 3728 ἐκκλησίας
3431 3655 3710 3713 ἀπέδωκεν
3748 3659 3853 3714 αὖ·

432 3756 558 3820 Qua
607 3754 670 3809 in
717 3769 782 3808 re
838 3759 930 3810 est
958 3769 994 3809 a
1021 3755 1272 3810 Damaso
1320 3757 1584 3812 Romano
1629 3773 1783 3829 papa
1819 3757 2075 3828 adjutus.

2186 3756 2320 3824 τοῖς,
2354 3748 2610 3822 ἐκδιώξας
2673 3749 2802 3811 τοὺς
2863 3748 3200 3819 Ἀρειανοὺς,
3259 3747 3511 3822 Δαμάσου
3552 3751 3652 3801 τοῦ
3684 3749 3856 3804 πάντα

443 3847 594 3900 l‘unc
622 3849 681 3898 et
703 3843 1028 3915 Theologus
1059 3845 1372 3916 Gregorius
1403 3846 1613 3918 majori
1644 3864 1776 3903 cum
1809 3848 2075 3904 libertate

2187 3842 2408 3914 Ῥώμης
2459 3841 2610 3910 αὐτῷ
2668 3838 3132 3912 συμπράττοντος.
3191 3837 3331 3895 Τότε
3385 3835 3533 3892 καὶὸ
3563 3835 3856 3911 Θεολόγος

433 3931 742 3986 veritatem
771 3929 932 4000 Cpoli
963 3929 1164 3985 docuit
1191 3931 1254 3986 in
1284 3933 1542 3988 oratorio
1573 3939 1792 3990 sanctas
1825 3938 2075 3990 Anasta-

2186 3927 2488 4005 Γρηγόριος
2545 3925 3151 4004 παρρησιαστικώτερον
3208 3926 3300 3981 τὸν
3355 3924 3524 4000 λόγον
3563 3931 3666 3994 τῆς
3701 3925 3859 3997 ἀλη-

435 4019 558 4084 siae,
593 4017 752 4089 quod
783 4018 976 4073 adhuc
1006 4024 1130 4074 erat
1178 4019 1474 4092 exiguum,
1507 4021 1864 4078 decennium
1914 4023 1995 4077 ibi
2028 4028 2075 4078 el

2189 4021 2329 4080 θείας
2362 4015 2634 4072 ἐδίδασκεν
2691 4015 2742 4070 ἐν
2803 4013 3365 4070 Κωνσταντινουπόλει
3425 4013 3502 4076 είς
3541 4013 3606 4068 τὸ
3637 4013 3858 4085 εὖκτή-

437 4107 617 4180 paulo
649 4106 906 4178 amplius
929 4112 1210 4163 moratus.
1236 4107 1320 4162 Ibi
1354 4126 1590 4180 quoque
1613 4111 1881 4168 inaudita
1903 4112 2075 4167 mira-

2191 4129 2306 4184 ριον
2365 4114 2464 4177 τῆς
2532 4105 2686 4182 ἁγίας
2745 4105 3100 4168 Ἀναστασίας
3155 4099 3234 4160 ἔτι
3297 4105 3488 4180 μικρὸν
3544 4104 3856 4181 τυγχάνον,

437 4196 573 4252 cuia
603 4201 741 4252 sunt
771 4195 930 4251 edita
959 4212 993 4250 a
1021 4197 1354 4254 castissima
1383 4199 1485 4253 Dei
1527 4201 1809 4257 Genitrix.
1860 4201 2075 4273 Duplex

2191 4195 2320 4253 δέκα
2351 4197 2582 4272 χρόνους
2613 4197 2700 4250 καὶ
2741 4196 2934 4270 μικρόν
2993 4217 3047 4250 τι
3103 4195 3240 4270 πρὸς
3294 4193 3468 4250 ἐκεῖσε
3496 4194 3852 4264 πεποιηκώς.

438 4287 599 4341 enim
624 4284 970 4356 perhibetur
993 4287 1144 4342 ratio
1166 4287 1426 4342 nominis
1450 4287 1654 4360 templi
1683 4294 1901 4345 sanctas
1931 4291 2075 4348 552

2191 4288 2358 4344 Ἒνθα
2414 4285 2502 4340 καὶ
2560 4283 2840 4360 παράδοξα
2893 4285 3095 4360 γίνεται
3153 4287 3401 4358 θαύματα
3455 4285 3508 4356 ἐξ
3557 4284 3854 4366 ἐμφανείας

439 4375 766 4430 Anastasim
791 4389 805 4428 :
837 4390 975 4438 una,
1009 4373 1168 4445 quod
1199 4375 1281 4429 ibi
1320 4379 1645 4433 resurrexit
1667 4395 1817 4434 veras
1847 4378 2075 4451 religio-

2191 4383 2292 4446 τῆς
2358 4375 2737 4449 παναχράντου
2797 4374 3094 4445 Δεσποίνης
3150 4377 3310 4448 ἡμῶν
3383 4382 3485 4445 τῆς
3551 4375 3848 4432 Θεοτόκου.

443 4465 537 4520 nis
567 4463 872 4529 doctrina;
921 4462 1110 4518 altera
1147 4481 1182 4519 a
1209 4465 1496 4521 miraculo
1546 4465 1626 4521 ibi
1671 4467 1849 4522 edito.
1883 4469 2075 4522 Fertul

2195 4471 2399 4530 Δισσῶς
2456 4467 2560 4541 γὰρ
2619 4466 2837 4541 λέγεται
2891 4468 2927 4536 ἡ
2989 4465 3270 4541 ἐπωνυμία
3342 4471 3440 4524 τοῦ
3497 4474 3598 4538 τῆς
3653 4468 3846 4544 Ἁγίας

443 4551 604 4606 enim
661 4549 979 4620 quamdam
1053 4551 1365 4606 mulierem
1417 4553 1488 4608 de
1544 4553 1786 4609 sublimi
1852 4553 2075 4626 lapsam

2190 4555 2538 4617 Ἀναστασίας
2568 4559 2721 4610 ναοῦ·
2755 4556 3070 4619 ’Δνάστασις
3125 4557 3217 4630 μὲν
3280 4555 3370 4612 διὰ
3395 4559 3459 4614 τὸ
3497 4559 3590 4613 τὸν
3615 4563 3712 4625 τῆς
3743 4557 3843 4630 ὀρ-

447 4637 777 4708 exspirasse
807 4641 865 4691 et
894 4637 1361 4694 Christianorum
1422 4639 1672 4711 publicis
1719 4642 1995 4714 precibus
2025 4643 2075 4698 in

2197 4641 2444 4714 θοδοξίας
2504 4642 2670 4717 λόγον
2734 4641 2788 4698 ἐν
2840 4642 3010 4719 ταύτῃ
3082 4646 3398 4714 ἀναστῆναι,
3445 4643 3752 4703 Ἀναστασία
3781 4641 3840 4698 δὲ

445 4727 624 4782 vitam
652 4730 1003 4781 revocatam.
1055 4726 1118 4781 Id
1175 4729 1496 4782 oratorium
1555 4745 1689 4784 eum
1723 4746 1789 4786 eo
1824 4735 2075 4802 tempore

2197 4731 2288 4789 διὰ
2339 4733 2404 4788 τὸ
2460 4726 2669 4804 συμϐάν
2737 4731 2814 4793 εἰς
2869 4732 3042 4801 αὐτὴν
3103 4733 3596 4810 θαυματούργημα·
3625 4730 3844 4807 λέγεται

447 4821 604 4872 esset
658 4830 926 4886 parvum,
979 4818 1186 4885 postea
1241 4817 1528 4886 temporis
1585 4817 1718 4889 pius
1765 4818 2075 4890 imperata!

2198 4822 2304 4899 γὰρ
2354 4820 2580 4895 γυναῖκα
2632 4840 2753 4875 τινα
2809 4817 3012 4874 ἄνωθεν
3069 4825 3334 4876 πεσοῦσαν
3391 4822 3704 4892 ἀποθανεῖν,
3753 4843 3846 4896 γε·

445 4905 776 4962 Marcianus
805 4903 881 4959 ad
909 4919 1038 4959 eam
1069 4903 1286 4959 molem
1318 4905 1576 4960 extruxit
1603 4922 1720 4977 qua
1761 4923 1920 4964 nunc
1949 4909 2055 4964 visi

2197 4908 2430 4983 νομένης
2463 4905 2520 4964 δὲ
2547 4914 2734 4978 κοινῆς
2767 4908 2936 4984 εὐχῆς
2979 4908 3084 4965 ὕπὸ
3138 4915 3247 4964 τῶν
3308 4908 3614 4986 ὀρθοδόξων
3642 4912 3849 4980 ταύτην

444 5001 562 5052 tur.
2201 4997 2509 5068 ἀναστῆναι·
2571 5001 2770 5073 μικροῦ
2845 4994 2902 5052 δὲ
2971 4993 3125 5060 ὄντος
3197 4998 3324 5054 τότε
3379 5003 3476 5054 τοῦ
3535 4998 3851 5075 εὐκτηρίου,

2201 5087 2422 5161 ὕστερον
2483 5085 2570 5142 ἐπὶ
2625 5090 2723 5141 τοῦ
2781 5084 2933 5142 ὁσίου
2991 5087 3305 5163 Μαρκιανοῦ
3346 5085 3852 5162 ἀνοικοδομηθῆναι

2199 5175 2380 5238 καθὼς
2412 5175 2624 5248 ὁρᾶται.

1645 5267 2004 5327 XYLANDRI
2043 5274 2130 5328 ΕΤ
2169 5275 2386 5330 GOARI
2424 5274 2651 5330 NOTAE.

519 5395 631 5463 (26)
661 5391 1150 5468 Αἶρετικόςὶηἱιὶο
1172 5393 1441 5468 Gratiani
1472 5410 1580 5468 vox
1620 5411 1863 5468 prorsus
1890 5413 2090 5468 super-
2204 5404 2408 5454 nostro
2455 5400 2861 5466 Maximianus,
2917 5399 3022 5456 sed
3079 5402 3362 5457 Maximus
3393 5405 3758 5460 nominatur.
3792 5407 3862 5460 Et

449 5478 708 5548 vacanea
734 5465 1086 5548 veritatique
1117 5465 1362 5548 adversa
1385 5471 1492 5548 est.
1519 5465 1776 5548 Etiquod
1806 5466 1880 5548 d_e
1910 5465 2095 5548 T_beo-
2208 5470 2292 5548 sic
2323 5471 2501 5526 etiam
2532 5473 2740 5526 Noster
2795 5465 2974 5526 habet
3029 5489 3185 5528 anno
3237 5474 3547 5530 Theodosii
3580 5478 3856 5548 septimo,

450 5533 618 5588 dosio
651 5531 888 5600 dicitur,
919 5531 1138 5590 falsum
1195 5536 1296 5590 alii
1349 5536 1613 5592 historici
1633 5531 1984 5593 "ostendunt.
2020 5543 2100 5596 Ac
2208 5543 2346 5596 XYL.

452 5603 552 5676 qui
587 5618 722 5656 eum
768 5605 998 5659 curavit
1053 5605 1330 5675 interfici,
1387 5609 1438 5662 is
1495 5608 1568 5662 ab
1626 5608 1780 5677 aliis,
1820 5625 1940 5665 non
1974 5617 2102 5667 uta
