4126 6296
369 385 482 446 601

1518 380 2056 444 HISTORIARUM
2101 378 2653 441 COMPENDIUM.

3664 364 3783 423 602

435 517 739 583 Θεοδόσιος
771 518 955 592 μέντοι
1021 516 1273 594 βασιλεὺς
1331 520 1414 588 τῷ
1466 516 1603 590 γὲνει
1642 515 1736 588 μὲν
1768 509 1927 586 Ἴϐηρ
1958 513 2025 581 ἦν

2213 512 2574 568 Theodosius
2626 512 2948 582 imperator
2999 505 3240 562 natione
3296 501 3409 557 fuit
3466 500 3779 569 Hispanus,

363 612 478 665 τῶν
519 608 844 684 Ἑσπερίων,
901 608 1119 684 εὐγενὴς
1177 605 1235 663 δέ
1288 627 1370 668 τις
1427 606 1519 660 καὶ
1576 605 1872 677 Θαυμάσιος
1903 602 2025 677 περὶ

361 700 501 762 τοὺς
533 696 840 773 πολέμους.
872 698 1047 762 Οὗτος
1097 697 1221 761 εὐθὺ
1277 695 1409 757 τοὺς
1466 694 1519 750 ἐν
1578 694 1759 770 Θρᾴκῃ
1811 688 2029 769 Βαρϐά-

361 809 503 863 ρους
557 788 699 845 κατὰ
748 789 945 863 κράτος
997 786 1262 857 ἐνίκησεν,
1320 780 1547 855 εὐσεϐὴς
1576 782 1650 839 ὥν
1679 784 1771 839 καὶ
1803 781 2027 858 ὀρθόδο-

360 877 474 949 ξος.
520 879 698 942 Οὗτος
724 879 790 948 ἦν
820 879 920 945 τήν
966 878 1060 950 μὲν
1107 874 1424 951 ἀναδρομὴν
1470 877 1571 929 τοῦ
1605 874 1857 945 σώματος
1890 871 2031 944 σύμ-

361 986 609 1042 μετρος,
642 965 927 1040 ἄμεμπτος
983 965 1089 1021 ἀπὸ
1147 961 1331 1020 ποδῶν
1384 959 1490 1024 ἕως
1534 961 1801 1036 κεφαλῆς,
1836 959 2028 1034 ὑπέρυ-

359 1058 503 1132 θρος
562 1062 646 1130 τῷ
703 1057 1013 1130 προσώπῳ,
1077 1057 1268 1129 ξανθὴν
1324 1050 1469 1129 ἔχων
1526 1055 1626 1122 τήν
1682 1053 1870 1127 τρίχα,
1928 1051 2028 1119 τήν

359 1146 496 1219 ῥῖνα
559 1144 766 1214 λεπτὴν
820 1145 909 1201 καὶ
967 1144 1283 1219 ἐπίγρυπον,
1350 1141 1560 1218 χαρίεις
1621 1144 1720 1209 τήν
1781 1138 2029 1214 ὁμιλίαν,

359 1235 459 1288 τὸν
542 1235 747 1307 τρὸπον
804 1231 862 1288 δὲ
920 1233 1297 1308 χαριέστατος,
1337 1225 1483 1309 ἔχων
1541 1235 1769 1306 γυναῖκα
1800 1229 2031 1301 ὀνοματι

361 1321 728 1390 Πλακίλλαν,
786 1321 837 1393 ἐξ
894 1324 959 1391 ἤν
1015 1316 1172 1396 ἔσχεν
1256 1316 1545 1396 Ἀρκάδιον
1600 1318 1690 1373 καὶ
1747 1318 2027 1392 Ὁνώριον’

358 1411 431 1482 ἧς
490 1411 904 1483 τελευτησάσης
938 1410 1151 1466 Γάλλαν
1183 1407 1425 1486 ἀδελφήν
1478 1412 1771 1485 Γρατιανοῦ
1802 1403 2028 1483 ἔγημεν.

351 1501 461 1558 Ἐν
530 1501 897 1575 Θεσσαλονίκῃ
953 1497 1010 1554 δὲ
1075 1497 1171 1568 ὢν,
1234 1499 1379 1571 νόσῳ
1416 1497 1742 1573 περιπεσὼν,
1780 1496 2032 1572 βαπτίζε-

357 1611 461 1645 ται
498 1590 612 1646 ὑπὸ
670 1587 970 1665 Ἀσχολίου
1028 1593 1125 1644 τςῦ
1183 1586 1505 1644 ἐπισκόπου.
1564 1586 1669 1642 Καὶ
1698 1585 1866 1659 νόμον
1899 1585 2034 1660 ὑπὲρ

362 1684 485 1733 τῶν
553 1674 857 1753 ὀρθοδόξων
915 1681 1012 1733 τοῦ
1068 1675 1367 1750 ὁμόουσίου
1424 1670 1668 1751 ἔγραψεν,
1702 1672 1759 1729 ὅν
1802 1672 1854 1729 ἐν
1888 1680 2036 1728 Κων-

369 1763 1197 1822 σταντινουπόλειᾶπὲστειλεν.
1254 1763 1461 1820 Ἐλθὼν
1519 1762 1576 1818 δὲ
1624 1762 1717 1818 καὶ
1774 1762 1933 1824 αὐτὸς
1979 1761 2030 1816 ἐν

2135 602 2354 657 nobilis
2386 606 2444 657 et
2472 599 2629 655 bello
2661 596 3065 664 admirandus,
3096 594 3231 666 pius
3274 597 3333 646 et
3360 607 3510 645 verm
3542 587 3784 658 religio-

2132 692 2227 746 nis
2249 691 2567 763 professor.
2595 690 2649 742 Is
2680 688 2880 743 statim
2902 685 3190 740 Barbaros
3211 682 3273 736 in
3293 679 3542 735 Thracia
3569 676 3782 747 magno

2134 781 2340 853 praelio
2372 779 2688 853 superavit.
2723 780 2957 833 Statura
2984 775 3098 830 fuit
3124 771 3434 844 medjocri,
3461 786 3495 824 a
3524 767 3685 824 calce
3717 782 3783 821 ac

2134 872 2413 927 verticem
2442 885 2630 941 usque
2661 866 2998 938 inculpata:
3056 862 3333 918 subrufus
3362 859 3597 923 faciem,
3630 855 3782 911 fulvo

2137 960 2373 1032 capillo,
2407 975 2553 1014 naso
2585 956 2748 1012 tenui
2780 960 2839 1011 et
2867 954 3128 1018 incurvo,
3162 949 3454 1023 gratiosus
3500 946 3562 1000 in
3596 944 3780 999 collo-

2139 1050 2299 1121 quio,
2367 1047 2631 1103 moribus
2711 1041 3164 1100 venustissimis.
3234 1040 3489 1093 Uxorem
3578 1032 3786 1088 habuit

2135 1137 2463 1203 Placillam,
2496 1154 2627 1207 quae
2669 1150 2803 1190 eum
2852 1130 3101 1187 Arcadio
3159 1132 3217 1183 et
3269 1123 3523 1180 Honorio
3553 1127 3782 1193 patrem

2137 1229 2295 1285 fecit.
2330 1229 2409 1283 Ea
2437 1231 2671 1283 mortua
2711 1222 2937 1280 Gallam
2986 1219 3172 1289 duxit,
3205 1214 3464 1271 Gratiani
3497 1226 3781 1266 sororem.

2137 1316 2568 1373 Thessalonicae
2599 1314 2819 1385 degens
2850 1326 2985 1367 cum
3033 1308 3096 1363 in
3152 1304 3424 1361 morbum
3455 1298 3783 1365 incidisset,

2138 1406 2466 1478 baptizatus
2517 1417 2603 1459 est
2661 1402 2732 1458 ab
2788 1399 3064 1456 Ascholio
3123 1396 3423 1467 episcopo.
3456 1392 3784 1460 Legemque

2140 1474 2274 1551 tul-it
2293 1511 2399 1566 pro
2422 1490 2765 1548 orthodoxis
2791 1489 2864 1544 de
2889 1488 3036 1544 Filio
3059 1484 3249 1541 Patris
3271 1474 3782 1540 consubstantiali,

2141 1600 2390 1654 eamque
2413 1582 2641 1654 Cpolim
2662 1580 2979 1649 misit.Ipse
3003 1590 3238 1647 quoque
3260 1588 3328 1626 eo
3351 1586 3485 1625 cum
3507 1566 3784 1635 venisset,

2141 1671 2558 1744 Demophilum
2589 1674 2690 1725 aut
2719 1668 2790 1724 ab
2831 1683 3029 1722 errore
3062 1663 3182 1718 Arii
3215 1660 3500 1716 desistere
3521 1662 3622 1711 aut
3648 1671 3786 1709 mox

2140 1762 2403 1818 Ecclesia
2430 1758 2717 1815 decedere
2757 1756 2958 1829 jussit.
2992 1750 3373 1823 Demophilus
3406 1744 3785 1802 multitudine

375 1855 968 1913 Κωνσταντινουπόλει
1034 1852 1342 1932 Δημοφίλῳ
1392 1850 1668 1924 ἐδήλωσεν
1727 1853 1762 1921 ἤ
1795 1852 2036 1921 ἀποστῆ-

2155 1854 2490 1910 Arianorum
2508 1848 2797 1904 conducta
2813 1844 3129 1900 conciones
3145 1845 3311 1895 extra
3324 1836 3534 1892 urbem
3554 1833 3781 1889 habuit:

2254 1947 2260 1950 ”
2764 1936 2781 1950 ¹
2884 1935 2895 1945 ⁶
3068 1934 3082 1950 Δ
3106 1927 3420 1950 l-.____l_.:..
3474 1923 3779 1950 An:nnl\niiﬁ

375 1967 466 2001 ναι
523 1951 632 2015 τῆς
691 1944 902 2020 Ἀρείου
951 1943 1169 2014 πλάνης
1223 1942 1260 2013 ἢ
1311 1942 1527 2018 ταχέως
1573 1948 1673 2012 τῆς
1702 1941 2033 2011 Ἐκκλησίας

380 2033 638 2104 ἐξελθεῖν.
702 2034 763 2091 Ὁ
821 2029 879 2088 δὲ
928 2032 992 2087 τὸ
1047 2031 1260 2102 πλῆθος
1316 2035 1426 2087 τῶν
1487 2033 1776 2106 Ἀρειανῶν
1806 2030 2030 2100 συνάζας

382 2120 484 2195 ἔξω
515 2130 618 2193 τῆς
651 2122 867 2185 πόλεως
926 2120 1301 2193 ἐκκλησίαζεν,
1356 2119 1501 2198 ἔχων
1556 2119 1646 2176 καὶ
1678 2118 1910 2175 Λούκιον
1938 2120 2028 2174 τὸν

385 2209 798 2285 ’ΔΛεξανδρείας
859 2210 1154 2267 ἐπίσκοπον
1212 2211 1491 2285 Ἀρειανὸν
1558 2211 1650 2263 σὺν
1714 2209 1881 2280 αὐτῷ.
1928 2209 2036 2264 Καὶ

386 2301 530 2357 οὕτω
584 2299 779 2356 λοιπὸν
829 2300 857 2354 ὁ
906 2301 1051 2362 θεῖος
1100 2298 1419 2374 Γρηγόριος,
1473 2299 1590 2371 μεθ’
1621 2298 1696 2352 ὧν
1726 2296 1888 2360 αὐτὸς
1934 2297 2034 2365 τὴν

2143 1947 2385 2011 eratque
2443 1955 2574 1994 eum
2637 1953 2705 1991 eo
2764 1935 2993 2000 Lucius,
3051 1927 3422 1985 Alexandriae
3471 1923 3782 1995 episcoPus

2141 2010 2415 2087 Arianus.
2447 2030 2534 2081 Ita
2564 2025 2803 2080 demum
2832 2024 3041 2078 beatus
3069 2016 3400 2090 Gregorius,
3425 2018 3483 2067 et
3503 2028 3651 2083 quos
3680 2010 3781 2064 ille

2144 2120 2295 2177 553
2348 2133 2499 2172 verm
2554 2114 2691 2169 ﬁdei
2749 2112 3020 2168 doctrina
3077 2106 3534 2170 illuminaverat,
3583 2099 3783 2154 omnia

2145 2206 2370 2279 templa
2435 2206 2804 2275 receperunt,
2874 2199 2946 2255 ab
3004 2196 3239 2253 Arianis
3293 2193 3469 2265 paulo
3535 2188 3791 2260 amplius

2144 2295 2534 2368 quadraginta
2562 2293 2735 2347 annis
2764 2293 3069 2360 occupata.

388 2387 680 2465 ὀρθόδοξον
713 2390 894 2445 πίστιν
922 2387 1173 2468 ἐφώτισε,
1204 2388 1299 2451 τὰς
1330 2384 1622 2458 ἐκκλησίας
1653 2387 1826 2449 πάσας
1884 2379 2180 2460 παρέλαϐε,
2230 2384 2626 2458 τεσσαράκοντα
2654 2376 2746 2449 ἔτη
2798 2377 2889 2432 καὶ
2933 2372 3128 2450 μικρόν
3157 2393 3210 2427 τι
3240 2368 3377 2445 πρὸς
3404 2364 3791 2439 κατασχόντων

388 2478 552 2542 αὐτὰς
580 2484 692 2534 τῶν
724 2481 1040 2554 Ἀρειανῶν.

458 2573 547 2641 Τῷ
596 2570 635 2624 ε’
692 2561 797 2623 ἔτει
848 2565 1138 2623 Θεοδοσίου
1196 2567 1247 2621 ἐν
1304 2564 1615 2641 Ἀντιοχείᾳ
1641 2559 1786 2620 ἔτεκε
1817 2566 1953 2639 γυνὴ
1988 2562 2039 2618 ἐν

387 2659 571 2730 ταυτῴ
632 2654 824 2712 παιδία
877 2658 1109 2731 τέσσαρα
1163 2655 1437 2732 ἀρῥενικά·
1498 2653 1728 2726 ἐπέζησε
1757 2651 1815 2708 δὲ
1869 2657 2040 2726 μῆνας

392 2746 511 2816 δύο,
544 2747 638 2802 καὶ
666 2746 924 2801 ἀπέθανεν
947 2742 1002 2800 ἓν
1034 2744 1109 2800 ἐνὶ
1138 2746 1205 2801 τὰ
1231 2746 1481 2819 τέσσαρα.

457 2840 545 2911 [Ρ.
611 2837 736 2909 316]
792 2837 884 2907 Τῷ
940 2842 984 2899 ς’
1040 2828 1147 2889 ἔτει
1204 2837 1239 2903 ἡ
1303 2834 1512 2909 μεγάλη
1568 2834 1657 2888 καὶ
1688 2832 2036 2906 οἰκουμενική

387 2927 517 3004 ἁγία
548 2922 774 2997 δευτέρα
830 2922 1054 2984 σύνοδος
1108 2926 1217 2978 τῶν
1272 2923 1456 2977 ἑκατὸν
1512 2923 1851 2991 πεντήκοντα
1880 2922 2041 2995 ὀρθο-

389 3013 560 3086 δὸξων
622 3012 932 3067 ἐπισκόπων
1006 3011 1057 3066 ἐν
1114 3008 1687 3068 Κωνσταντινουπόλει
1753 3007 2042 3082 συνηθροί-

398 3107 495 3174 σθη
529 3104 671 3178 πρὸς
704 3096 994 3176 βεϐαίωσιν
1050 3104 1160 3154 τῶν
1214 3099 1265 3154 ἐν
1324 3098 1521 3169 Νικαίᾳ
1570 3096 2040 3172 δογματισθὲντων

398 3194 487 3248 καὶ
520 3192 656 3247 κατὰ
690 3187 1030 3246 Μικεδονίου
1081 3192 1180 3244 τοῦ
1235 3186 1729 3262 Πνευματομάχου·
1798 3187 2045 3262 ὑπῆρχον

397 3280 471 3378 δὲ.
514 3282 777 3378 ’ξιμόθεος
832 3275 1270 3378 ’Δλεξανδρείας,
1337 3275 1603 3338 Μελέτιος
1684 3277 2125 3378 Ἀντιοχείας,ῧ

384 3368 682 3446 Κύριλλος
728 3365 1158 3440 Ἱεροσολύμων,
1213 3366 1303 3420 καὶ
1362 3366 1663 3441 Γρηγόριος
1693 3365 1721 3419 ὁ
1753 3363 2042 3439 Θεόλογος.

383 3458 877 3530 Ἀναθεματίζεται
909 3454 969 3510 δὲ
1026 3453 1358 3517 Μακεδόνιος
1397 3455 1536 3509 κατᾶ
1566 3458 1662 3508 τοῦ
1694 3454 1847 3530 ἁγίου
1878 3455 2047 3510 Ηνεύ-

387 3570 573 3624 ματος
610 3546 981 3625 βλασφημῶν,
1006 3546 1098 3600 καὶ
1121 3545 1212 3599 σὺν
1242 3545 1387 3617 αὖτῷ
1420 3539 1724 3607 Σαϐἑλλιος
1759 3544 1847 3599 καὶ
1875 3547 2048 3599 Ἀπο⁹

383 3639 672 3712 λινάριος,
708 3634 789 3689 ἓτι
820 3631 877 3689 δὲ
905 3639 1126 3716 ’ξΑρειος
1183 3633 1274 3687 καὶ
1340 3629 1597 3696 Εὐσέϐιος
1625 3634 1652 3688 ὁ
1679 3630 2051 3705 Νικομηδείας

383 3723 652 3796 Εὗζώϊός
681 3743 739 3778 τε
768 3722 860 3777 καὶ
893 3722 1167 3793 Ἀκάκιος,
1232 3724 1454 3796 Θέογνις
1496 3721 1585 3776 καὶ
1635 3721 1932 3799 Εὐφρόνιος
1960 3721 2051 3776 καὶ

384 3817 443 3871 οἱ
512 3812 708 3870 λοιποὶ
765 3810 1051 3887 αἱρετικοί,
1113 3806 1338 3886 Ἀπέχει
1398 3808 1453 3866 δὲ
1485 3814 1520 3880 ἡ
1553 3808 1774 3887 δευτέρα
1831 3808 2052 3872 σύνοδος

386 3905 507 3960 ἀπὸ
565 3908 668 3970 τῆς
725 3901 950 3975 πρώτης
1006 3895 1099 3970 ἔτη
1149 3900 1208 3973 ξ’,
1267 3899 1558 3976 Γρηγορίῳ
1591 3897 1648 3955 δὲ
1685 3904 1764 3970 τῷ
1793 3898 2053 3975 Θεολόγῳ

382 3996 494 4064 τήν
547 3990 852 4058 ἐπισκοπὴν
902 3987 1528 4051 Κωνσταντινουπόλεως
1589 3991 1624 4059 ἡ
1677 3986 1901 4049 σύνοδος
1933 3987 2054 4043 ἐκύ-

392 4102 577 4159 ρωσεν
635 4079 709 4142 ὡς
762 4077 946 4134 πολλά
994 4078 1229 4151 καμόντι
1276 4079 1367 4132 καὶ
1412 4084 1514 4148 τῆς
1555 4072 1745 4149 λώϐης
1776 4084 1883 4133 τῶν
1917 4076 2056 4152 αἱρὲ-

396 4190 542 4225 σεων
597 4169 698 4236 τήν
759 4164 1085 4236 Ἐκκλησίαν
1143 4162 1586 4241 ἐλευθερώσαντι.
1648 4165 1811 4227 Τινὰς
1863 4163 1919 4219 δὲ
1949 4170 2056 4219 τῶν

395 4259 453 4330 ἐξ
518 4256 804 4331 Αἰγύπτου
858 4256 1043 4328 μαθὼν
1098 4255 1126 4309 ὁ
1181 4255 1593 4329 μακαριώτατος
1650 4259 1728 4327 τῷ
1772 4256 2056 4329 πράγματι

399 4347 803 4426 φθονήσαντας,
873 4344 964 4398 τὸν
1044 4345 1432 4417 συντακτήριον
1491 4340 1891 4416 ἐπιδειξάμενος
1961 4342 2054 4397 λό-

400 4457 506 4513 γον
541 4436 659 4509 (27)
690 4433 950 4495 ἑκουσίως
1004 4436 1102 4487 τοῦ
1131 4432 1324 4504 θρόνου
1363 4438 1462 4500 τῆς
1522 4429 1804 4506 βασιλίδος
1837 4432 2059 4506 ὑπεχώ-

392 4546 567 4601 ρησε,
602 4522 700 4579 δύο
757 4523 988 4598 χρόνους
1049 4522 1216 4596 μόνον
1271 4523 1475 4592 ταύτης
1530 4520 1922 4592 ἐπισκοπήσας.
1956 4528 2059 4575 Νε-

402 4616 632 4689 κτεὶριον
670 4613 699 4666 ό
753 4610 1006 4689 βασιλεὺς
1068 4611 1159 4665 καὶ
1216 4613 1252 4680 ἡ
1311 4608 1532 4672 σύνοδος
1591 4610 2054 4689 προχειρίζονται,

409 4699 745 4759 ἀϐάπτιστον
799 4698 903 4763 ἓως
949 4699 1074 4756 τότε
1118 4701 1476 4774 τυγχάνοντα.
1529 4699 1838 4774 Προσέθηκε
1889 4698 1946 4754 δὲ
1973 4703 2053 4771 τῷ

411 4786 687 4866 συμϐόλῳ
714 4790 805 4845 καὶ
835 4790 930 4859 νήν
977 4788 1262 4864 θεολογίαν
1309 4792 1404 4844 τοῦ
1452 4787 1784 4862 Ιινεύματος.
1820 4787 2060 4858 Ἐξέθετο

2218 2564 2432 2630 Quinto
2454 2577 2608 2616 anno
2628 2558 2860 2630 imperii
2876 2551 3268 2611 Theodosiani
3291 2546 3561 2619 quaedam
3583 2542 3798 2598 mulier

2146 2651 2473 2709 Antiochiae
2492 2667 2613 2706 uno
2636 2653 2807 2720 partu
2834 2650 3088 2717 quatuor
3113 2637 3403 2697 masculos
3436 2633 3620 2689 edidit
3646 2649 3658 2686 :
3693 2646 3794 2686 su-

2146 2740 2400 2814 pervixit
2418 2755 2654 2794 menses
2685 2737 2852 2791 duos.
2875 2735 3074 2789 Infans
3096 2746 3251 2786 unus
3272 2730 3407 2799 post
3426 2724 3609 2780 alium
3627 2720 3795 2775 obiit.

2220 2831 2393 2886 Sexto
2420 2844 2576 2883 anno
2604 2841 2883 2897 magnum
2916 2819 3246 2878 secundum
3272 2830 3506 2871 sacrum
3537 2826 3795 2866 cacume-

2149 2920 2352 2974 nicum
2374 2915 2693 2971 concilium
2707 2912 2872 2984 Cpoli
2885 2909 3250 2965 celebratum
3265 2908 3353 2959 est
3364 2920 3399 2957 a
3412 2906 3434 2955 1
3445 2903 3511 2955 ‘50
3525 2897 3800 2954 orthodo-

2150 3008 2240 3064 xis
2257 3002 2651 3077 episcopis,ad
2672 2997 3081 3056 confirmanda
3101 2996 3306 3051 Nicaeae
3330 2988 3537 3062 synodi
3563 2987 3799 3042 decreta

2151 3113 2220 3153 ac
2250 3100 2454 3151 contra
2482 3090 2890 3147 Macedonium
2921 3086 3173 3159 Spiritus
3202 3081 3391 3137 sancti
3421 3079 3798 3149 impugnato-

2150 3202 2299 3241 rem.
2331 3182 2705 3238 Praefuerunt
2731 3178 3070 3233 Timotheus
3109 3168 3499 3237 Alexandriae,
3530 3164 3798 3221 Meletius

2152 3272 2504 3338 Antiochiae,
2537 3268 2789 3340 Cyrillus
2846 3264 3388 3335 Hierosolymorum
3429 3253 3708 3328 episcopi,
3742 3255 3803 3306 et

2155 3361 2466 3435 Gregorius
2496 3358 2841 3430 Theologus.
2886 3352 3153 3410 Damnati
3213 3353 3352 3404 sunt
3404 3342 3800 3406 Macedonius,

2154 3450 2419 3523 impiein
2439 3447 2721 3519 Spiritum
2753 3449 3023 3501 sanctum
3056 3438 3803 3503 contumeliosus,cumque

2155 3521 2566 3603 eoSabellius,
2616 3533 3013 3607 Apolinarius,
3059 3530 3254 3595 Arius,
3305 3524 3595 3581 Eusebius
3630 3521 3803 3576 Nico-

2155 3628 2366 3684 medias
2393 3627 2731 3698 episcopus,
2751 3621 3066 3688 Euzonius,
3086 3617 3355 3684 Aeacius,
3374 3610 3802 3684 Theognis,Eu-

2157 3721 2445 3794 phronius
2489 3724 2548 3773 et
2594 3715 2810 3787 reliqui
2860 3712 3146 3769 haaretici.
3178 3705 3448 3764 Secunda
3478 3702 3738 3775 synodus
3771 3717 3806 3755 a

2157 3789 2352 3882 prima
2373 3808 2560 3864 abfuit
2579 3806 2753 3861 annis
2774 3803 3098 3875 sexaginta.
3118 3802 3199 3854 Ea
3215 3794 3489 3868 Gregorio
3510 3789 3803 3859 Theologo

2161 3878 2566 3970 episcopatum
2597 3893 2970 3965 Cpolitanum
3011 3886 3270 3943 decrevit
3319 3889 3386 3939 ut
3435 3881 3536 3952 qui
3587 3878 3804 3934 multos

2159 3968 2394 4045 labores
2415 3980 3224 4059 pertulisset,Ecclesiamque
3240 3973 3655 4030 haereticorum
3670 3968 3805 4024 labe

2160 4058 2563 4149 expurgasset.
2588 4073 2699 4129 Sed
2721 4088 2857 4127 cum
2878 4071 2929 4124 is
2949 4068 3175 4123 videret
3195 4064 3483 4136 quosdam
3508 4058 3806 4133 {Egyptios

2160 4166 2245 4221 rei
2272 4147 2493 4220 invidia
2521 4166 2844 4231 correptos,
2877 4154 3259 4231 pronuntiata
3287 4153 3358 4207 de
3390 4147 3804 4206 constituenda

2161 4252 2481 4310 concordia
2509 4252 2797 4316 oratione,
2817 4248 2975 4303 ultro
2998 4263 3060 4300 se
3083 4244 3230 4300 solio
3251 4243 3426 4315 regias
3448 4240 3611 4295 urbis
3641 4235 3807 4291 abdi-

2163 4344 2332 4409 cavit,
2360 4358 2495 4397 cum
2543 4339 2852 4395 biennium
2911 4336 3318 4408 episcopatum
3349 4331 3480 4403 ejus
3507 4327 3805 4401 gessisset.

2161 4434 2303 4505 Ejus
2332 4432 2394 4485 in
2424 4431 2622 4486 locum
2651 4429 2973 4499 imperator
3019 4430 3078 4479 et
3124 4420 3444 4478 concilium
3476 4415 3808 4474 Nectarium

2164 4522 2448 4593 deligunt,
2480 4518 2747 4574 nondum
2777 4516 3155 4588 baptizatum.
3187 4513 3253 4566 In
3301 4509 3620 4566 concilium
3651 4521 3810 4576 sym-

2164 4610 2300 4666 bolo
2332 4609 2554 4681 adjecit
2581 4606 2911 4663 doctrinam
2969 4604 3041 4660 de
3098 4601 3318 4673 Spiritu
3373 4603 3577 4655 sancto
3608 4613 3622 4661 ;
3655 4593 3812 4652 554

2086 4659 2133 4722 D
2173 4704 2231 4754 et
2260 4659 2517 4755 canones
2549 4659 3113 4766 edidit,inquibus
3138 4659 3285 4747 ‘sedi
3328 4659 3649 4761 Cpolitanae
3682 4691 3816 4756 post

2171 4789 2389 4845 solium
2420 4790 2752 4844 Romanum
2803 4785 3032 4856 primus
3090 4781 3257 4837 locus
3285 4780 3638 4852 assignatur.
3671 4777 3814 4829 Tum

1615 4916 1975 4972 XYLANDRI
2014 4917 2100 4971 ET
2139 4916 2355 4972 GOABI
2392 4913 2617 4969 NOTE.

486 5044 599 5115 (27)
631 5042 975 5115 Orationem
1006 5041 1245 5115 titulum
1276 5040 1434 5115 hunc
1464 5040 1878 5115 pgaaferentem
1904 5057 2063 5115 com-

418 5111 714 5187 ponendis
734 5112 1147 5187 episcoporum
1165 5111 1426 5187 dissidiis
1439 5113 1759 5187 a_Gregorio
1772 5111 2064 5184 Theologo

417 5183 1052 5267 pronuntiatamncum
1097 5183 1407 5267 Xylandro
1430 5183 2061 5267 plerique'autumant,

418 5251 599 5329 quam
626 5256 837 5311 Billius
867 5256 1083 5329 Observ.
1113 5251 1255 5329 siler.
1279 5272 1319 5324 1,
1341 5257 1410 5329 22_
1430 5251 1841 5329 ἆποτοόςτήριρν
1869 5256 2066 5329 potius

420 5324 645 5411 censet,
679 5325 1520 5411 quaﬁnimirumalios'valere'
1544 5325 1677 5397 quis
1700 5324 1893 5408 jubet.
1926 5324 2067 5395 Ejus

418 5396 1442 5472 conjecturaADamascenimaxime,
1465 5397 1594 5472 sive
1629 5396 1888 5472 auctoris
1918 5413 2064 5466 opu-

421 5469 577 5553 sculi.
632 5469 791 5553 Quod
842 5471 1046 5553 mortui
1100 5469 1404 5553 υἰρεηιὶαηξ
1463 5469 1730 5551 beneﬁciis
1775 5469 2064 5537 juventur,

421 5543 615 5598 verbis
631 5539 1118 5609 fulcitur,quibus
1140 5539 1404 5595 damnati
1426 5539 1644 5612 ajustis
1662 5538 1912 5612 separati
1937 5538 2066 5611 Θρη-

419 5618 527 5667 νεῖν
573 5612 638 5667 τὸ
692 5612 1102 5682 συντακτήριον,
1136 5613 1194 5666 in
1224 5612 1423 5666 ult-ima
1468 5610 1715 5680 digressu
1754 5610 2063 5682 lamentari,

422 5691 477 5740 et
510 5685 583 5740 de
614 5683 812 5739 futuro
846 5682 907 5737 in
938 5679 1226 5738 aeternum
1255 5681 1502 5738 dissidio
1533 5679 1840 5752 conqueri,
1861 5680 2062 5751 perhi-

2172 5041 2407 5096 bentur.
2442 5036 2653 5107 Scribit
2681 5051 2917 5107 quoque
2948 5037 3154 5089 auctor
3191 5029 3440 5107 inferius
3470 5029 3662 5107 p_..255
3694 5043 3818 5076 συν-

2170 5113 2428 5184 τακήριον
2473 5097 2952 5184 ἐκκλῃρξῦν,’ριό
3009 5120 3076 5158 eo
3128 5101 3438 5184 quod'est
3471 5097 3817 5152 discessum

2173 5171 2325 5238 votis
2355 5171 2661 5249 conceptis
2676 5178 2802 5249 Deo
2832 5171 3561 5249 comme_ndare._j.exicon
3592 5184 3820 5249 anony-

2174 5270 2339 5309 mum
2365 5269 2377 5306 :
2410 5238 2802 5317 Συντὶικτήριοι
2832 5245 3001 5320 λόγοι
3023 5245 3077 5297 οἱ
3119 5244 3169 5297 ἐν
3194 5238 3412 5320 ’ἐξόδοις
3462 5238 3689 5320 ἐπῖιέιῶν
3723 5239 3819 5313 ἆρα

2174 5324 2387 5397 χόντων
2418 5309 3070 5397 ἀποχαιρετισμοὶ,’ρξος
3122 5315 3212 5369 καὶ
3239 5309 3271 5368 ὖ
3296 5315 3394 5367 τοῦ
3429 5309 3675 5385 μεγάλου
3709 5309 3821 5363 Πὰ-

2174 5384 2647 5467 ἷῖρὸςᾼΓρηγορῖου
2685 5384 2795 5467 *τοῦθ
2842 5385 3112 5467 Θεολόγου
3152 5384 3562 5467 συντακτήριος.
3605 5386 3823 5465 Auctor

2175 5456 2754 5522 B'ardam'Michaelis
2802 5456 3158 5516 avunculum
3201 5457 3347 5514 mari
3379 5473 3441 5511 se
3472 5456 3821 5511 commissu-

2176 5554 2309 5592 rum
2353 5534 2534 5590 refert
2580 5532 2967 5604 συντακτήριον
3015 5527 3396 5603 ὲππληρῶσαι,
3432 5534 3569 5582 ante
3601 5527 3821 5581 disces-

2175 5624 2308 5735 Eum
2335 5607 2608 5662 videlicet
2627 5598 2960 5674 nuncupatis
2979 5606 3122 5660 votis
3144 5598 3253 5658 iter
3274 5604 3381 5657 Deo
3402 5598 3820 5655 commendasse.

2221 5695 2347 5735 osa.

2221 5695 2347 5737 OAR.
