4124 6312
355 371 478 434 603

1677 367 1994 433 GEORGII
2040 368 2381 435 CEDBENI

3659 378 3790 438 606

361 509 540 564 etiam
570 511 748 578 caput
771 505 1014 562 Joannis
1049 505 1324 577 Baptista)
1349 508 1408 560 et
1427 521 1640 577 corpus
1669 503 1836 560 Pauli
1865 504 2012 560 Gon-

2127 499 2184 558 δὶ
2219 504 2309 560 καὶ
2359 507 2585 570 κανόνας
2641 507 2694 564 ἂν
2749 510 2839 572 οἷς
2893 511 2973 582 τῷ
3031 507 3208 585 θρόνῳ
3265 506 3785 567 Κωνστιιντινουπό⁴

362 599 606 655 fessoris
629 598 836 670 Cpolin
866 597 1108 653 advecta
1140 601 1295 653 sunt.

2123 589 2262 656 λεως
2316 595 2384 651 τὰ
2435 591 2696 671 πρεσϐεῖα
2768 598 2991 672 Ῥώμης
3063 597 3334 673 ἅπᾶνειμε.
3398 597 3547 656 Τότε
3603 598 3693 653 καὶ
3749 601 3781 670 ἡ

354 685 566 764 κεφαλὴ
597 689 696 741 τοῦ
729 683 1058 761 Προδρόμου
1094 683 1146 740 ἰν
1177 683 1750 741 Κιονσταντινουπόλει
1782 684 1959 759 ἢχθη,
1991 681 2080 738 καὶ
2109 681 2172 736 τὸ
2205 686 2366 758 σῶμα
2391 689 2492 740 τοῦ
2523 685 2682 762 ἁγίου
2714 685 2936 744 Παύλου
2967 691 3066 744 τοῦ
3091 685 3505 763 Ὀμολογητοῦ.

427 780 596 832 Anno
627 781 658 830 7
689 775 1053 833 Theodosius
1103 776 1398 848 Augustus
1454 775 1798 841 Honorium,
1835 787 2010 829 suum

361 884 432 922 ex
461 865 706 922 Placilla
736 865 946 934 ﬁlium,
973 865 1280 921 consulem
1311 865 1548 931 creavit,
1572 881 1753 937 seque
1783 863 1858 918 ad
1887 862 2008 918 bel-

357 956 482 1011 inm
512 961 765 1028 tyranno
798 955 1046 1010 Maximo
1079 953 1410 1010 faciendum
1446 955 1688 1026 paravit.

433 1046 604 1100 Anno
639 1045 670 1098 8
699 1045 1057 1098 Emmauute
1086 1043 1400 1098 Palaestine
1435 1060 1581 1116 pago
1613 1042 1808 1098 infans
1837 1047 2012 1098 natus

361 1138 448 1188 est
479 1133 550 1188 ab
584 1131 866 1188 umbilico
919 1148 1154 1187 sursum
1213 1133 1503 1188 dissectus
1533 1133 1594 1186 in
1628 1133 1743 1187 duo
1773 1135 2014 1202 pectora

360 1221 594 1292 duoque
625 1221 842 1292 capita,
861 1226 920 1276 et
941 1226 1192 1292 utraque
1217 1238 1353 1292 pars
1381 1237 1558 1276 sensu
1591 1225 1716 1276 erat
1742 1219 2008 1291 praedita.

359 1309 580 1366 Edente
611 1309 798 1366 altera
828 1316 930 1365 aut
978 1309 1238 1374 bibente,
1271 1310 1458 1366 altera
1485 1310 1858 1376 abstinebat;
1891 1323 2014 1365 una

360 1397 710 1464 dormiente,
735 1399 924 1456 altera
947 1399 1224 1472 vigilabat
1247 1417 1260 1466 ;
1288 1399 1609 1470 aliquando
1635 1400 1792 1455 inter
1812 1416 1874 1455 se
1896 1397 2014 1453 col-

359 1488 666 1556 ludebant,
723 1487 948 1544 ﬂebant
999 1489 1199 1557 simul,
1278 1489 1526 1545 alteram
1579 1489 2008 1562 percutiebant.

363 1579 650 1635 Vixerunt
677 1595 866 1634 annos
898 1579 1068 1648 duos,
1102 1586 1160 1634 et
1188 1580 1376 1636 altera
1407 1585 1662 1647 mortua,
1695 1579 2009 1650 quatriduo

367 1674 502 1740 post
529 1668 717 1724 altera
749 1667 1020 1724 decessit.

2191 773 2285 844 Τῷ
2314 773 2357 842 ζ’
2385 771 2492 831 ἔτει
2538 776 2735 833 τούτου
2773 774 3062 841 Θεοδόσιος
3091 778 3120 832 6
3155 775 3477 854 Αὔγουστος
3520 776 3779 852 Ὃνώριον

2121 860 2239 916 υἱὸν
2271 859 2436 918 αὺτοῦ
2464 863 2556 918 τὸν
2589 861 2650 919 ἐκ
2679 861 3007 936 Ηλακίλλης
3048 863 3252 920 ὕπατον
3284 861 3528 935 ἀνέδειξε
3557 864 3647 919 καὶ
3679 885 3782 922 ποι

2123 947 2309 1024 λεμεῖν
2339 954 2420 1024 τῷ
2449 953 2688 1026 τυράννῳ
2719 954 2958 1028 Μαξίμῳ
2987 953 3306 1030 ηὗτρίπισε.

2191 1039 2286 1111 Τῷ
2350 1041 2402 1107 η’
2458 1036 2565 1096 ἔτει
2627 1039 2680 1097 ἐν
2739 1039 3108 1116 Παλαιστίνῃ,
3149 1042 3204 1098 ἐν
3261 1045 3432 1118 κώμῃ
3496 1043 3780 1116 Ἐμμαοῦς

2123 1125 2416 1204 λεγομένῃ,
2447 1126 2666 1184 παιδίον
2697 1129 2956 1206 ἐγεννήθη
2992 1129 3204 1187 τίλειον
3246 1131 3354 1186 ἀπὸ
3403 1129 3668 1206 ὀμφαλοῦ
3696 1128 3782 1186 καί

2123 1215 2233 1273 ἄνω
2263 1214 2622 1293 διῃρημένον,
2655 1217 2686 1274 6'
2715 1221 2836 1299 εἶχε
2891 1217 2987 1275 δύο
3031 1221 3228 1290 στήθη,
3262 1217 3360 1275 δύο
3395 1217 3664 1295 κεφαλὰς,
3695 1218 3780 1274 καὶ

2118 1302 2342 1362 ἕκαστον
2373 1313 2467 1368 τας
2506 1308 2782 1378 αἰσθήσεις
2838 1308 2976 1384 εἶχε.
3037 1309 3112 1366 Τὸ
3166 1307 3225 1362 ἓν
3283 1309 3448 1378 ἤσθιε
3495 1307 3590 1364 καὶ
3616 1301 3779 1378 ἔπινε,

2120 1394 2184 1450 τὸ
2240 1391 2296 1451 δὲ
2348 1395 2530 1471 ἓτερον
2588 1396 2738 1472 οὐχί·
2797 1397 2860 1452 τὸ
2915 1393 2969 1453 ’έν
3009 1393 3284 1466 ἐκάθευδε,
3341 1397 3440 1452 καὶ
3493 1397 3560 1452 τὸ
3602 1393 3778 1470 ἕτερον

2120 1481 2424 1560 ἐγρηγόρει.
2485 1485 2642 1542 Ἐστι
2699 1483 2745 1541 δ’
2804 1483 2894 1542 ὅτε
2949 1485 3039 1541 καὶ
3099 1486 3420 1556 συνὲπαιζον
3485 1486 3624 1561 πρὸς
3680 1483 3776 1540 ἅλ-

2121 1570 2292 1643 ληλα,
2323 1573 2412 1630 καὶ
2469 1569 2687 1630 ἔκλαιον
2745 1574 3050 1654 ἀμφότερα,
3107 1577 3198 1631 καὶ
3250 1567 3484 1631 ἔτυπτον
3532 1572 3772 1645 ἄλληλα.

2121 1668 2354 1732 ’Έζησαν
2385 1660 2444 1718 δὲ
2473 1660 2564 1734 ἔτη
2629 1659 2746 1736 δύο,
2799 1665 2888 1720 καὶ
2943 1665 3006 1720 τὸ
3062 1664 3157 1738 μιν
3223 1664 3280 1720 ’ἐν
3341 1663 3600 1731 ἀπίθανε,
3629 1663 3690 1718 τὸ
3720 1659 3774 1718 δι

2117 1751 2299 1827 ἓτερον
2345 1752 2478 1826 μετὰ
2507 1772 2767 1826 τεσσαρας
2798 1755 3009 1828 ἡμέρας
3039 1753 3416 1824 δτελεύτησεν.

433 1849 672 1903 Sextum
704 1863 927 1902 annum
957 1848 1037 1920 (α)
1070 1847 1400 1920 imperante
1432 1847 1758 1904 Theodosio
1790 1851 2012 1920 Magno,

2197 1845 2289 1914 Τῷ
2343 1843 2389 1906 ς’
2445 1837 2552 1898 ἔτει
2605 1849 2708 1913 τῆς
2777 1842 3054 1918 βασιλείας
3078 1848 3177 1900 τοῦ
3212 1843 3456 1918 μεγάλου
3489 1839 3774 1899 Θεοδοσίου

364 1937 691 1992 secundum
724 1950 959 1992 sacrum
1011 1938 1445 1994 cecumenicum
1495 1937 1818 1994 concilium
1849 1937 2015 2010 Cpoli

359 2031 555 2081 actum
589 2031 678 2080 est
697 2041 731 2080 a
753 2028 855 2080 150
880 2025 1172 2094 Patribus,
1199 2027 1444 2082 Damaso
1466 2032 1592 2082 tum
1615 2028 1814 2082 Roma:
1839 2042 2012 2098 papa.

359 2114 730 2169 Prml‘uerunt
776 2115 1118 2170 Timotheus
1170 2115 1565 2185 Alexandriae,
1596 2114 1862 2170 Meletius
1893 2117 2016 2172 An-

360 2203 618 2270 tiochiae,
647 2203 901 2275 Cyrillus
946 2204 1367 2276 Hierosolymis
1400 2205 1682 2276 episcopi,
1713 2209 1772 2259 et
1801 2205 2012 2276 Grego-

357 2293 485 2346 rius
515 2291 841 2362 theologos.
877 2293 984 2346 lies
1013 2298 1176 2364 gesta
1215 2299 1424 2348 contra
1453 2292 1878 2360 Macedonium,
1911 2292 2010 2363 qui

357 2379 554 2434 fuerat
583 2379 896 2450 episcopus
925 2380 1290 2450 Cpoiitanus,
1325 2380 1519 2436 adhuc
1552 2380 2011 2452 seperstitem.Is

361 2473 420 2522 et
451 2468 575 2522 Arii
607 2484 870 2523 errorem
903 2469 1282 2538 sequebatur,
1331 2475 1390 2523 et
1429 2469 1712 2540 Spiritum
1739 2475 2009 2524 sanctum

357 2558 609 2629 negabat
653 2573 783 2613 esse
832 2573 1037 2614 verum
1095 2560 1302 2626 Deum,
1358 2559 1460 2614 sed
1517 2564 1849 2616 creaturam
1880 2575 2008 2614 esse

351 2647 682 2720 judicabat.
717 2648 856 2702 Post
903 2646 1179 2720 exiguum
1207 2652 1441 2719 tempus
1487 2648 1637 2706 555
1693 2647 2008 2718 Gregorius

361 2736 836 2792 animadvertens
894 2737 1185 2808 quosdam
1239 2737 1540 2810 Egyptios
1583 2737 1856 2810 dignitati
1886 2753 2008 2792 suae

361 2825 649 2892 invidere,
682 2825 948 2880 oratione
1001 2824 1073 2881 de
1116 2825 1533 2881 constituenda
1564 2825 1822 2882 Ecclesia
1851 2825 2009 2882 edita

361 2915 704 2986 episcopatu
727 2929 788 2968 se
807 2913 1183 2982 abdicavit,et
1203 2915 1276 2970 ad
1295 2931 1466 2971 suum
1492 2915 1556 2970 in
1577 2913 2006 2986 Cappadociam

361 3003 650 3075 prmdium
689 3003 886 3088 rediit,
917 3003 1020 3058 ubi
1051 3003 1492 3075 aliquantulum
1522 3005 1720 3076 quiete
1751 3004 2008 3060 refectus

358 3093 833 3164 tumultibusque
861 3093 1038 3148 variis
1095 3093 1408 3160 subductu,
1441 3109 1509 3149 ac
1548 3107 1748 3148 rerum
1779 3093 2004 3148 divina-

2125 1929 2342 2010 γέγονεν
2389 1933 2423 2000 ἡ
2481 1931 2536 1988 ἐν
2593 1933 3158 1990 Κωνσταντινουπόλει
3211 1933 3342 2009 ἁγία
3399 1932 3494 1989 καὶ
3527 1933 3776 2004 οἰκούμε-

2124 2023 2244 2092 νικὴ
2276 2018 2494 2096 δευτέρα
2551 2019 2775 2085 σύνοδος
2831 2029 2938 2078 τῶν
3001 2023 3076 2098 ρν⁸
3131 2023 3299 2097 ἁγίων
3363 2022 3646 2096 Πατὲρων,
3690 2019 3773 2076 ἐπὶ

2126 2110 2380 2181 Δαμάσου
2410 2111 2562 2166 πάπα
2590 2111 2834 2186 Ῥώμης,
2889 2115 2956 2182 ἧς
3011 2114 3243 2188 ἡγοῦντο
3271 2111 3548 2185 Τιμόθεος
3575 2107 3773 2168 Ἀλλι-

2124 2194 2424 2272 ξανδρείας,
2476 2197 2742 2262 Μελὲτιος
2798 2201 3162 2274 Ἀντιοχείας,
3205 2197 3485 2274 Κύριλλος
3550 2203 3773 2271 Ἰεροσο·

2124 2284 2317 2360 λύμων
2345 2286 2432 2344 καὶ
2491 2289 2796 2365 Γρηγόριος
2850 2289 2878 2344 6
2931 2287 3234 2364 Θεολόγος,
3263 2290 3405 2344 κατὰ
3437 2283 3771 2346 Μακεδονίου

2120 2379 2408 2453 γεγονότος
2481 2377 2780 2435 ἐπισκόπου
2855 2376 3516 2445 Κωνσταντινουπόλεως,
3575 2375 3632 2438 ὅς
3697 2369 3768 2430 ἔτι

2123 2467 2322 2540 περιὼν
2354 2465 2612 2530 ὡσαύτως
2670 2473 2751 2540 τῷ
2803 2469 2998 2542 Ἀρείῳ
3045 2462 3420 2546 ἐϐλασφήμει.
3449 2467 3686 2540 Ὁμοίως
3717 2462 3768 2518 δὶ

2120 2553 2211 2610 καὶ
2261 2555 2324 2610 τὸ
2383 2559 2603 2630 Πνεῦμα
2657 2558 2721 2612 τὸ
2779 2557 2932 2634 ἅγιον
2988 2558 3065 2630 μὴ
3128 2557 3263 2612 εἶναι
3311 2557 3450 2614 Θεὸν
3493 2553 3766 2626 ἀληθινὸν,

2122 2647 2206 2718 [Ρ.
2241 2648 2366 2719 317]
2397 2644 2540 2702 ἆλλᾶ
2573 2647 2776 2720 κτίσμα
2833 2647 2924 2702 καὶ
2979 2646 3110 2703 αὐτὸ
3168 2642 3580 2720 ὑπελάμϐανεν.
3621 2643 3760 2701 Ὀλί-

2119 2755 2220 2810 γου
2268 2731 2326 2789 δὲ
2379 2739 2574 2810 καιροῦ
2627 2735 3036 2815 παρῳχηκότος
3099 2736 3286 2809 μαθὼν
3319 2737 3348 2790 6
3377 2738 3538 2799 θεῖος
3570 2733 3762 2811 Γρηγόο

2121 2823 2237 2898 ριός
2255 2845 2405 2886 τινας
2433 2828 2541 2880 τῶν
2591 2823 2642 2898 ἐξ
2702 2824 2986 2903 Αἰγύπτου
3040 2829 3122 2897 τῷ
3181 2823 3330 2902 λόγῳ
3361 2827 3547 2882 αὐτοῦ
3579 2823 3760 2902 φθονή-

2120 2933 2336 2980 σαντας,
2391 2913 2483 2968 τὸν
2541 2915 2930 2988 συντακτήριον
2987 2911 3394 2988 ἐπιδειξάμενος
3471 2913 3635 2990 λόγος
3669 2916 3755 2978 τῆς

2119 2999 2480 3071 ὲπίσκοπικῆς
2536 2999 2860 3072 διοικήσεως
2923 3003 3339 3078 ὑπανεχώρησε.
3391 3003 3512 3060 Καὶ
3549 3001 3668 3076 πρὸς
3702 2996 3756 3054 τὸ

2117 3084 2169 3141 ἐν
2225 3083 2589 3160 Καππαδοκίᾳ
2641 3094 2826 3160 κτῆμα
2903 3087 3070 3143 αὐτοῦ
3128 3086 3408 3157 ἀπελθὼν,
3486 3085 3667 3162 μικρόν
3711 3097 3758 3139 τι

355 3197 490 3237 rum
547 3178 1038 3252 contemplationi
1094 3183 1306 3254 majori
1361 3183 1480 3238 otio
1537 3183 1794 3251 deditus,
1825 3199 2006 3238 senex

2125 3175 2398 3278 ξαυχάσας
2428 3175 2481 3232 ἐν
2512 3177 2660 3249 αὐτῷ
2711 3177 2800 3234 καὶ
2862 3181 2970 3234 τῶν
3031 3176 3258 3234 πολλῶν
3287 3179 3586 3253 ἡρεμήσας
3616 3171 3764 3248 θορύι

358 3271 608 3342 vitaeque
641 3276 805 3326 satur
833 3269 1106 3326 decessit.
1158 3271 1258 3326 Vir
1301 3271 1414 3327 fuit
1451 3273 1662 3344 spiritu
1691 3273 2008 3344 omnisque

2125 3259 2230 3320 ϐων
2289 3265 2376 3322 καὶ
2435 3265 2486 3322 ἄν
2562 3266 2772 3340 μείζονι
2828 3266 3118 3342 γενόμενος
3199 3268 3403 3342 θεωρίᾳ
3485 3267 3576 3324 τὸν
3654 3263 3762 3338 βίον

365 3359 717 3431 cognilionis
775 3365 834 3414 et
889 3360 1407 3430 contemplationis
1435 3361 1671 3432 plenus.
1719 3364 2008 3417 Umterum

364 3454 634 3504 sanctum
652 3447 972 3502 concilium
994 3447 1295 3503 damnavit
1311 3449 1740 3518 Macedoniam,
1756 3467 2011 3521 cumque

361 3555 429 3594 eo
462 3535 781 3592 Sabellium
812 3535 1036 3601 Afrum,
1072 3537 1173 3608 qui
1229 3553 1412 3594 unam
1449 3543 1682 3596 tantum
1711 3539 2010 3595 Trinitatis

355 3643 676 3701 personam
699 3625 1028 3693 asserebat;
1055 3631 1114 3682 et
1137 3627 1540 3699 Apolinarlum
1563 3628 2009 3694 Laodicensem,

355 3717 456 3788 qui
515 3715 768 3770 Verbum
829 3714 891 3770 in
950 3715 1190 3771 homine
1250 3717 1468 3772 mentis
1498 3733 1680 3773 vacuo
1712 3717 2010 3773 habitasse

356 3805 642 3874 tradebat,
690 3821 758 3860 ac
814 3804 944 3859 loco
1005 3805 1224 3860 mentis
1274 3805 1490 3862 animai
1520 3806 1775 3861 Verbum
1805 3806 2010 3863 fuisse.

359 3893 769 3949 Pronuntiavit
810 3899 1010 3949 autem
1066 3894 1386 3950 concilium
1427 3894 1712 3966 Spiritum
1742 3901 2013 3952 sanctum

358 4001 488 4039 esse
522 3984 706 4038 Deum
737 3981 1056 4051 viviﬁcum,
1076 3984 1346 4056 ejusdem
1369 3999 1506 4040 cum
1537 3989 1707 4040 Patre
1727 3985 2012 4048 essentia:

361 4089 429 4128 ac
451 4087 588 4127 eum
615 4071 788 4138 Filio;
813 4071 1156 4143 addiditque
1179 4071 1447 4144 symbolo
1475 4074 1546 4129 de
1571 4074 1792 4146 Spiritu
1809 4079 2012 4134 sancto

360 4163 486 4216 hinc
515 4161 730 4218 verba:
769 4160 1110 4230 Dominum,
1141 4162 1460 4232 vivificum,
1493 4169 1607 4220 etc.

433 4337 513 4392 Eo
546 4340 812 4408 tempore
841 4352 1092 4408 magnus
1119 4335 1220 4392 ille
1249 4337 1699 4408 Amphilochius
1720 4339 1792 4396 ab
1824 4340 2014 4410 impe-

361 4431 556 4481 ratore
643 4423 950 4480 contendit
1004 4430 1070 4480 ut
1123 4425 1404 4482 omnibus
1461 4426 1710 4484 urbibus
1767 4428 2018 4484 Arianos

365 4515 628 4585 ejiceret.
661 4513 774 4568 Sed
801 4529 938 4568 cum
972 4529 1074 4569 rex
1121 4513 1181 4570 id
1235 4521 1478 4586 negaret
1502 4523 1568 4574 ut
1591 4517 1684 4573 oui
1717 4517 2018 4575 crudelior

364 4602 468 4658 illa
501 4602 706 4674 petitio
738 4602 1056 4671 videretur,
1117 4604 1298 4659 tacuit
1354 4609 1481 4662 tum
1532 4606 1618 4663 vir
1648 4607 2014 4678 sapientissi-

363 4708 518 4748 mus.
553 4693 684 4746 Mon
715 4691 904 4747 multo
933 4698 1066 4764 post
1086 4699 1285 4750 autem
1307 4710 1443 4751 cum
1475 4695 1538 4751 in
1567 4697 1792 4768 regiam
1819 4698 2018 4752 venis-

363 4786 472 4850 set,
497 4781 940 4852 imperatorem,
959 4781 1044 4838 uti
1068 4798 1180 4853 par
1205 4787 1351 4848 erat,
1379 4782 1702 4840 honoriﬁce
1727 4785 2014 4857 salutans,

361 4870 557 4926 ﬁlium
588 4870 741 4942 patri
797 4869 958 4942 regio
1017 4870 1226 4926 habitu
1266 4877 1560 4926 astantem
1592 4873 2016 4932 inhonoratum

363 4959 668 5030 praeteriit.
703 4960 1034 5030 Imperator
1062 4959 1122 5014 id
1161 4959 1456 5014 oblivione
1500 4961 1721 5016 factum
1751 4963 2014 5031 credere,

361 5049 707 5121 hortarique
733 5046 1218 5120 Amphilochium
1249 5055 1316 5104 ut
1347 5049 1470 5104 filio
1501 5064 1737 5122 quoque
1768 5052 2015 5123 quiregi

361 5137 398 5192 d
411 5137 618 5192 ebetur
632 5135 926 5192 salutandi
940 5135 2018 5213 honoremexhiberet.Amphilochius

363 5225 559 5280 dicere
588 5225 878 5297 privatam
933 5225 986 5280 ei
1039 5221 1459 5282 salutationem
1514 5229 1656 5284 satis
1689 5247 1838 5285 esse.
1873 5231 2017 5288 Cum

357 5314 770 5385 indignaretur
799 5316 954 5373 556
986 5315 1312 5387 imperator
1330 5323 1390 5372 et
1412 5317 1531 5372 ﬁlio
1555 5319 1780 5374 illatam
1807 5326 2019 5376 contu-

362 5402 602 5459 meliam
630 5404 702 5458 ad
733 5421 794 5460 se
829 5411 1094 5476 spectare
1139 5407 1383 5464 diceret.
1415 5407 1864 5480 Amphilochius
1897 5412 2018 5468 alta

365 5507 504 5546 voce
531 5508 545 5546 :
578 5491 782 5555 Viden,
817 5493 1028 5564 inquit,
1063 5493 1405 5566 imperator,
1432 5501 1486 5550 te
1519 5511 1638 5552 non
1670 5497 1822 5554 ferre
1859 5499 2016 5572 igno-

365 5580 610 5637 miniam
645 5579 766 5636 ﬁlio
819 5583 916 5636 tuo
965 5580 1228 5638 factam?
1274 5583 1520 5656 proinde
1563 5587 1744 5642 Deum
1779 5604 2014 5662 quoque

437 5679 512 5750 (α)
545 5679 825 5750 Haecjam
855 5677 1031 5734 modo
1063 5679 1291 5734 dixerat
1323 5682 1446 5750 (col.
1479 5684 1576 5735 601
1615 5684 1702 5754 Β).

2115 3352 2468 3426 ὑπαλλάττει,
2583 3351 2896 3430 πρεσϐύτης
2996 3357 3088 3412 καὶ
3189 3354 3420 3432 πλήρης
3525 3357 3756 3430 ἡμερῶν.

2111 3449 2218 3500 τῶν
2286 3449 2384 3501 τοῦ
2451 3445 2762 3517 Πνεύματος
2853 3446 3066 3516 ἀπάσης
3131 3447 3388 3518 γνώσεως
3464 3445 3554 3504 καὶ
3624 3443 3758 3497 θεω-

2115 3534 2234 3608 ρὶας
2266 3529 2544 3606 ἔμπλεως.
2597 3537 2656 3592 ἸΙ
2717 3531 2772 3590 δὶ
2829 3535 2960 3610 ἁγία
3019 3531 3250 3598 σύνοδος
3281 3531 3612 3591 Μακεδόνιον
3635 3531 3756 3587 ἀνα-

2115 3623 2412 3695 θεματίζει,
2471 3624 2563 3679 σὺν
2623 3623 2772 3695 αὐτῷ
2827 3623 2918 3680 καὶ
2974 3619 3292 3680 Σαϐἑλλιον
3351 3623 3444 3679 τὸν
3503 3615 3661 3679 Λίϐυν
3703 3614 3754 3672 ’έν

2113 3713 2406 3786 πρόσωπον
2438 3709 2528 3767 ἐπὶ
2578 3718 2678 3781 τῆς
2737 3711 2892 3788 ἁγίας
2947 3709 3184 3787 Τριάδος
3243 3703 3750 3782 δοξάζοντα,⁶ἇτιδή

2115 3800 2204 3856 καὶ
2235 3799 2623 3875 Ἀπολινάριόν
2673 3801 2764 3856 τὸν
2816 3797 3083 3856 Λαοδικέα
3117 3799 3351 3876 λέγοντα
3383 3801 3478 3857 τὸν
3507 3799 3758 3870 ἂνανθρωο

2115 3891 2363 3959 πῆσαντα
2420 3889 2596 3966 Λόγον
2661 3891 2942 3965 ἄνθρωπον
3002 3889 3164 3960 εἶναι,
3223 3889 3338 3945 ἀντὶ
3396 3887 3456 3946 δὲ
3510 3887 3628 3948 νοὸς
3683 3883 3762 3939 τὸν

2117 3977 2281 4055 λόγον
2314 3978 2494 4056 ἀρκεῖν
2525 3983 2594 4053 τῇ
2625 3981 2801 4054 ψυχῇ.
2828 3979 3090 4056 Ἐκήρυξε
3116 3977 3173 4036 δί
3193 3979 3255 4035 τὸ
3281 3984 3503 4054 Πνεῦμα
3531 3978 3592 4034 τὸ
3622 3975 3766 4047 ἅγιον

2117 4072 2250 4127 εἶναι
2281 4072 2550 4141 ζωοποιὸν
2593 4072 2682 4128 καὶ
2723 4072 3025 4145 ὁμοούσιον
3074 4077 3154 4144 τῷ
3203 4071 3378 4148 ΙΙατρὶ
3412 4071 3503 4128 καὶ
3535 4073 3617 4141 τῷ
3649 4065 3767 4136 Titi),

2115 4162 2526 4237 προστεθεικυῖα
2556 4160 2632 4224 εἷς
2684 4161 2748 4216 τὸ
2804 4156 2955 4235 ἅγιον
3013 4156 3294 4232 σύμϐολον
3335 4162 3597 4237 περὶτοῦ
3625 4152 3768 4231 ἁγίου

2118 4249 2432 4322 ΙΙνεύματος
2461 4249 2522 4305 τὸ
2555 4247 2776 4322 Κύριον,
2807 4249 2871 4306 τὸ
2904 4247 3176 4318 ζωοποιὸν
3211 4249 3301 4306 καὶ
3331 4250 3400 4306 τὰ
3431 4249 3573 4322 ἑξῆς.

2189 4339 2324 4395 Τότε
2379 4339 2408 4393 ὁ
2470 4339 2640 4416 μὲγας
2673 4337 3054 4418 ’Δμφιλόχιος
3113 4336 3381 4393 ἐδυσώπει
3425 4340 3520 4395 τὸν
3553 4329 3765 4412 βασιλέα

2122 4427 2441 4498 ἐξελαθῆναι
2499 4429 2628 4489 τοὺς
2687 4428 3004 4502 Ἀρειανοὺς
3059 4425 3122 4483 ἐκ
3175 4431 3360 4484 πασῶν
3407 4432 3516 4483 τῶν
3543 4421 3757 4480 πόλεων.

2121 4519 2187 4574 ’0
2233 4514 2292 4573 δὲ
2350 4515 2721 4591 ἀπηνεστέρειν
2783 4512 3080 4572 ὺπολαϐὼν
3133 4517 3234 4585 τὴν
3288 4514 3504 4589 αἴτησιν
3539 4511 3640 4586 οὐχ
3666 4509 3756 4563 ὑπ’

2129 4613 2348 4682 ἤκουσε.
2387 4610 2490 4666 Καὶ
2523 4611 2648 4666 τότε
2680 4609 2774 4683 μὶν
2830 4608 2858 4664 6
2919 4609 3234 4686 σοφώτατος
3262 4608 3632 4684 Ἀμφιλόχιος
3656 4598 3751 4655 ἐσίω

2124 4717 2281 4774 γησεο
2318 4699 2433 4772 μετ’
2465 4699 2526 4754 οὐ
2557 4697 2700 4754 πολὺ
2733 4695 2792 4753 δὶ
2847 4696 2998 4759 ἰντὸς
3053 4702 3162 4752 τῶν
3226 4697 3518 4774 βασιλείων
3548 4691 3749 4770 γενόμι·

2124 4810 2214 4852 νος
2245 4789 2336 4844 τὸν
2367 4789 2461 4862 μὶν
2500 4785 2732 4864 βασιλέα
2781 4787 3064 4856 ἠσπάσατο
3122 4787 3197 4850 ὡς
3252 4785 3420 4853 εἱκὸς,
3453 4787 3544 4844 τὸν
3572 4781 3625 4838 δὶ
3649 4775 3750 4834 υἱὸν

2123 4878 2288 4935 αὐτοῦ
2347 4875 2440 4932 σὺν
2497 4876 2645 4948 αὐτῷ
2701 4874 2908 4930 ἑστῶτα
2963 4873 3263 4950 βασιλικῶς
3310 4875 3604 4952 ἀγέραστον
3633 4885 3756 4922 κατ-

2126 4963 2301 5024 έλιπε.
2345 4965 2448 5022 Καὶ
2479 4964 2507 5020 6
2541 4963 2800 5040 βασιλεὺς
2831 4962 3065 5036 νομίσας
3117 4961 3484 5034 ἐπιλησθῆναι
3519 4961 3604 5018 τὸν
3636 4958 3756 5025 Ἀμ-

2125 5053 2408 5135 φιλόχιον,
2442 5053 2777 5116 ἀσπάσασθαι
2833 5051 2943 5135 nati
2972 5052 3066 5108 τὸν
3109 5047 3226 5106 υἱὸν
3285 5050 3578 5130 βασιλικῶς
3606 5058 3762 5120 προσ-

2124 5133 2320 5213 έταξεν.
2381 5145 2442 5199 '0
2494 5135 2552 5196 δὲ
2600 5141 2857 5220 ἀποχρῆν
2918 5133 3019 5220 ἔφη
3077 5141 3178 5211 τήν
3237 5139 3366 5215 παρ’
3420 5138 3579 5196 αὐτοῦ
3607 5147 3758 5206 προσ-

2126 5233 2433 5307 ενεχθεῖσαν
2507 5227 2657 5302 αὐτῷ
2745 5225 3040 5292 ἰδιωτικῶς
3106 5226 3297 5302 τιμήν.
3365 5228 3460 5287 Ὃν
3527 5225 3555 5284 6
3619 5221 3756 5296 βασι·

2128 5319 2255 5384 λεῦς
2288 5319 2608 5395 χαλεπήνας
2645 5317 2846 5374 οἰκείαν
2877 5307 3064 5394 ἔλεγεν
3097 5318 3238 5374 εἶναι
3265 5319 3365 5386 τήν
3392 5321 3486 5373 τοῦ
3512 5313 3626 5369 υἱοῦ
3647 5307 3755 5395 ότι·

2129 5409 2272 5482 μίαν.
2292 5391 2409 5464 “Kal
2441 5407 2470 5461 6
2499 5405 2872 5486 Ἀμφιλόχιος
2896 5391 3203 5476 ἐξεϐόησεν·
3238 5407 3423 5480 Ὁρᾷς,
3456 5405 3500 5458 ὦ
3524 5391 3750 5476 βασιλεῖ’),

2128 5503 2246 5562 πῶς
2298 5497 2364 5552 οὗ
2422 5496 2600 5576 φέρεις
2657 5496 2756 5566 τὴν
2818 5497 2915 5550 τοῦ
2973 5495 3096 5550 υἱοῦ
3152 5493 3417 5568 ἀτιμίαν;
3485 5487 3750 5546 Ιιίοτιυσον

2127 5583 2220 5642 οῦν
2251 5583 2342 5642 καὶ
2371 5585 2462 5642 τὸν
2495 5583 2625 5641 Θεὸν
2653 5581 2780 5644 τοῦς
2837 5581 2930 5640 τὸν
2958 5582 3083 5638 Υἷὸν
3113 5581 3278 5638 αὐτοῦ
3314 5576 3750 5660 βλασφημοῦντας
