4124 6312
358 416 476 477 603

1509 412 2046 483 HlSTOltlARUM
2091 414 2631 488 COMPENDIUM.

3645 416 3765 478 606

365 542 761 619 βδελύττεσθαί
790 568 849 603 τε
890 546 979 603 καὶ
1037 547 1484 629 ἀποστρέφεσθαι.
1546 554 1723 609 Τοῦτο
1778 551 2002 614 ἀκούσας

2123 555 2363 615 credere
2400 558 2581 615 debes
2628 559 2880 616 aversari
2917 562 2973 613 et
3007 557 3202 614 odisse
3227 570 3327 609 eos
3349 552 3447 624 qui
3466 550 3612 607 Filio
3635 552 3761 622 ejus

366 636 394 689 6
454 634 713 710 βασιλεὺς
772 635 861 692 καὶ
918 634 1125 716 σφόδρα
1184 641 1466 713 θαυμάσας
1549 639 1721 714 νόμον
1776 636 2005 717 ’ἔγραψεν

364 723 522 786 εὐθὺς
552 725 650 788 τὰς
681 729 787 782 τῶν
819 725 1103 801 αἰρετικῶν
1164 729 1402 800 συνάξεις
1468 728 1767 786 κωλύοντα.
1817 730 2009 801 Τούτῳ

361 817 440 885 τῷ
464 814 649 890 ἀγαθῷ
678 820 947 897 φθονήσας
980 819 1008 873 6
1042 815 1343 891 μισὸκαλος
1376 816 1585 894 δαίμων
1644 816 1796 892 ὠμόν
1832 840 1884 874 τι
1916 814 2005 873 καὶ

360 902 725 981 ἀπάνθρωπον
772 907 1135 983 παρεσκεύασε
1192 908 1459 986 γενέσθαι.
1518 911 1651 967 Ἀπὸ
1717 909 1820 990 γὰρ
1864 909 2007 965 Κων-

359 994 862 1060 σταντινουπόλεως
918 996 1007 1052 ἐπὶ
1060 998 1281 1071 Ῥώμην
1312 998 1340 1054 6
1401 996 1654 1076 βασιλεὺς
1702 997 1802 1069 τὴν
1858 995 2005 1053 660t-

359 1084 555 1158 πορίαν
615 1085 946 1159 ποιούμενος
1031 1085 1082 1140 ἐν
1142 1083 1508 1163 Θεσσαλονίκῃ
1575 1086 1710 1143 κατὰ
1765 1082 2006 1162 πάροδον

355 1170 572 1249 γέγονε,
610 1179 717 1229 τῶν
779 1172 836 1231 δὲ
892 1181 1235 1253 στρατιωτῶν
1293 1176 1459 1233 αύτοῦ
1516 1176 1853 1252 ταραξάντων
1903 1176 2001 1243 τὴν

353 1263 519 1319 πόλιν
555 1261 645 1320 διὰ
677 1264 874 1340 μιτάτα
905 1269 1040 1341 (28),
1089 1267 1403 1324 ἐστασίασαν
1460 1271 1511 1323 οἱ
1569 1268 2003 1340 Θεσσαλονικεῖς,

351 1352 555 1407 καὶτὸν
585 1355 680 1426 μὲν
712 1355 938 1430 βασιλέα
983 1350 1228 1432 ὕϐρισαν,
1258 1358 1408 1419 τινας
1469 1354 1526 1412 δὲ
1579 1361 1687 1412 τῶν
1721 1358 2001 1434 ἀρχόντων

350 1440 521 1496 αύτοῦ
575 1440 998 1514 ἐλιθοϐόλησαν.
1040 1448 1098 1503 ⁸0
1160 1443 1415 1522 βασιλεὺς
1475 1444 1532 1501 δε
1587 1450 1756 1501 ταῦτα
1816 1447 2003 1521 μαθὼν

347 1531 441 1586 καὶ
472 1532 571 1600 τήν
600 1533 781 1607 ῥύμην
824 1537 920 1589 τοῦ
977 1538 1152 1608 θυμοῦ
1215 1538 1289 1609 μή
1350 1537 1580 1612 ἐνεγκὼν
1637 1537 1717 1607 τῷ
1774 1535 2005 1612 ἐπάρχῳ

354 1629 459 1691 τῆς
505 1623 722 1687 πόλεως
769 1623 980 1694 ἐκείνης
1028 1627 1131 1694 τὴν
1199 1630 1379 1703 ψῆφον
1434 1634 1532 1696 τῆς
1598 1627 1867 1704 τιμωρίας
1918 1628 2006 1683 ἐπ-

355 1712 600 1786 έτρεψεν·
636 1712 818 1782 ὅςτὴν
853 1715 1112 1785 τοιαύτην
1173 1714 1410 1790 ἐξουσίαν
1471 1716 1717 1790 εἰληφὼς
1776 1718 1870 1772 οἶα
1935 1714 2001 1786 δὴ

354 1799 661 1874 αὐτόνομος
715 1801 968 1877 τύραννος
1017 1801 1175 1859 ἄδικα
1228 1802 1354 1878 ξίφη
1410 1804 1548 1860 κατᾶ
1604 1804 1820 1861 πάντων
1878 1805 2006 1883 ἐγύ-

355 1912 562 1963 μνωσε,
595 1891 836 1953 καὶτοὺς
894 1892 1101 1955 ἁθώους
1173 1894 1306 1966 μετᾶ
1360 1897 1468 1948 τῶν
1514 1894 1820 1958 ὑπευθύνων
1875 1916 2005 1951 κατ-

353 1980 555 2033 έκτεινε
611 1978 871 2057 χιλιάδας
929 1981 1095 2047 ἑπτα,
1153 1983 1226 2045 ὡς
1280 1980 1335 2037 δέ
1387 2004 1547 2053 τινες,
1598 1983 1999 2044 πεντεκαίδεκα.

352 2068 439 2142 [Ρ.
475 2071 602 2143 318]
629 2068 839 2140 Ταύτην
880 2072 979 2141 τήν
1038 2073 1320 2148 συμφορὰν
1380 2073 1407 2126 6
1461 2072 1626 2147 μέγας
1677 2069 2003 2150 Ἀμϐρόσιος

354 2157 633 2229 ἀκηκοὼς,
717 2157 1074 2216 Μεδιελᾶνων
1164 2160 1480 2223 ἐπίσκοπος·
1540 2160 1703 2226 πόλις
1789 2159 1847 2217 δὲ
1907 2169 2007 2232 τῆς

356 2245 591 2311 Ἰταλίας
615 2248 773 2319 αὕτηο
808 2248 884 2311 εἰς
915 2247 982 2318 ἥν
1042 2248 1376 2328 ἀφικομένου
1434 2256 1529 2306 τοῦ
1588 2252 1860 2326 βασιλέως
1915 2251 2006 2308 καὶ

358 2339 608 2407 συνήθως
640 2336 716 2402 εἷς
762 2339 853 2393 τὸν
910 2338 1036 2394 ναὸν
1089 2338 1452 2417 βουληθέντος
1509 2340 1769 2404 εἰσελθεῖν
1816 2335 2004 2418 ἔξωθεν

354 2430 463 2480 τῶν
526 2426 814 2502 προθύρων
874 2431 1201 2500 συναντήσας
1271 2429 1299 2484 6
1383 2429 1539 2505 ἆγιος
1592 2429 1834 2487 ἐκώλυσε
1910 2432 2009 2500 τὴν

359 2513 592 2585 εῖσοδον,
628 2512 805 2591 λέγων
835 2516 983 2589 αὐτῷ
1016 2519 1150 2593 μετὰ
1177 2514 1503 2596 παρῥησίας⁸
1539 2518 1654 2577 Οὐκ
1711 2516 1879 2591 οἶδας,
1934 2520 2008 2583 ὡς

362 2604 527 2674 ἔοικε,
572 2606 813 2683 βασιλεῦ,
840 2614 943 2678 τῆς
985 2608 1339 2685 εἰργασμένης
1394 2610 1732 2686 παρανομίας
1789 2612 1852 2667 τὸ
1915 2606 2012 2687 μέ-

361 2697 545 2770 γεθος·
581 2694 702 2752 οὑδὲ
739 2698 842 2772 γὰρ
874 2696 933 2769 ἐᾷ
961 2718 1017 2752 σε
1065 2700 1166 2768 τῆς
1232 2695 1512 2774 βασιλείας
1570 2698 1707 2764 ξ’σως
1762 2703 1796 2771 ἡ
1856 2697 2010 2755 δυνα.

357 2784 506 2839 στεία
538 2786 636 2854 τήν
665 2786 930 2861 ἁμαρτίαν
988 2784 1300 2864 ἐπιγνῶναι·
1340 2788 1446 2843 ὑπὸ
1499 2787 1601 2865 γὰρ
1644 2796 1746 2859 τῆς
1803 2789 2008 2866 ἁλουρ-

360 2871 522 2948 γίδος
555 2874 911 2949 ἀπατώμενος
944 2874 1156 2952 ἀγνοεῖς
1210 2880 1306 2931 τοῦ
1362 2878 1780 2953 καλυπτομένου
1823 2880 2014 2954 σώμα-

362 2983 453 3024 τος
484 2964 586 3032 τήν
615 2962 906 3027 ἀσθένειαν.
973 2963 1133 3021 Ἀλλ’
1190 2964 1321 3039 ἴσθι,
1381 2966 1456 3028 ὡς
1496 2968 1729 3048 φθαρτὸς
1788 2963 1859 3022 ὤν
1920 2966 2011 3025 καὶ

371 3052 608 3125 ῥευστὸς,
644 3054 888 3109 τοιοῦτόν
914 3075 999 3108 σοι
1033 3054 1265 3131 ὑπάρχει
1317 3057 1407 3112 καὶ
1464 3056 1527 3111 τὸ
1569 3063 1668 3127 τῆς
1704 3053 2011 3120 δυναστείας

367 3142 576 3213 κράτος·
644 3141 835 3214 μικρὸν
897 3139 954 3198 δὲ
1040 3141 1258 3218 ὕστερον
1345 3140 1511 3221 λόγον
1572 3142 1876 3207 ἀποδώσεις
1931 3151 2011 3219 τῷ

362 3227 585 3335 ’βασιλεῖ
641 3236 748 3285 τῶν
812 3229 1229 3306 βασιλευόντων.
1293 3228 1481 3295 Ποίοις
1539 3232 1629 3289 οὗν
1695 3233 2005 3313 ὀφθαλμοῖς

403 3321 412 3335 .
541 3320 556 3335 .
696 3324 721 3334 ..
911 3318 938 3335 ν
995 3328 1004 3335 .
1144 3321 1155 3335 ,
1394 3322 1405 3335 ,
1613 3322 1623 3335 .
1763 3319 1805 3335 ..
1984 3321 1997 3335 .

349 3408 410 3460 τὸ
443 3405 672 3463 δάπεδον
707 3409 882 3464 έκεῖνο
939 3410 1200 3480 πατήσεις
1254 3412 1316 3466 τὸ
1372 3411 1526 3486 ἅγιον
1562 3433 1575 3482 ;
1610 3416 1734 3475 Πῶς
1793 3409 1849 3467 δὲ
1903 3415 2002 3474 τὰς

350 3502 544 3569 χεῖρας
576 3499 805 3558 ἐκτενεῖς
839 3499 1245 3568 ἀποσταζούσας
1274 3496 1351 3554 ἔτι
1414 3500 1520 3553 τῶν
1561 3498 1762 3558 ἀδίκων
1824 3503 2000 3582 φόνων

348 3585 411 3639 τὸ
445 3590 638 3661 αῖμα;
686 3592 806 3649 Πῶς
865 3586 923 3644 δὲ
963 3589 1051 3642 καὶ
1110 3591 1387 3650 τοιαύταις
1439 3587 1666 3666 ὑποδέξῃ
1726 3597 1884 3670 χερσῖ
1943 3595 2005 3652 τὸ

354 3678 626 3756 ἄχραντον
658 3684 753 3732 τοῦ
785 3679 1054 3733 Δεσπότου
1094 3684 1254 3753 σῶμα
1283 3698 1296 3747 ;
1353 3684 1475 3744 Πῶς
1543 3680 1601 3737 δὲ
1655 3684 1742 3739 καὶ
1772 3688 1851 3758 τῷ
1883 3687 2004 3743 στό.

364 3791 496 3842 ματι
529 3766 839 3843 προσοίσεις
870 3769 933 3822 τὸ
979 3769 1165 3842 τίμιον
1215 3770 1377 3843 αἷμα,
1435 3775 1693 3827 τοσοῦτον
1747 3772 1835 3831 διὰ
1913 3776 2003 3830 τὸν

355 3863 453 3913 τοῦ
485 3860 660 3931 θυμοῦ
694 3857 856 3930 λόγον
890 3855 1133 3931 έκχέαντι
1185 3860 1503 3933 παράνομον
1552 3862 1694 3933 αἷμα
1729 3881 1742 3931 ;
1799 3864 2002 3919 Λοιπὸν

359 3947 535 4017 ἂπιοι,
590 3947 680 4004 καὶ
742 3948 817 4021 μή
868 3950 1041 4016 πειρῶ
1105 3951 1223 4008 τοῖς
1284 3945 1555 4026 δευτέροις
1615 3952 1713 4020 τήν
1778 3955 2003 4029 πρώτην

357 4036 532 4108 αῧξειν
566 4035 932 4108 παρανομίαν,
976 4035 1066 4089 καὶ
1125 4028 1293 4110 δέχου
1347 4037 1439 4090 τὸν
1501 4033 1717 4110 δεσμὸν,
1775 4041 1820 4115 ᾧ
1878 4044 2007 4106 Θεὸς

364 4123 562 4178 ἄνωθεν
595 4121 792 4199 γίνεται
826 4121 1140 4201 σύμψηφος.
1176 4124 1405 4186 Τούτοις
1437 4126 1525 4180 οὖν
1574 4125 1712 4199 ε’ίξας
1772 4129 1799 4182 ὁ
1851 4132 2005 4203 βασι-

364 4212 491 4275 λεὺς
521 4218 639 4277 τοῖς
671 4212 861 4286 λόγοις
902 4210 1200 4282 ἐπανῆλθεν
1261 4211 1337 4275 εἷς
1383 4214 1450 4268 τὰ
1506 4214 1675 4271 ἐκεῖσε
1734 4218 2005 4294 βασίλεια⁹

365 4302 561 4359 στένων
620 4300 708 4357 καὶ
759 4299 1026 4377 δακρύων.
1076 4306 1272 4371 Μηνῶν
1334 4299 1391 4358 δὲ
1462 4301 1783 4362 διελθόντων
1840 4307 2006 4378 ὀκτὼ,

360 4392 449 4446 καὶ
479 4388 577 4447 τοὺ
606 4388 896 4465 βασιλέως,
934 4390 1010 4462 μὴ
1040 4387 1346 4463 ἐξελθόντος
1404 4390 1548 4448 ἀλλὰ
1607 4392 1857 4473 σφοδρῶς
1920 4419 2010 4471 με-

359 4485 707 4551 τανοοῦντος,
764 4474 1060 4535 κατέλαϐεν
1121 4482 1154 4551 ἡ
1214 4485 1313 4536 τοῦ
1345 4482 1548 4556 Κυρίου
1608 4486 1768 4557 ἡμῶν
1825 4487 2007 4558 Ἰησοῦ

361 4572 596 4647 Χριστοῦ
627 4567 904 4647 γενέθλιος
942 4570 1124 4643 ἑορτή.
1184 4570 1285 4625 Καὶ
1353 4572 1680 4646 θεασάμενος
1730 4576 2005 4651 Ῥουιρῖνος

2116 648 2296 722 impie
2328 649 2680 706 obtrectant.
2714 650 2832 704 Hoc
2864 647 3064 704 audito
3099 647 3420 717 imperator
3448 640 3616 698 valde
3647 641 3758 695 mi-

2113 743 2277 793 ratus
2299 739 2499 794 statim
2522 736 2979 812 legemt‘ertqua
3001 739 3326 792 conventus
3342 730 3759 787 haereticorum

2113 826 2675 899 prohibentur.Huic
2707 827 2859 883 bono
2892 826 3181 889 diabolus,
3215 820 3566 878 omnisboni
3602 835 3757 885 osor,

2114 918 2382 974 invidens
2410 918 2542 973 suavi
2557 923 2731 989 atque
2754 914 3064 972 inhumani
3086 912 3366 969 facinoris
3388 914 3594 967 auctor
3624 908 3755 964 fuit.

2114 1008 2256 1062 Nam
2297 1023 2431 1062 cum
2454 1008 2776 1079 imperator
2804 1002 2965 1077 Cpoli
3005 998 3253 1060 Romam
3275 998 3657 1074 proficiscens
3688 1016 3757 1051 eo

2112 1095 2325 1151 itinere
2354 1094 2829 1153 Thessalonicam
2891 1091 3241 1160 divertisset,
3289 1089 3626 1160 militesque
3658 1102 3757 1141 ur-

2110 1185 2245 1240 bem
2278 1185 2632 1258 quibusdam
2662 1184 2840 1241 rebus
2867 1181 3343 1246 conturbassent,
3389 1177 3760 1234 Thessaloni-

2111 1291 2318 1331 censes
2351 1275 2639 1331 seditione
2668 1273 2822 1329 facta
2848 1273 3264 1345 imperatorem
3296 1266 3726 1340 injuriisat'fece
3746 1294 3760 1308 -

2110 1381 2220 1418 run
2232 1368 2251 1417 t
2263 1369 2320 1419 et
2333 1365 2617 1437 quosdam
2634 1364 2760 1436 ejus
2779 1361 3087 1435 praefectos
3102 1358 3397 1432 lapidibus
3412 1355 3757 1412 obruerunt.

2109 1455 2437 1525 Imperator
2457 1471 2518 1508 re
2552 1452 2837 1517 inaudita,
2864 1451 2966 1505 iraa
2994 1451 3280 1522 impetum
3300 1463 3420 1501 non
3435 1443 3757 1511 sustinens,

2109 1543 2386 1614 praefecto
2409 1542 2573 1598 urbis
2604 1542 2732 1612 ejus
2762 1541 2991 1597 facinus
3033 1539 3091 1595 id
3138 1534 3557 1593 vindicandum
3599 1548 3758 1588 com-

2113 1630 2292 1686 misit.
2327 1632 2381 1687 Is
2410 1632 2643 1686 tantum
2666 1630 2945 1703 potentia)
2977 1627 3244 1701 adeptus,
3278 1631 3344 1681 ut
3374 1629 3499 1679 erat
3530 1621 3758 1695 legibus

2113 1720 2340 1775 solutus
2374 1723 2683 1793 tyrannus,
2745 1719 2998 1791 injustos
3055 1716 3282 1789 gladios
3341 1716 3549 1769 contra
3604 1712 3758 1767 cives

2113 1810 2370 1873 strinxit,
2401 1809 2785 1879 insontesque
2810 1824 2933 1864 una
2961 1824 3095 1863 cum
3123 1804 3393 1862 sontibus
3418 1801 3755 1869 trucidavit,

2111 1897 2302 1953 millia
2328 1898 2638 1953 hominum
2670 1903 2699 1951 7
2733 1897 2818 1953 vel
2872 1898 2958 1970 (ut
3014 1895 3115 1951 alii
3177 1892 3436 1964 tradunt)
3473 1895 3556 1946 15.
3592 1890 3753 1945 Hanc

2111 1987 2339 2043 cladem
2372 2005 2504 2042 cum
2537 1988 2897 2059 percepisset
2927 1987 3122 2041 clarus
3153 1984 3253 2038 ille
3274 1981 3756 2047 Ambrosius,Me-

2112 2075 2332 2131 diolani
2366 2075 2529 2148 (urbs
2557 2092 2627 2131 ea
2656 2081 2744 2131 est
2789 2074 2988 2145 italiae)
3020 2073 3351 2145 episcopus,
3385 2068 3751 2141 imperatori,

2114 2182 2245 2221 cum
2279 2164 2328 2221 is
2358 2165 2751 2221 Mediolanum
2779 2165 3036 2221 venisset
3064 2178 3132 2218 ac
3163 2162 3233 2216 de
3274 2176 3438 2216 more
3472 2158 3759 2230 templum

2112 2256 2263 2310 inire
2292 2254 2632 2322 vellet,ante
2662 2248 3015 2309 vestibulum
3039 2252 3267 2306 obviam
3287 2266 3348 2304 se
3372 2247 3535 2304 dedit
3556 2246 3759 2301 introi-

2111 2350 2293 2415 tuque
2322 2342 2836 2416 prohibuit,libere
2867 2342 3109 2397 dicens:
3140 2341 3758 2412 Ignoras,utapparet,

2113 2436 2454 2506 imperator,
2486 2431 2807 2504 perpetrati
2842 2430 3050 2503 flagitii
3079 2429 3423 2502 gravitatem
3449 2442 3462 2493 ;
3488 2438 3683 2495 neque
3705 2428 3763 2476 te

2111 2521 2629 2593 fortassisimperii
2653 2524 2913 2593 potestas
2943 2519 3085 2573 sinit
3105 2521 3410 2590 peccatum
3426 2528 3764 2586 agnoscere.

2114 2614 2255 2669 Nam
2287 2628 2320 2667 a
2351 2626 2613 2684 purpura
2642 2610 2925 2682 deceptus
2955 2607 3222 2680 corporis
3270 2622 3338 2661 ea
3366 2604 3539 2659 velati
3574 2602 3762 2657 imbe-

2115 2701 2424 2757 cillitatem
2458 2698 2675 2756 nescis.
2710 2701 2803 2755 Sic
2843 2699 2989 2756 551
3029 2697 3179 2753 habe
3214 2712 3227 2750 :
3261 2691 3762 2767 quemadmodum

2115 2805 2327 2862 corpus
2360 2795 2526 2845 tuum
2558 2790 2782 2844 ﬂuxum
2807 2790 2896 2843 est
2924 2793 3099 2857 atque
3122 2782 3557 2851 caducum,tale
3580 2782 3758 2835 etiam

2115 2897 2246 2935 esse
2271 2880 2352 2935 tui
2388 2880 2619 2952 imperii
2646 2878 2847 2943 robur,
2881 2893 2948 2932 ac
2981 2881 3034 2930 te
3067 2875 3242 2948 paulo
3286 2880 3421 2944 post
3467 2872 3759 2926 factorum

2116 2975 2351 3024 tuorum
2374 2968 2511 3040 Regi
2543 2978 2749 3040 regum
2781 2965 3071 3021 rationem
3112 2962 3504 3018 redditurum.
3538 2958 3764 3024 Quibus

2114 3073 2247 3113 vero
2279 3058 2466 3114 oculis
2488 3055 2818 3112 intueberis
2832 3053 3166 3110 communis
3187 3050 3422 3107 Domini
3444 3045 3769 3118 templum?

2115 3146 2328 3219 quibus
2357 3145 2608 3219 pedibus
2639 3159 2873 3201 sacrum
2903 3141 3051 3197 illud
3082 3140 3271 3197 solum
3296 3137 3553 3195 calcabis
3578 3137 3769 3207 Ὑί]υο-

2117 3239 2292 3293 modo
2325 3250 2536 3293 manus
2564 3235 2835 3292 intendes
2859 3233 3186 3289 etiamnum
3235 3230 3593 3302 injustarum
3632 3227 3767 3282 ista-

812 3287 822 3306 ι
1218 3287 1226 3289 -
1467 3287 1479 3295 -
1548 3287 1559 3289 ‘
1615 3287 1619 3288 '
1704 3287 1715 3289 ‘
1772 3287 1794 3298 ν
1838 3287 2002 3307 "0""

357 3313 473 3391 ὄψει
504 3320 594 3374 τὸν
627 3324 725 3375 τοὺ
754 3318 941 3375 κοινοῦ
979 3321 1255 3377 Λεσπὸτου
1310 3322 1438 3377 ναόν
1473 3342 1487 3391 ;
1529 3322 1706 3391 ποίοις
1739 3287 1818 3378 ιδὲ
1874 3321 2000 3378 ποσὶ

2114 3344 2247 3383 rum
2280 3327 2530 3383 caadium
2562 3327 2909 3398 sanguinem
2941 3319 3272 3378 stillantes?
3294 3287 3597 3391 quomodo
3629 3315 3765 3371 tali-

2113 3417 2223 3472 bus
2255 3416 2531 3472 manibus
2565 3415 2824 3486 excipies
2856 3412 3205 3468 inviolatum
3236 3409 3470 3465 Domini
3493 3424 3708 3480 corpus
3738 3402 3767 3458 Ἰ

2113 3507 2408 3578 quomodo
2439 3504 2842 3562 venerandum
2873 3503 3220 3575 sanguinem
3253 3499 3341 3556 ori
3373 3505 3472 3555 tuo
3490 3498 3768 3554 admove-

2115 3597 2224 3666 bis,
2258 3597 2427 3669 cujus
2460 3608 2735 3652 sermone
2766 3590 2838 3649 ab
2867 3592 2971 3648 ira:
3002 3592 3200 3646 furore
3239 3588 3501 3662 profecto
3530 3592 3763 3643 tantum

2117 3686 2421 3760 sanguinis
2440 3704 2546 3759 per
2567 3685 2734 3741 nefas
2764 3681 3009 3738 fudisti‘?
3047 3677 3304 3735 Proinde
3336 3678 3429 3732 abi
3477 3678 3633 3746 hinc,
3668 3693 3767 3730 ne-

2117 3796 2230 3852 que
2264 3790 2477 3833 conare
2510 3775 2691 3847 priori
2722 3772 3193 3844 ﬂagitio‘novum
3228 3766 3468 3834 addere,
3504 3766 3594 3821 vel
3641 3764 3765 3821 vin-

2117 3866 2315 3923 culum
2347 3868 2569 3938 patere,
2603 3860 2761 3935 quod
2791 3863 2941 3915 Deus
2971 3870 3224 3931 superne
3265 3856 3627 3926 comprobat.
3662 3854 3761 3910 His

2116 3954 2305 4011 verbis
2319 3952 2533 4009 cedens
2565 3948 2962 4022 imperatorin
2985 3948 3205 4018 regiam
3229 3945 3356 4016 ejus
3377 3944 3540 4000 urbis
3571 3960 3761 3998 reces-

2119 4046 2212 4111 sit,
2244 4058 2486 4115 gemens
2537 4045 2713 4110 atque
2762 4037 3021 4110 plorans.
3079 4034 3377 4089 Mensibus
3436 4033 3575 4087 inde
3627 4039 3759 4088 octo

2117 4132 2357 4203 elapsis,
2391 4136 2447 4184 et
2478 4144 2612 4200 rege
2644 4129 2703 4181 in
2735 4126 3038 4198 publicum
3096 4138 3216 4177 non
3275 4123 3625 4193 prodeunte,
3656 4120 3758 4176 sed

2117 4218 2466 4294 pmnitentia
2495 4234 2623 4273 sese
2653 4214 2996 4283 afﬂictante,
3028 4211 3191 4267 feriae
3223 4212 3505 4265 natalitiw
3527 4211 3760 4265 Domini

2119 4311 2514 4383 oppetierunt.
2572 4305 2658 4361 lbi
2711 4304 2959 4361 Rufinus
2988 4303 3288 4372 magister,
3322 4300 3526 4358 videns
3557 4316 3629 4353 ne
3689 4299 3761 4354 de

2119 4416 2282 4455 more
2303 4397 2544 4472 quidem
2591 4395 2983 4469 proditurum,
3035 4393 3118 4447 ita
3145 4391 3361 4447 affatur
3390 4405 3407 4444 :
3432 4388 3490 4442 Si
3520 4388 3623 4454 vis,
3656 4389 3762 4443 do-

2118 4491 2301 4557 mine,
2333 4500 2637 4543 accurram
2668 4484 2741 4540 ad
2774 4484 3139 4555 episcopum,
3188 4480 3361 4550 eique
3390 4477 3761 4550 persuadebo

2117 4583 2183 4633 ut
2211 4584 2267 4633 te
2299 4575 2532 4632 vinculo
2564 4573 2766 4630 solvat.
2798 4572 2960 4635 Novi,
3003 4570 3197 4642 inquit
3244 4568 3586 4641 imperator,
3619 4571 3763 4623 Ant-

362 4660 388 4714 6
425 4658 719 4735 μάγιστρος
750 4656 833 4713 ὅτε
866 4652 990 4711 οὐδέ
1026 4658 1125 4727 τήν
1159 4659 1360 4730 συνήθη
1434 4659 1755 4734 προέλευσιν
1810 4636 2002 4739 ﬁci-51;.

2117 4666 2301 4725 brosii
2330 4667 2638 4740 prazcisam
2663 4636 3243 4737 justitiam.Tandem
3276 4636 3550 4714 Ruﬁnum
3575 4659 3762 4713 multa

360 4770 447 4805 ται
488 4753 718 4816 ποιῆσαι
777 4746 804 4801 6
865 4744 1140 4821 βασιλεὺς,
1204 4745 1353 4822 λέγει
1412 4744 1576 4823 αύτῷ·
1630 4750 1691 4808 Et
1746 4752 2006 4831 κελεύεις,

2119 4758 2379 4815 locutum
2416 4756 2487 4811 de
2518 4771 2602 4825 re,
2636 4770 2703 4809 ac
2732 4751 3063 4824 pollicitum
3095 4766 3157 4805 se
3187 4748 3540 4805 solutionem
3572 4749 3762 4820 impe-

1556 4849 1916 4909 XYLANDRI
1957 4854 2043 4912 ET
2083 4855 2292 4914 GOABI
2328 4854 2552 4910 ΝΟΤᾹΞ.

446 4930 850 5006 28)-Διάἶτίας
883 4929 1154 5006 τινας-ρει
1208 4936 1361 5005 apud
1417 4934 1724 4996 Zonaram.
1786 4942 1998 4999 Noster

350 5002 529 5063 habet
550 5003 639 5059 διὰ
674 5002 1055 5075 μιτάτα,(ιιιο‹1
1086 5002 1362 5075 quid—sibi
1386 5009 1522 5063 velit
1544 5025 1663 5065 non
1688 5028 1996 5075 assequor.

351 5079 620 5134 Historim
652 5079 796 5151 hac
810 5082 901 5144 est
928 5082 1146 5151 praeter
1173 5084 1419 5151 casteros
1462 5082 1617 5151 apud
1674 5079 2001 5143 Theodore-

352 5157 475 5205 tum
507 5152 652 5223 Hist.
685 5148 871 5203 eccles.
915 5165 968 5223 v,
1020 5148 1318 5223 i_7,_apud_
1356 5148 1745 5210 Sozomenum
1780 5173 1869 5218 vn,
1906 5161 1997 5223 24,

350 5221 745 5299 Nicephorum
777 5236 877 5299 xuz
910 5221 997 5273 40.
1032 5219 1146 5275 Sed
1197 5219 1392 5299 μιτᾷτκ
1423 5223 1641 5299 nullibi
1679 5219 1994 5297 quadram;

350 5294 465 5347 Nisi
496 5298 797 5346 certamen
829 5292 1093 5344 circense
1159 5292 1408 5347 mitaton
1459 5292 1714 5358 dixeritf
1751 5316 1785 5352 a
1826 5302 1995 5354 metis

349 5363 563 5433 quibus
594 5361 653 5416 id
682 5360 1101 5433 includeretur.
1132 5362 1268 5417 XvL.
1303 5394 1370 5403 ——
1402 5366 1488 5419 Ad
1526 5374 1743 5422 metam
1789 5371 1882 5423 hic
1914 5370 1994 5424 al-

347 5432 486 5489 lisus
508 5434 669 5503 jacet
702 5432 1268 5510 Xyl_ander,nesci_us
1301 5434 1731 5510 decertationes
1760 5440 1991 5510 auriga-

348 5523 475 5560 rum
508 5522 714 5560 currus
746 5504 820 5557 ad
863 5511 1063 5557 metum
1116 5507 1451 5573 agitantium
1499 5507 1558 5561 in
1618 5504 1993 5567 Circensibus

345 5577 498 5632 ludis
530 5575 721 5630 vocari
758 5573 971 5645 μιτάτα,
990 5575 1347 5646 easdemque
1377 5579 1991 5641 Thessalonicensium

346 5647 619 5704 seditioni
652 5662 855 5719 ansam
883 5645 1228 5719 prgebuisse,
1256 5647 1329 5701 de
1361 5665 1479 5719 qua
1509 5648 1864 5719 Sozomenus
1894 5671 1988 5719 vn,

349 5721 586 5795 25:11!
615 5722 716 5795 τῆς
766 5713 1034 5795 ἁμαρτίας
1091 5713 1616 5795 πριόερασιζτοιάδε·
1672 5713 1990 5795 Βωτερίχου

351 5743 447 5776 1.0;
504 5743 586 5802 ΠΥ.
615 5743 715 5784 της
766 5743 1034 5789 αμαρτιας
1091 5743 1358 5790 πρυφασις
1413 5743 1616 5773 τοιαυε·
1672 5743 1878 5795 ῡωτερι
1928 5745 1989 5779 ου

347 5789 466 5844 τότε
491 5807 590 5843 του
619 5785 934 5866 ἡγουμένου
964 5789 1072 5842 τῶν
1112 5784 1401 5864 Ἰλλυριῶν
1432 5795 1775 5870 στρατιωτῶν
1826 5743 1989 5867 6&0-

2109 4964 2221 5019 xo;
2242 4945 2332 5019 τὸν
2368 4940 2619 5019 οἰνοχόον
2644 4937 2895 5019 αἰσχρῶς
2926 4933 3079 5019 ἰδὼν,
3122 4932 3514 5019 ἐπείρασεὶκαὶ
3538 4931 3759 5019 ,συλλη-

2108 5002 2258 5093 {pO-si;
2286 5013 2340 5093 ἐν
2372 5002 2583 5093 φρούρᾷ
2605 5081 2617 5093 ο
2637 5010 2723 5079 ἧν.
2745 5002 3184 5093 ’Ἶβπισήμουυδὲ
3239 5002 3611 5093 ’ἱπποδρομίας
3638 5002 3754 5091 ἐπὶ·

2108 5030 2258 5093 φυεῐς
2286 5030 2340 5068 εν
2372 5030 2583 5138 φρουίᾳ
2637 5030 2723 5079 ην.
2786 5030 3095 5080 ίιιλπισημου
3127 5030 3184 5060 οε
3245 5030 3611 5079 ιπποορομιας
3638 5030 3750 5059 επι-

2106 5086 2375 5143 τελεῖσθαι
2412 5083 2514 5155 μελ
2560 5081 2749 5155 ούσῃς,
2783 5082 2856 5142 ὡς
2888 5080 3207 5155 ᾀναγκαῖονι
3232 5078 3308 5155 εἷς
3364 5080 3463 5155 τὴν
3520 5077 3750 5155 ἀγωνίαν

2106 5146 2831 5227 ὁθεσσαλονικέωνᾳδῖῆμος
2884 5146 3069 5227 ἐζήτει.
3117 5148 3383 5227 ἀφίεσθαν
3419 5148 3492 5209 ὡς
3541 5146 3597 5203 δὲ
3654 5147 3755 5204 οὐκ

2103 5230 2284 5297 ἣνυεν,
2315 5228 2389 5301 εἷς
2422 5224 2673 5301 χαλεπὴν
2702 5217 2937 5301 κατέστη*
2966 5217 3182 5301 ’στάσιες
3218 5217 3424 5301 Fateor
3479 5226 3677 5275 tamen
3719 5238 3753 5277 a

2100 5292 2511 5366 inﬂationibus,
2547 5297 2760 5366 quibus
2816 5296 2972 5366 inter
3026 5292 3526 5366 proficiscendum
3560 5298 3752 5366 castra

2102 5363 2586 5434 morarenturﬁa‘l
2619 5364 2815 5439 μιτάτα
2848 5363 3080 5419 deduci.
3117 5363 3363 5439 Legatur
3406 5364 3752 5439 Pancirolus

2100 5444 2161 5497 in
2193 5445 2462 5514 Notitiam
2480 5434 2705 5514 imperii
2724 5455 2774 5492 c.
2798 5452 2934 5501 va;
2968 5442 3027 5490 et
3046 5435 3389 5514 auctoripse
3414 5434 3473 5514 in
3494 5436 3752 5491 Adriano

2099 5531 2237 5568 voce
2290 5513 2397 5567 hac
2450 5506 2666 5567 iterum
2724 5514 2899 5561 utens
2958 5506 3199 5561 nonnisi
3250 5508 3510 5561 secundo
3571 5523 3752 5562 sensu

2093 5590 2360 5657 usurpat.
2394 5583 2781 5657 The0phanels
2813 5579 2990 5657 etiam
3014 5577 3225 5657 scribit
3255 5576 3538 5657 populum
3567 5577 3641 5632 ad
3665 5595 3751 5631 se-

2097 5647 2383 5712 ditionem
2423 5647 2652 5710 motum
2684 5647 2773 5704 διὰ
2801 5651 2867 5703 τα
2902 5648 3097 5720 μιτάτα
3124 5652 3221 5703 τοῦ
3254 5647 3747 5721 στρατοῦ,ρνοριεν

2094 5734 2396 5785 castrorum
2423 5726 2763 5784 metationes.
2786 5723 2959 5779 Gom.
