4126 6296
388 383 513 443 607
1755 383 2071 446 GEORGII
2115 382 2462 445 CEDRENI
3665 393 3771 454 608

383 521 700 584 traturum,
732 516 992 582 dimisit;
1023 534 1090 572 ac
1118 534 1237 573 non
1277 519 1465 574 multo
1505 523 1639 591 post
1687 519 1813 590 ipse
1862 517 2037 572 lacta-

2154 509 2407 586 δέσποτα,
2441 512 2758 591 δραμοῦμαι
2805 518 2896 572 καὶ
2952 519 3047 574 τὸν
3113 517 3368 594 ἀρχιερέα
3423 523 3588 578 πείσω
3634 521 3774 580 λῦσαί

388 612 480 660 tus
512 623 615 676 spe
646 606 999 660 subsecutus
1031 607 1333 662 hominem
1359 613 1464 662 est.
1491 607 1842 663 Ambrosius
1860 604 2042 659 simul

389 700 566 766 atque
599 695 876 750 Ruﬁnum
934 697 1242 768 conspexit
1271 713 1282 752 :
1317 697 1656 766 Emularis,
1689 697 1792 763 ait,
1827 709 2040 750 canum

385 783 839 854 impudentiam,
873 785 1107 852 Ruﬁne,
1136 785 1236 856 qui
1273 791 1389 840 tam
1432 787 1698 842 scelestae
1752 784 1907 842 558
1939 800 2044 837 caa-

391 873 481 928 dis
513 874 710 928 socius
739 890 806 929 ac
837 891 1045 930 suasor
1072 875 1256 931 fuisti.
1291 879 1364 932 Et
1391 877 1634 948 quidem
1694 892 1801 948 ego
1847 874 2041 928 denuo

391 963 816 1034 imperatorum
846 963 1072 1018 foribus
1087 965 1291 1036 templi
1315 965 1662 1036 prohibebo.
1689 967 1820 1020 Haec
1842 962 2044 1018 audita

386 1053 661 1108 celeriter
689 1055 935 1108 Ruﬁnus
965 1052 1310 1124 imperatori
1350 1056 1664 1110 nuntiavit.
1713 1055 2044 1124 Imperator

384 1141 582 1197 media
605 1141 730 1212 jam
762 1142 854 1197 via
883 1143 1150 1197 confecta
1170 1144 1448 1198 nuntium
1478 1143 1801 1214 accipiens,
1827 1140 2040 1209 Adibo,

390 1231 606 1300 inquit,
657 1233 1022 1302 meritasque
1077 1232 1372 1304 perferam
1430 1232 1846 1288 contumelias.
1876 1231 1950 1284 Ut
1978 1229 2042 1284 in

387 1320 677 1390 templum
709 1321 887 1386 venit,
919 1320 992 1376 ab
1023 1321 1299 1393 episcopo
1358 1322 1647 1392 majorem
1678 1321 1740 1374 in
1797 1318 2040 1374 modum

389 1407 674 1480 ﬂagitavit
726 1415 792 1464 ut
835 1425 895 1464 se
927 1409 1176 1464 vinculis
1222 1410 1495 1475 solveret,
1529 1408 1874 1465 Ambrosius
1905 1423 2040 1462 vero

386 1499 764 1566 tyrannicum
797 1515 925 1554 esse
959 1499 1117 1554 hunc
1174 1499 1492 1555 adventum
1533 1505 1592 1554 et
1619 1499 2042 1570 imperatorem

385 1593 592 1644 contra
643 1590 828 1643 Deum
859 1589 1056 1644 furere
1103 1589 1272 1646 dixit.
1303 1589 1416 1644 Sed
1456 1588 1824 1643 Theodosius
1878 1577 2042 1658 gravi

377 1677 659 1732 maestitia
687 1693 755 1733 ac
785 1677 994 1733 dolore
1017 1677 1218 1733 cordis
1236 1684 1650 1750 compunctus,
1675 1674 2041 1748 respondere

377 1783 499 1821 non
530 1785 590 1822 se
623 1769 807 1824 sacris
828 1769 1157 1824 canonibus
1181 1769 1458 1824 ferociter
1474 1767 1842 1841 repugnandi
1867 1782 2045 1821 causa

379 1855 608 1924 adesse,
644 1857 748 1912 sed
780 1857 1196 1912 liberationem
1227 1858 1600 1913 vinculorum
1649 1855 2041 1928 efﬂagitandi.
2073 1875 2120 1941 Β

385 1945 787 2020 Interrogatus
819 1948 891 2003 ab
913 1948 1190 2020 episcopo
1224 1965 1402 2019 quam
1435 1954 1568 2019 post
1619 1953 1850 2002 tantum
1899 1945 2044 2002 faci-

384 2053 499 2092 nus
529 2038 1005 2109 resipiscentiam
1036 2038 1824 2109 demonstrasset,quibusve
1851 2051 2044 2090 reme-

385 2127 498 2181 diis
517 2134 731 2184 sanatu
747 2128 1018 2184 difﬁcilia
1046 2128 1159 2183 ista
1189 2128 1436 2184 vulnera
1456 2127 2045 2199 procurasset,Tuum

384 2223 492 2285 est,
527 2218 743 2290 inquit,
777 2219 1212 2275 medicamenta
1236 2219 1451 2274 docere
1475 2223 1654 2289 atque
1688 2223 2043 2289 temperare,

383 2324 586 2362 meum
615 2308 908 2379 imperata
927 2309 1142 2364 facere.
1163 2308 1248 2362 lbi
1275 2309 1517 2363 demum
1543 2308 1887 2362 Ambrosius
1918 2307 2000 2362 ait
2025 2323 2038 2360 :

385 2395 675 2459 Quoniam
725 2397 786 2450 in
825 2395 1154 2468 judicando
1215 2396 1365 2450 iram
1424 2413 1488 2451 es
1545 2401 1806 2463 secutus,
1855 2395 2042 2466 legem

385 2500 545 2538 nunc
575 2500 728 2555 pone
758 2501 889 2555 quaa
921 2485 1022 2539 iraa
1055 2485 1291 2540 decreta
1317 2484 1705 2552 rescindat,ut
1734 2483 2040 2538 sententias

387 2572 671 2644 capitales
704 2577 762 2627 et
791 2573 864 2628 de
912 2573 1316 2645 publicatione
1354 2573 1646 2628 bonorum
1696 2573 2038 2644 perscriptas

391 2662 836 2734 suspendantur
863 2679 971 2736 per
999 2663 1241 2734 triginta
1278 2661 1424 2729 dies,
1458 2662 1598 2717 dum
1621 2667 1781 2717 recta
1809 2661 2038 2716 ratione

390 2751 738 2807 examinata:
771 2751 1194 2824 dijudicentur.
1227 2753 1372 2807 Cum
1429 2751 1616 2824 legem
1663 2767 1788 2806 eam
1837 2751 2036 2806 statim

388 2841 639 2896 dictaret
667 2841 1028 2896 Theodosius
1059 2846 1118 2896 et
1147 2857 1254 2896 sua
1277 2857 1454 2896 manu
1479 2840 1872 2912 subscriptam
1895 2857 2036 2894 con-

385 2930 670 2998 ﬁrmaret,
711 2931 1056 2986 Ambrosius
1087 2931 1318 2986 vinculo
1350 2947 1484 2986 eum
1517 2929 1688 2985 solvit
1707 2944 2036 3001 passusque

387 3026 475 3075 est
506 3019 567 3074 in
601 3021 883 3092 templum
914 3021 1160 3077 intrare.
1191 3019 1552 3076 Theodosius
1583 3021 1886 3092 ingressus
1903 3035 2036 3090 pro-

385 3126 498 3165 nus
527 3109 591 3164 in
611 3110 1012 3180 pavimentum
1045 3110 1380 3180 procubuit,
1394 3110 1627 3180 altaque
1643 3126 1783 3164 voce
1801 3108 2030 3164 clama-

2155 623 2212 657 σε
2243 607 2340 658 τοῦ
2371 601 2600 678 δεσμοῦ.
2640 607 2702 664 ’0
2733 603 2810 675 δὲ,
2853 604 2995 664 Οἶδα
3034 607 3160 682 ἐγω,
3193 609 3346 686 φησὶ,
3398 613 3496 680 τήν
3552 609 3777 688 Ἀμϐρο-

2154 690 2273 747 σίου
2335 689 2635 771 ἀκρίϐειαν.
2689 696 2838 752 Ἐπεὶ
2901 693 2960 751 δὲ
3013 695 3232 752 πλείοσι
3285 696 3472 772 λόγοις
3504 706 3774 775 χρησάμε-

2149 800 2240 842 νος
2293 781 2322 835 6
2380 786 2664 863 Ῥουφῖνός
2717 785 2924 840 πείθειν
2998 785 3290 861 ὑπέσχετο,
3359 786 3604 843 ἀπελθεῖν
3681 789 3781 845 ἐκέ-

2154 869 2334 928 λευσε.
2391 873 2474 946 Τῇ
2534 870 2717 928 ἐλπίδι
2775 870 2834 928 δὲ
2895 873 3258 948 βουκοληθεὶς
3312 875 3654 948 ἠκολούθησε
3700 881 3778 934 καὶ

2151 957 2314 1022 αὐτὸς
2365 963 2483 1033 μετ’
2549 959 2761 1038 ὀλίγον.
2821 962 3026 1020 Αὐτίκα
3080 965 3259 1019 τοίνυν
3316 961 3448 1020 ίδὼν
3503 967 3592 1020 τὸν
3639 967 3776 1022 Ῥου.

2153 1055 2307 1128 φῖνον
2366 1046 2702 1127 Ἀμϐρόσιος
2757 1051 2886 1131 ’ἔφη’
2963 1054 3077 1122 Τὴν
3131 1059 3303 1108 κυνῶν
3380 1053 3661 1126 ἀναίδειαν,
3734 1057 3774 1110 ὦ

2149 1141 2421 1218 Ῥουφῖνι,
2511 1141 2726 1214 ζηλοῖς,
2779 1145 3050 1215 τοσαύτης
3121 1145 3430 1221 μιαιφονίας
3516 1147 3778 1223 γενόμενος

2155 1228 2394 1304 μέτοχός
2451 1252 2509 1286 τε
2562 1232 2652 1286 καὶ
2712 1227 3050 1306 σύμϐουλος.
3117 1231 3280 1290 Ἀλλ’
3337 1233 3448 1311 ἐγὼ
3499 1237 3586 1289 καὶ
3637 1233 3781 1290 πάλιν

2151 1315 2310 1373 αὺτὸν
2339 1319 2575 1376 κωλύσω
2604 1327 2710 1376 τῶν
2744 1322 2904 1397 ἱερῶν
2952 1317 3206 1392 ἐπιϐῆναι
3262 1324 3574 1398 προθύρων.
3619 1326 3780 1380 Ταῦτα

2151 1406 2382 1469 ἀκούσας
2405 1411 2681 1486 Ῥουφῖνος
2739 1407 2987 1480 ἐδήλωσε
3037 1415 3117 1483 τῷ
3172 1409 3394 1486 βασιλεῖ
3453 1413 3681 1487 ταχέως.
3726 1411 3778 1468 Ὀ

2152 1493 2209 1550 δὲ
2270 1495 2524 1572 βασιλεὺς
2577 1499 2712 1554 κατὰ
2771 1499 2939 1573 μὲσην
2995 1504 3156 1556 τοῦτο
3246 1501 3453 1574 μαθών·
3523 1499 3775 1570 ’Δπέλθω,

2153 1587 2307 1660 φησί,
2337 1588 2552 1650 καὶτὰς
2585 1585 2794 1650 δικαίας
2851 1585 3073 1662 δέξομαι
3138 1588 3448 1664 παροινίας.
3508 1589 3639 1647 Εἶτα
3688 1609 3780 1644 πα-

2152 1677 2512 1751 ραγενόμενος
2543 1677 2618 1740 εἰς
2640 1685 2739 1746 τὴν
2773 1675 3068 1750 ἐκκλησίαν
3123 1675 3394 1734 ἐδυσώπει
3449 1679 3542 1734 τὸν
3597 1678 3772 1753 ἀρχιεο

2153 1761 2247 1838 ρέα
2302 1763 2532 1836 λυθῆναι
2595 1771 2694 1822 τοῦ
2773 1764 2995 1841 δεσμοῦ.
3060 1767 3157 1825 Καὶ
3235 1770 3264 1823 6
3323 1769 3422 1842 μὶν
3481 1767 3781 1844 τυραννικὴν

2150 1852 2409 1910 ἀπεκάλει
2441 1857 2539 1926 τὴν
2572 1857 2890 1932 παρουσίαν,
2947 1858 3038 1912 καὶ
3094 1860 3229 1912 κατὰ
3277 1861 3413 1913 Θεοῦ
3476 1854 3780 1930 μεμηνέναι·

2156 1943 2184 1996 6
2217 1939 2274 1997 δὲ
2333 1943 2467 2018 μετά
2522 1946 2977 2021 σκυθρωπότητος
3037 1945 3128 2000 καὶ
3169 1945 3393 2011 πολλῆς
3448 1944 3779 2017 κατανύξεως,

2155 2032 2232 2090 Οὐ
2291 2035 2710 2108 θρασυνόμενος,
2774 2033 2902 2112 ἔφη,
2956 2035 3093 2091 κατὰ
3155 2041 3262 2091 τῶν
3315 2037 3486 2111 ἁγίων
3537 2034 3777 2102 κανόνων,

2153 2120 2302 2178 ἀλλὰ
2330 2121 2488 2179 λῦσαί
2529 2145 2597 2197 με
2635 2128 2744 2178 τῶν
2799 2121 3012 2198 δεσμῶν
3068 2124 3313 2196 ἀξιώσων
3374 2123 3630 2194 ἐλήλυθα.
3684 2120 3772 2178 Καὶ

2151 2213 2334 2284 ποίαν,
2362 2217 2442 2286 [Ρ.
2477 2217 2601 2288 319]
2636 2213 2790 2292 φησὶ,
2848 2215 3129 2288 μετάνοιαν
3187 2213 3393 2286 ἔδειξας
3449 2214 3577 2288 μετᾶ
3627 2233 3778 2286 παρα-

2150 2301 2344 2376 νομίαν
2369 2303 2636 2374 τοσαύτην
2671 2322 2685 2374 ;
2716 2301 2753 2374 ἤ
2784 2304 2968 2365 ποίοις
3021 2302 3337 2380 φαρμάκοις
3396 2303 3558 2372 ἀξίως
3610 2299 3778 2374 ἐθερά-

2149 2409 2348 2452 πευσας
2379 2391 2447 2444 τὰ
2487 2387 2708 2446 δυσίατα
2743 2392 3028 2465 τραύματα
3059 2408 3073 2460 ;
3107 2391 3212 2446 Καὶ
3271 2391 3302 2444 ὂ
3368 2387 3634 2466 βασιλεύς·
3690 2387 3778 2442 Σὸν

2149 2473 2304 2554 ἔργον
2359 2476 2470 2533 ἐστὶ
2527 2480 2590 2535 τὸ
2651 2476 2818 2550 δεῖξαι
2875 2481 2968 2553 μὶν
3024 2480 3112 2534 καὶ
3145 2479 3372 2554 κεράσαι
3426 2479 3492 2534 τὰ
3527 2477 3775 2555 φάρμακα,

2149 2565 2280 2639 ἐμὸν
2314 2564 2372 2622 δὲ
2407 2568 2471 2622 τὸ
2501 2565 2767 2638 δέξασθαι.
2799 2569 2936 2626 Τότε
2988 2569 3186 2624 λοιπὸν
3237 2563 3574 2642 Ἀμϐρόσιος
3627 2565 3772 2641 λέγει·

2146 2654 2372 2726 Ἐπειδή
2428 2661 2511 2730 τῷ
2568 2662 2726 2730 θυμῷ
2779 2658 2842 2713 τὸ
2901 2655 3136 2726 δικάζειν
3195 2655 3530 2732 ἐπιτρέπεις,
3585 2656 3768 2730 γράψον

2144 2744 2314 2819 νόμον
2341 2749 2437 2801 τοῦ
2491 2750 2665 2819 θυμοῦ
2727 2747 2822 2809 τὰς
2882 2747 3100 2820 ψήφους
3149 2745 3330 2822 ἀργὰς
3387 2750 3650 2813 ποιοῦντα,
3691 2741 3768 2796 καὶ

2144 2834 2356 2908 ἡμέρας
2388 2833 2434 2889 λ’
2465 2835 2522 2888 αἱ
2551 2835 2772 2914 φονικαί
2826 2855 2885 2890 τε
2947 2835 3037 2889 καὶ
3095 2833 3432 2908 δημευτικαὶ
3493 2833 3762 2908 μενέτωσαν

2141 2923 2368 2998 γνώσεις
2437 2921 2488 2978 ἐν
2536 2923 2848 2999 γράμμασι,
2930 2925 3031 2994 τήν
3087 2927 3186 2978 τοῦ
3266 2923 3442 2999 ὀρθοῦ
3523 2920 3752 2996 λογισμοῦ

2143 3009 2498 3086 ἐκδεχόμεναι
2529 3011 2725 3088 κρίσιν.
2757 3015 2854 3069 Ὃν
2901 3011 3062 3078 εὐθὺς
3116 3016 3212 3068 τοῦ
3271 3011 3551 3088 βασιλέως
3597 3005 3753 3064 κελεύ-

2141 3126 2332 3168 σαντος
2359 3111 2632 3184 γραφῆναι
2662 3105 2752 3161 καὶ
2783 3103 2872 3160 διὰ
2897 3109 2999 3172 τῆς
3055 3106 3257 3171 οἰκείας
3327 3107 3512 3183 χειρὸς
3552 3097 3755 3180 βεϐαιώ-

387 3199 471 3253 vit
499 3215 512 3253 :
544 3199 756 3253 Anima
783 3215 917 3254 mea
941 3198 1068 3253 solo
1119 3199 1298 3254 afﬁxa
1345 3203 1471 3254 est:
1503 3199 1731 3254 viviﬁca
1770 3214 1888 3267 me,
1919 3199 2033 3253 Do-

2146 3215 2360 3264 σαντος,
2410 3190 2626 3250 διέλυσε
2679 3194 2770 3249 τὸν
2827 3191 3025 3268 δεσμὸν
3085 3189 3430 3269 Ἀμϐρόσιος
3483 3195 3566 3249 καῖ
3620 3189 3768 3298 εἰσελ-

388 3287 571 3354 mine,
593 3287 922 3342 secundum
952 3287 1195 3342 verbum
1225 3293 1392 3342 tuum
1421 3287 1464 3342 ⁴.
1499 3288 1766 3343 Manibus
1797 3303 2034 3358 quoque

386 3375 584 3430 crines
614 3375 823 3446 capitis
855 3376 1072 3444 evellit,
1100 3376 1310 3430 faciem
1327 3375 1506 3444 feriit,
1521 3382 1740 3432 terram
1757 3376 2037 3448 lacrymis

383 3463 764 3531 humectavit,
795 3465 950 3522 559
977 3481 1166 3534 usque
1180 3465 1254 3520 ad
1280 3465 1487 3519 horam
1513 3464 1829 3520 oblationis
1851 3467 2036 3520 Deum

385 3553 732 3624 deprecans.
766 3554 926 3608 Tunc
957 3569 1205 3625 surgens
1236 3559 1295 3608 et
1340 3553 1416 3608 ad
1445 3553 1742 3608 cancellos
1771 3570 2035 3624 progres-

393 3659 494 3697 sus
525 3658 660 3697 cum
689 3642 912 3698 intrare
931 3642 1204 3712 vellet,ab
1226 3642 1538 3697 Ambrosio
1569 3646 1658 3697 est
1680 3641 2034 3712 prohibitus,

390 3731 474 3786 ita
495 3737 770 3786 monente
794 3749 808 3786 :
841 3730 1665 3803 Scias,imperator,interiora
1685 3731 1828 3786 solis
1841 3747 2038 3786 sacer-

390 3820 628 3876 dotibus
653 3820 818 3876 adire
849 3820 937 3876 fas
967 3837 1128 3875 esse:
1161 3837 1196 3876 a
1222 3819 1473 3892 reliquis
1489 3819 1792 3890 quibusvis
1805 3819 2036 3874 eaadiri

389 3916 493 3966 aut
523 3910 680 3982 tangi
711 3909 920 3981 religio
951 3915 1060 3964 est.
1086 3909 1189 3965 Exi
1219 3909 1421 3982 igitur,
1453 3915 1513 3964 et
1540 3908 1696 3964 inter
1715 3907 1864 3964 alios
1884 3914 2031 3964 asta.

387 4003 656 4072 Purpura
685 4001 845 4056 enim
868 4017 988 4056 non
1001 4001 1314 4072 pontiﬁces
1327 4000 1599 4068 facit,sed
1620 4001 2031 4072 imperatores.

384 4091 504 4145 Hoc
530 4105 766 4161 quoque
797 4107 966 4161 mquo
989 4091 1190 4145 animo
1218 4090 1354 4146 tulit
1381 4089 1744 4144 Theodosius
1769 4090 2031 4158 ;docuit-

384 4196 498 4250 que
530 4195 591 4234 se
617 4195 739 4234 non
755 4179 1034 4250 superbia
1053 4179 1372 4235 adductum
1396 4179 1618 4234 intrare
1652 4179 2030 4246 voluisse,sed

387 4269 526 4340 quia
563 4269 722 4326 hunc
742 4286 969 4326 morem
999 4270 1167 4341 Cpoli
1214 4269 1539 4336 didicisset,
1590 4268 1824 4340 egitque
1855 4270 2034 4343 hujus

385 4375 618 4429 quoque
675 4359 1060 4414 correctionis
1107 4357 1350 4413 nomine
1431 4357 1648 4428 gratias
1703 4357 2031 4412 Ambrosio.

383 4449 568 4502 Tanta
599 4453 658 4502 et
685 4447 1010 4518 imperator
1040 4453 1099 4501 et
1139 4446 1452 4517 episcopus
1502 4445 1716 4500 virtute
1771 4446 2034 4502 illustres

380 4535 640 4590 fuerunt.
674 4537 827 4600 Quin
858 4536 1037 4590 etiam
1085 4534 1292 4605 Cpolin
1329 4549 1620 4599 reversus,
1667 4535 1918 4590 solemni
1949 4552 2034 4591 sa'

2145 3286 2254 3339 θεῖν
2331 3283 2489 3338 αὐτὸν
2593 3281 2646 3338 ἐν
2725 3286 2795 3357 τῇ
2871 3283 3134 3356 ἐκκλησίᾳ
3187 3283 3515 3361 ἐπέτρεψεν.
3603 3283 3657 3339 Ὁ
3725 3275 3774 3332 δὲ

2145 3372 2428 3442 εἰσελθὼν,
2485 3374 2699 3448 πρηνὴς
2745 3373 2830 3430 ἐπ’
2890 3371 3120 3452 ἐδάφους
3186 3375 3394 3443 πεσὼν,
3469 3369 3591 3428 ἐϐόα
3653 3369 3773 3444 μετὰ

2143 3469 2406 3538 κραυγῆς·
2442 3460 2753 3534 Ἐκολλήθη
2783 3467 2861 3535 τῷ
2889 3460 3070 3540 ἒδάφει
3119 3465 3154 3533 ἡ
3211 3465 3374 3540 ψυχή
3434 3484 3554 3538 μου·
3621 3458 3768 3530 ζῆσόν

2147 3572 2215 3625 με
2243 3551 2378 3606 κατά
2403 3552 2493 3606 τὸν
2518 3549 2686 3626 λόγον
2743 3573 2862 3622 σου,
2920 3553 3097 3628 Κύριε.
3156 3552 3259 3608 Καὶ
3313 3559 3434 3616 ταῖς
3485 3549 3634 3627 χερσῖ
3685 3548 3772 3608 τὰς

2141 3639 2340 3719 τρίχας
2393 3648 2496 3710 τῆς
2543 3639 2784 3719 κεφαλῆς
2843 3635 3048 3710 ἕτιλλε,
3103 3641 3200 3703 τὰς
3239 3639 3397 3715 ὄψεις
3434 3635 3636 3709 ἔτυπτε,
3687 3635 3768 3691 καὶ

2141 3731 2240 3800 τήν
2268 3738 2372 3806 γῆν
2402 3735 2520 3794 τοῖς
2574 3728 2828 3803 δάκρυσιν
2896 3725 3111 3807 ἔϐρεχε,
3166 3731 3258 3787 καὶ
3313 3734 3408 3788 τὸν
3459 3731 3584 3787 Θεὸν
3638 3725 3772 3783 ἐδυσ-

2143 3820 2279 3875 ώπει
2309 3818 2441 3895 ἃχρι
2479 3826 2578 3889 τῆς
2607 3817 2754 3893 ὥρας
2807 3826 2909 3888 τῆς
2951 3818 3336 3894 μεταληψεως.
3394 3821 3528 3877 Τότε
3577 3814 3632 3872 δὲ
3683 3813 3765 3870 δι-

2143 3908 2370 3972 αναστὰς
2425 3909 2514 3963 καὶ
2571 3905 2811 3978 πλησίον
2861 3913 2972 3962 τῶν
3030 3905 3336 3986 κιγκλίδων
3429 3911 3536 3982 (29)
3597 3904 3754 3961 ἐλθὼν

2148 3997 2486 4076 βουλόμενος
2543 3997 2824 4066 εἰσελθεῖν,
2881 3995 3132 4068 ἐκωλύθη
3190 3999 3340 4072 παρᾶ
3395 3996 3491 4053 τοῖ’)
3545 3989 3763 4069 Ἀμῦροο

2141 4086 2284 4157 σίου,
2313 4084 2663 4156 δηλώσαντος
2693 4083 2858 4159 αὒτῷ·
2895 4087 3052 4154 Ἵσθι,
3086 4085 3132 4140 ὦ
3184 4085 3434 4163 βασιλεῦ,
3467 4087 3539 4148 ὡς
3604 4083 3769 4157 μόνοι,

2139 4183 2256 4239 τοῖς
2279 4177 2508 4252 ἱερεῦσιν
2571 4175 2878 4250 ὑπάρχουσι
2929 4176 2994 4230 τὰ
3050 4170 3200 4230 ἔνδον
3257 4175 3520 4246 εἷσιτητά,
3573 4179 3681 4232 τοῖς
3729 4167 3771 4224 δ’

2143 4264 2337 4326 ἄλλοις
2378 4269 2538 4318 πᾶσιν
2595 4259 2768 4318 ἃϐατά
2821 4285 2881 4319 τε
2932 4265 3022 4320 καὶ
3079 4262 3345 4338 ἄψαυστα.
3403 4266 3570 4338 Ἔξιθι
3603 4261 3764 4317 τοίνυν

2138 4354 2228 4410 καὶ
2257 4359 2374 4415 τοῖς
2399 4349 2592 4415 ἄλλοις
2622 4352 2870 4408 κοινώνει
2900 4359 3000 4423 τῆς
3055 4354 3316 4415 στάσεως·
3377 4351 3630 4428 ἁλουργὶς
3673 4349 3762 4422 γὰρ

2143 4442 2414 4520 βασιλεῖς,
2447 4443 2556 4517 οὐχ
2585 4444 2748 4518 ἱερεῖς
2779 4448 2956 4499 ποιεῖν
3013 4442 3224 4508 εἴωθεν.
3285 4447 3348 4502 '0
3403 4442 3459 4498 δὲ
3502 4443 3756 4498 καὶτοῦτο

2141 4531 2422 4606 δεξάμενος
2484 4531 2728 4604 ἀσμὲνως
2779 4528 3175 4602 ἀντεδήλωσεν,
3234 4533 3313 4597 ὡς
3360 4535 3478 4592 Οὐκ
3531 4525 3753 4594 αὐθαδείᾳ

380 4623 604 4678 oriﬁcio
634 4639 771 4677 cum
803 4623 866 4678 in
893 4638 1061 4677 sacra
1081 4637 1290 4677 mensa
1329 4637 1549 4676 munus
1577 4638 1747 4676 suum
1778 4622 2023 4677 obtulis-

2146 4623 2420 4698 (ρώμενος
2449 4625 2615 4676 τοῦτο
2645 4623 2941 4690 πεποίηκα,
2985 4619 3112 4676 ἀλλ’
3167 4619 3222 4676 ἐν
3279 4611 3748 4679 Κωνσταντινουπό·

379 4717 488 4778 set,
523 4711 722 4767 statim
754 4711 930 4766 exivit
948 4711 1226 4766 sacrario.
1259 4711 1328 4765 Et
1357 4726 1491 4764 cum
1522 4727 1557 4765 a
1591 4711 1884 4778 Nectario,
1917 4711 2020 4782 qui

2146 4720 2212 4766 tet
2268 4711 2332 4766 τὸ
2390 4705 2508 4772 ἔθος
2576 4710 2715 4765 εἶναι
2768 4713 2930 4765 τοῦτο
2990 4709 3300 4783 μεμάθηκα.
3357 4711 3522 4786 Χάριν
3577 4705 3624 4762 δέ
3670 4721 3743 4756 σοι

378 4807 505 4857 tum
535 4800 873 4873 patriarcha
903 4804 1048 4868 erat,
1103 4815 1342 4854 causam
1373 4799 1509 4854 lacti
1540 4805 1880 4870 rogaretur:
1917 4801 2020 4854 Vix

2146 4799 2336 4878 ἱφείλω
2393 4801 2480 4854 καὶ
2539 4795 2702 4866 τῆσδε
2757 4804 2858 4867 τῆς
2926 4797 3186 4872 ἰατρείας.
3253 4799 3508 4872 Τοσαύτη
3561 4793 3620 4864 δὴ
3667 4789 3746 4846 καὶ

375 4890 864 4961 tandem,inquit,
878 4888 1200 4944 discrimen
1223 4888 1597 4959 imperatoris
1618 4894 1676 4942 et
1697 4888 2020 4944 sacerdotis

2146 4887 2433 4962 τηλικαύτῃ
2476 4883 2779 4959 διέλαμπον
2810 4887 2979 4960 ἀρετῇ
3035 4885 3064 4940 6'
3119 4907 3179 4940 τε
3226 4887 3514 4966 ἀρχιερεὺς
3567 4883 3649 4939 καὶ
3723 4880 3748 4932 ὁ

377 4981 580 5038 didici.
641 4980 892 5036 Unicum
947 4977 1107 5034 enim
1154 4976 1534 5032 Ambrosium
1564 4977 1724 5043 novi,
1756 4978 1857 5047 qui
1903 4978 2022 5048 epi-

2132 4976 2405 5052 βασιλεύς.
2447 4973 2786 5033 Ἐπανελθὼν
2820 4972 2877 5030 δὲ
2933 4976 2960 5030 ὁ
3017 4973 3274 5051 βασιλεὺς
3327 4975 3381 5030 ἐν
3432 4979 3751 5032 Κωνσταντι-

376 5072 540 5144 scopi
581 5086 803 5126 nomen
833 5067 1048 5124 merito
1080 5084 1186 5122 suo
1239 5070 1402 5138 gerat
1435 5082 1448 5120 :
1484 5071 1712 5121 tantum
1747 5066 2020 5122 utilitatis

2146 5066 2412 5130 ιουπόλει,
2441 5065 2532 5120 καὶ
2565 5066 2758 5139 ἑορτῆς
2815 5065 3138 5138 γενομένης,
3169 5065 3260 5120 καὶ
3306 5063 3359 5119 ἐν
3389 5068 3458 5139 τῇ
3498 5065 3610 5138 ἰερᾷ
3635 5079 3756 5134 τρα-

375 5163 604 5218 confert
633 5159 986 5232 objurgatio,
1017 5157 1092 5214 ab
1122 5157 1362 5213 homine
1393 5156 1606 5212 virtute
1633 5157 1852 5229 insigni
1885 5174 2018 5229 pro-

370 5251 544 5306 fecta.

2129 5155 2264 5229 πέζῃ
2297 5155 2364 5210 τὰ
2397 5152 2546 5228 δώρα
2570 5152 2945 5228 προσενεγκὼν
2985 5151 3143 5218 εὐθὺς
3184 5151 3528 5224 ἐξελήλυθεν.
3561 5157 3754 5206 Νεκτα-

2132 5244 2251 5320 ρίου
2310 5241 2368 5298 δὲ
2442 5247 2540 5298 τοῦ
2610 5245 2908 5312 τηνικαῦτα
2988 5241 3334 5317 πατριάρχου
3393 5239 3754 5311 δεδηλωκότος

376 5345 562 5412 μαθεῖν
591 5340 690 5406 τὴν
709 5340 911 5407 αἰτίαν,
944 5338 1139 5414 Μόγις,
1168 5333 1295 5412 ἔφη,
1329 5333 1602 5406 βασιλέως
1632 5335 1722 5390 καὶ
1752 5334 1942 5410 ῖερέως
1976 5332 2236 5412 διαφορὰν
2269 5331 2585 5408 ἐδιδάχθην·
2645 5327 2976 5408 ’Λμϐρόσιον
3035 5331 3141 5407 γὰρ
3197 5330 3321 5387 οἶδα
3383 5330 3547 5405 μόνον
3601 5326 3755 5398 ἀξίως

370 5427 662 5484 ἐπίσκοπον
689 5427 1050 5500 καλούμενον.
1085 5429 1361 5485 Τοσοῦτον
1395 5424 1632 5496 ὀνίνησιν
1665 5421 1901 5500 ἔλεγχος
1930 5426 2076 5501 παρά
2107 5421 2301 5498 ἀνδρὸς
2329 5423 2494 5498 ἀρετῇ
2529 5423 2845 5494 λάμποντος
2873 5422 3341 5500 προσφερόμενος.

453 5529 475 5561 ⁴
501 5528 655 5582 Psal.
689 5541 877 5594 CXVIII,
908 5530 996 5583 25.

1576 5597 1939 5652 XYLANDRI
1981 5596 2063 5650 ET
2101 5595 2316 5651 GOARl
2357 5594 2578 5649 NOTAE.

437 5691 752 5761 (29)Jua:ta
791 5690 1058 5761 cancellos
1089 5687 1374 5761 populum
1403 5685 1650 5761 a_sacris_
1670 5685 2079 5761 penetralibus
2104 5689 2404 5761 arcentes,
2437 5683 2508 5739 de
2541 5682 2756 5754 quibus
2812 5681 3062 5738 Allatius
3123 5683 3194 5736 de
3253 5679 3512 5750 templis,
3543 5683 3599 5733 et
3643 5692 3744 5730 nos

371 5755 606 5834 quoque
634 5761 930 5820 nonnulla
959 5755 1115 5816 circa
1142 5755 1566 5828 Euchologium
1598 5755 2058 5812 observavimus.
2095 5756 2269 5811 Goxa.
