4126 6296
340 358 461 418 609

1488 351 2021 414 HISTORIARUM
2067 350 2604 421 COMPENDIUM.

3642 363 3763 423 610

421 489 564 564 Εἶχε
614 486 677 542 δὲ
722 486 811 569 καὶ
869 484 1049 557 ἀλλην
1103 484 1360 563 ἀφορμὴν
1440 485 1470 539 6
1545 482 1801 559 βασιλεὺς
1861 482 2002 569 ὡφε-

2188 485 2453 544 Habebat
2473 507 2648 562 porro
2680 492 3003 564 imperator
3028 493 3202 549 aliam
3217 493 3397 549 etiam
3420 496 3764 566 Opportuni-

353 578 520 640 λείας·
581 580 618 647 ἡ
673 568 779 652 γὰρ
830 576 1027 631 τούτου
1085 576 1337 648 σύζυγος,
1399 573 1435 648 ᾖ
1513 571 1803 628 Πλακίλλα
1883 566 2000 625 ὅνοο

361 689 455 741 μα,
483 671 593 722 τῶν
638 666 799 728 θείων
859 663 1019 719 αὑτὸν
1080 668 1323 741 συνεχῶς
1375 662 1749 736 ἀνεμίμνησκε
1798 660 2002 732 νόμων.

356 756 432 814 O6
468 757 573 832 γὰρ
633 754 831 830 ἐπῆρεν
899 753 1066 822 αὐτὴν
1121 760 1220 822 τῆς
1273 751 1551 828 βασιλείας
1608 754 1644 821 ἡ
1704 748 2001 816 δυναστεία,

358 844 502 900 ἀλλά
531 851 634 913 τῆς
666 842 970 919 εὐεργεσίας
996 842 1061 897 τὸ
1121 842 1347 916 μέγεθος
1407 846 1591 914 μεῖζον
1625 840 1689 895 τὸ
1738 841 1860 913 περὶ
1913 836 2005 891 τὸν

360 934 647 1011 εὐεργέτην
708 934 983 1009 εἴργάζετο
1039 932 1289 1010 φίλτρον.
1348 934 1469 989 Τῶν
1522 933 1624 1008 γὰρ
1683 924 2008 1001 λελωϐημέ-

358 1046 464 1078 νων
495 1026 608 1097 (30)
638 1021 889 1094 ἀδελφῶν
921 1021 1010 1077 καὶ
1034 1026 1141 1076 τῶν
1173 1019 1361 1083 ἄλλως
1417 1021 1480 1076 τὸ
1537 1025 1700 1095 σῶμα
1745 1037 2004 1091 πεπηρω-

366 1115 538 1186 μένων
616 1109 963 1180 παντοδαπὴν
1022 1110 1258 1165 ἐποιεῖτο
1342 1107 1623 1187 φροντίδα,
1710 1106 2005 1182 αὐτουργὸς

357 1202 490 1271 αὑτὴ
522 1203 787 1277 γινομένη
819 1200 909 1255 καὶ
942 1198 1010 1254 δι’
1060 1200 1255 1269 ἑαυτῆς
1314 1198 1574 1275 ὀρέγουσα
1629 1198 1856 1261 κύλικας
1914 1193 2004 1253 καὶ

355 1292 557 1370 τροφὰς
590 1293 962 1365 παρατιθεῖσα.
994 1291 1132 1351 Τοὺς
1159 1291 1262 1366 γὰρ
1322 1290 1548 1359 ξενῶνας
1604 1294 1711 1344 τῶν
1763 1287 2004 1360 Ἐκκλη-

356 1387 487 1436 σιῶν
562 1385 958 1456 περινοστοῦσα
1037 1382 1119 1453 [Ρ.
1173 1382 1299 1452 320]
1358 1378 1483 1441 τοὺς
1539 1378 1879 1441 κλινοπετεῖς
1935 1378 2005 1435 δι’

360 1473 554 1539 ἑαυτῆς
609 1471 949 1546 ἐθεράπευσε⁶
997 1470 1088 1525 καὶ
1171 1470 1271 1524 ’ὅσα
1322 1470 1544 1525 οἰκετῶν
1599 1472 1689 1525 καὶ
1749 1482 2003 1545 θεραπαι-

362 1558 528 1616 νίδων
585 1559 721 1637 ἔργα
783 1562 1111 1633 νενόμισται,
1164 1560 1332 1629 αὐτὴν
1391 1558 1715 1634 ἐξεπλήρου.
1770 1562 1870 1617 Καὶ
1924 1566 2004 1634 τῷ

360 1650 598 1724 όμόζυγι
638 1647 694 1704 δὲ
723 1650 813 1705 καὶ
850 1646 1068 1725 βασιλεῖ
1097 1653 1344 1727 συνεχῶς
1372 1647 1643 1725 ἐπέλεγεν·
1683 1650 1796 1707 Ἀεί
1855 1671 1932 1719 σε,
1960 1652 2005 1704 ὦ

358 1736 501 1812 ἄνερ,
536 1740 803 1812 προσήκει
830 1737 1143 1811 λογίζεσθαι
1172 1736 1254 1798 τίς
1317 1738 1410 1810 μὲν
1469 1739 1629 1807 ἦσθα,
1666 1738 1749 1799 τίς
1810 1736 1867 1793 δὲ
1919 1740 2006 1813 γέ-

2118 578 2299 629 tatem
2329 593 2342 631 :
2375 595 2526 634 uxor
2555 581 2713 636 enim
2743 582 2978 637 Placilla
3008 583 3241 638 assidue
3272 582 3602 638 divinarum
3626 600 3761 637 eum

2118 660 2476 721 admonebat
2504 668 2719 741 legum.
2755 672 2879 725 Non
2910 687 2980 727 ea
3008 672 3081 726 ob
3124 671 3360 742 imperii
3388 672 3763 743 majestatem

2118 751 2319 807 animo
2351 756 2834 825 elferebatur,sed
2863 760 3493 833 beneﬁciimagnitudo
3509 760 3765 816 faciebat

2118 844 2184 893 ut
2214 846 2376 897 tanto
2399 844 2727 917 impensius
2780 848 3220 904 benefactorem
3252 849 3541 920 diligeret.
3594 850 3763 904 Chri-

2120 928 2343 985 stianos
2372 932 2583 989 fratres
2615 936 2716 1005 qui
2746 936 2968 991 morbis
2997 937 3230 992 tractati
3262 938 3417 993 560
3446 942 3548 992 aut
3577 954 3762 993 mem-

2118 1017 2240 1073 bris
2261 1022 2519 1078 mutilati
2541 1025 2939 1098 fuerant,ipsa
2967 1026 3129 1081 omni
3161 1026 3354 1082 studio
3384 1027 3646 1095 curabat,
3666 1045 3764 1082 ea.

2118 1106 2262 1161 lices
2283 1110 2368 1165 eis
2397 1114 2519 1168 suis
2535 1116 2808 1170 manibus
2833 1117 3138 1187 porrigens
3170 1121 3227 1169 et
3255 1115 3417 1170 cibos
3438 1132 3764 1187 apponens.

2118 1194 2450 1267 Hospitales
2482 1203 2661 1257 etiam
2699 1204 3089 1259 Ecclesiarum
3123 1203 3331 1259 domos
3381 1204 3642 1259 invisens
3673 1205 3771 1259 de-

2112 1288 2535 1346 cumbentibus
2547 1292 3137 1365 ministrabat,eaque
3150 1292 3352 1348 obibat
3372 1309 3616 1348 munera
3635 1311 3764 1365 quae

2116 1397 2418 1439 servorum
2473 1386 2575 1436 aut
2629 1382 2981 1437 ancillarum
3060 1382 3372 1437 habentur.
3432 1382 3767 1439 lnculcabat

2116 1472 2442 1528 identidem
2474 1471 2601 1526 hanc
2630 1473 2843 1527 marito
2868 1487 3012 1528 suo:
3048 1471 3289 1543 Semper
3320 1477 3397 1538 te,
3429 1473 3509 1526 mi
3541 1472 3643 1543 vir,
3673 1490 3766 1527 re-

2116 1568 2323 1634 putare
2356 1563 2634 1618 convenit
2664 1563 2797 1633 quis
2825 1563 3010 1617 fueris
3041 1569 3101 1618 et
3128 1563 3272 1633 quid
3304 1562 3498 1618 factus
3531 1564 3632 1617 sis.
3662 1565 3773 1618 Gu-

2116 1653 2302 1707 berna
2332 1669 2469 1725 ergo
2502 1651 2821 1723 imperium
2854 1652 2967 1707 hoc
2989 1652 3249 1725 legitime
3277 1669 3290 1706 :
3325 1653 3410 1706 sic
3440 1651 3765 1708 honorabis

2118 1758 2253 1797 eum
2287 1741 2388 1813 qui
2413 1740 2596 1796 dedit.
2631 1742 2791 1796 Hanc
2848 1741 3010 1796 omni
3043 1741 3433 1796 admiratione
3486 1746 3545 1794 et
3594 1740 3769 1795 laude

358 1848 523 1903 γονας
580 1832 697 1885 νῦν.
757 1821 1099 1902 Κυϐέρνησον
1159 1826 1251 1881 οὗν
1307 1828 1409 1896 τήν
1471 1827 1751 1901 βασιλείαν
1804 1828 2003 1898 ταύτην

2126 1830 2359 1901 dignam
2392 1829 2831 1901 imperatricem
2864 1829 3110 1902 contigit
3129 1835 3266 1885 ante
3288 1829 3569 1885 maritum
3593 1846 3663 1884 ex
3689 1829 3773 1882 vi-

360 1916 633 1990 έννόμως,
664 1918 752 1971 καὶ
788 1916 930 1970 οὓτω
988 1915 1332 1991 θεραπεύσεις
1385 1916 1476 1970 τὸν
1538 1914 1834 1975 δεδωκότα.
1875 1915 2016 1973 Ταύ-

361 2027 460 2077 την
490 2007 592 2076 τήν
637 2005 937 2078 θαυμασίαν
970 2004 1058 2059 καὶ
1108 2002 1279 2066 ὅντως
1336 2004 1640 2073 ἀξιέπαινον
1700 2004 2015 2079 βασίλισσαν

362 2090 562 2165 συνέϐη
622 2094 730 2169 πρὸ
794 2098 890 2148 τοῦ
950 2091 1140 2168 ἀνδρὸς
1194 2089 1519 2150 ἀποόιῶναι.
1577 2095 1729 2152 Μετά
1781 2114 1902 2150 τινα
1959 2093 2017 2150 δὲ

368 2183 568 2259 χρόνον
631 2183 734 2238 ὑπὸ
788 2187 896 2237 τῶν
964 2188 1204 2258 συνεχῶν
1261 2180 1523 2257 πολέμων
1577 2184 1902 2257 βιαζόμενος
1988 2185 2016 2239 6

368 2271 627 2348 βασιλεὺς
688 2271 940 2351 εἰσφοράν
1000 2292 1121 2326 τινα
1173 2269 1321 2343 ξένην
1388 2277 1506 2334 ταῖς
1563 2273 1788 2328 πόλεσιν
1846 2271 2019 2328 ἐπιτέ-

363 2364 555 2417 θεικεν.
589 2362 654 2418 Ἠ
688 2357 746 2415 δὲ
805 2359 1094 2435 Ἀντιόχου
1150 2359 1312 2423 πόλις
1354 2362 1418 2415 τὸ
1468 2361 1653 2417 καινὸν
1705 2360 1864 2424 τέλος
1920 2361 2019 2416 οὐκ

366 2450 618 2525 ἤνεγκεν·
680 2450 822 2524 ὁρῶν
856 2450 959 2525 γὰρ
1031 2450 1060 2503 6
1118 2446 1296 2522 δῆμος
1342 2451 1469 2512 τοὺς
1526 2449 2017 2527 εἰσπραττομένους

369 2538 826 2613 τιμωρουμένους
889 2537 1071 2616 ἀρχὴν
1128 2538 1341 2610 ἀταξίας
1398 2534 1691 2612 ἐλάμϐανε,
1766 2541 1856 2595 καὶ
1919 2542 2018 2610 τήν

372 2627 601 2704 χαλκῆν
656 2628 838 2682 εἰκόνα
896 2633 997 2696 τῆς
1084 2629 1447 2704 πανευφήμου
1513 2627 1836 2700 Πλακίλλης
1892 2650 2023 2684 κατ-

374 2714 572 2793 ήνεγκέ
600 2736 659 2771 τε
688 2716 783 2771 παῖ
823 2715 967 2770 πολὺ
1013 2722 1114 2785 τῆς
1166 2714 1385 2779 πόλεως
1440 2711 1611 2791 ἔσυρε.
1643 2717 1825 2775 Ταῦτα
1854 2719 2025 2774 πυθό-

372 2826 533 2878 μενος
567 2806 598 2859 ὁ
616 2802 871 2881 βασιλεὺς
901 2804 990 2859 καὶ
1015 2802 1141 2858 λίαν
1162 2802 1479 2879 χαλεπήνας
1507 2804 1574 2861 τά
1601 2825 1660 2861 τε
1686 2810 1786 2872 τῆς
1806 2804 2023 2869 πόλεως

367 2895 632 2973 ἀφείλετο
686 2893 963 2968 προνόμια
1025 2893 1117 2948 καὶ
1173 2898 1242 2967 τῇ
1300 2896 1676 2970 γειτνιαζούσῃ
1717 2895 1877 2951 πόλει
1923 2897 2025 2965 τήν

371 2983 676 3061 ἡγεμονίαν
710 2980 961 3038 δέδωκεν·
999 2981 1327 3052 ἐζηλοτύπει
1358 2984 1460 3058 γὰρ
1492 2986 1526 3054 ἡ
1576 2982 1868 3040 Λαοδίκεια
1925 2987 2024 3054 τὴν

371 3074 717 3148 ’Δντιόχειαν
768 3069 988 3127 ἄνωθεν.
1048 3071 1198 3129 Μετά
1250 3069 1307 3126 δὲ
1363 3076 1529 3127 ταῦτα
1579 3073 1669 3128 καὶ
1726 3072 2023 3149 ἐμπρήσειν

380 3162 592 3231 ἠπείλει
651 3162 744 3216 καὶ
811 3160 886 3224 εἶς
945 3162 1141 3235 κώμην
1200 3161 1262 3215 τὸ
1318 3160 1448 3216 ἄστυ
1499 3165 1909 3219 κατασκευάσαι.
1953 3166 2020 3222 Οἱ

386 3249 438 3306 δέ
463 3273 522 3327 γε
549 3252 815 3327 ἃρχοντες
845 3252 936 3306 καί
964 3271 1114 3313 τινας
1146 3249 1384 3320 ἀνεῖλον,
1442 3253 1571 3326 παρ’
1621 3251 1753 3307 αύτό
1811 3251 2019 3309 συλλα-

379 3335 554 3404 ϐόντες
576 3342 644 3396 τὸ
699 3340 990 3414 τόλμημα,
1047 3341 1175 3416 πρὶν
1228 3344 1431 3414 γνῶναι
1492 3341 1585 3395 τὸν
1645 3339 1871 3415 βασιλέα
1925 3344 2024 3413 τήν

372 3428 906 3506 τραγῳδίαν.Ταῦτα
959 3427 1017 3484 δὲ
1065 3430 1239 3484 πάντα
1296 3430 1324 3483 6
1384 3428 1641 3504 βασιλεὺς
1698 3430 2025 3506 προσέταττε

376 3520 495 3592 μὶν,
523 3520 627 3575 οὐκ
657 3517 861 3594 ἐγίνετο
894 3514 970 3589 δὲ,
1017 3522 1115 3573 106
1176 3517 1346 3592 νόμου
1411 3516 1724 3582 κωλύοντος
1778 3521 1840 3575 ’ὀν
1888 3522 2025 3595 Ἀμ-

374 3604 600 3685 6ρόσιος
657 3609 686 3662 6
743 3608 910 3684 μέγας
977 3608 1199 3677 τεθῆναι
1283 3607 1603 3681 παρῄνεσεν.
1687 3607 1906 3679 Ἐπειδή
1968 3607 2026 3666 δὲ

378 3698 638 3779 ἀφίκοντο
670 3698 722 3752 οἱ
744 3698 840 3759 τὰς
897 3694 1128 3754 ἀπειλὰς
1185 3695 1386 3759 ἐκείνας
1442 3697 1780 3771 κομίζοντες,
1834 3698 1887 3754 έν
1919 3698 2024 3755 δέει

380 3788 479 3862 μὶν
508 3788 649 3857 ἦσαν
682 3788 907 3848 ἅπαντες
929 3786 1025 3848 τὰς
1072 3784 1301 3847 ἀπειλὰς
1359 3786 1702 3863 πεφρικότες,
1755 3789 1845 3843 καὶ
1876 3793 2022 3866 φυγῇ

373 3878 473 3946 τήν
500 3877 775 3951 σωτηρίαν
832 3875 1176 3951 ἐπορίσαντο,
1232 3876 1285 3928 οἱ
1342 3872 1400 3930 δὲ
1456 3875 1508 3931 έν
1561 3882 1677 3938 τοῖς
1734 3873 1909 3954 ὄρεσιν
1943 3880 2024 3934 οἱ·

374 3969 592 4026 κοῦντες
622 3971 725 4034 τῆς
754 3965 952 4037 ἀρετῆς
1011 3962 1243 4033 ἀσκηταὶ
1291 3962 1520 4037 (πολλοὶ
1578 3962 1635 4020 δὲ
1689 3967 1824 4035 ἦσαν
1875 3968 2025 4023 οὗτοι

377 4056 462 4110 καὶ
496 4052 735 4128 ἃριστοι)
778 4053 995 4115 πολλὰς
1047 4055 1140 4115 τὰς
1195 4054 1535 4129 παραινέσεις
1609 4056 1699 4110 καὶ
1745 4056 2027 4131 παρακλή-

383 4164 490 4208 σεις
512 4149 633 4206 τοῖς
664 4142 724 4198 ἐκ
750 4147 847 4199 τοῦ
908 4141 1179 4218 βασιλέως
1228 4142 1574 4199 ἀποσταλεῖσι
1627 4147 2022 4223 προσήνεγκαν.

380 4232 557 4289 Ἀλλά
585 4233 676 4288 καὶ
711 4231 1045 4293 Μακεδόνιος
1105 4233 1133 4286 6
1190 4231 1485 4302 θειότατος,
1544 4230 1695 4288 οὐδὲν
1760 4236 1853 4308 μὶν
1918 4241 2026 4291 τῶν

374 4323 508 4377 κατά
527 4322 622 4376 τὸν
661 4321 777 4396 βίον
806 4321 1179 4394 ἐπιστάμενος,
1213 4321 1301 4375 καὶ
1340 4326 1452 4376 τῶν
1517 4321 1672 4378 Θείων
1706 4321 1763 4378 δὲ
1820 4323 2025 4401 λογίων

375 4409 598 4484 πάμπαν
625 4409 849 4486 ἄπειρος
882 4408 979 4478 ὢν,
1013 4411 1064 4465 ἐν
1127 4407 1183 4464 δὲ
1238 4416 1356 4473 ταῖς
1412 4416 1519 4467 τῶν
1571 4410 1709 4487 όρῶν
1759 4420 2026 4492 κορυφαῖς

376 4497 730 4574 διαιτώμενος
779 4501 866 4555 καὶ
928 4500 1095 4555 νύκτα
1145 4500 1233 4555 καὶ
1291 4500 1500 4577 ἡμέραν
1554 4506 1651 4556 106
1710 4507 1844 4557 Θεοῦ
1902 4502 2025 4560 δεό-

2119 1920 2204 1973 vis
2234 1918 2540 1974 excedere.
2571 1918 2903 1987 Aliquando
2925 1925 3059 1989 post
3080 1918 3445 1973 Theodosius
3463 1918 3770 1973 continen-

2118 2007 2275 2062 tibus
2302 2007 2477 2062 bellis
2502 2013 2741 2062 coactus
2763 2013 2852 2061 est
2872 2022 3087 2062 novum
3115 2006 3449 2061 civitatibus
3479 2005 3767 2060 tributum

2118 2096 2766 2167 imperare.Antiochiaa
2798 2096 2950 2151 cives
2982 2112 3113 2152 eam
3137 2095 3508 2150 exactionem
3532 2111 3653 2149 non
3677 2100 3770 2149 tu-

2119 2185 2350 2254 lerunt;
2384 2201 2640 2255 cumque
2670 2184 2956 2256 supplicio
2988 2183 3370 2239 afﬁcerentur
3399 2183 3500 2255 qui
3536 2182 3763 2255 depen-

2119 2277 2258 2332 dere
2289 2275 2946 2345 recusassent,tumultu
2976 2276 3228 2331 excitato
3247 2292 3462 2330 aaream
3484 2275 3771 2331 laudatis-

2122 2366 2286 2421 simm
2321 2364 2571 2420 Placillaa
2603 2371 2858 2420 statuam
2890 2365 3237 2437 dejecerunt
3283 2369 3342 2419 et
3370 2380 3646 2437 magnam
3670 2381 3780 2435 per

2121 2455 2289 2510 urbis
2320 2460 2549 2526 partem
2571 2459 2971 2526 raptaverunt.
3008 2455 3127 2508 Hoc
3156 2453 3359 2509 audito
3381 2452 3644 2508 facinore
3668 2453 3781 2507 im-

2124 2548 2363 2615 perator
2390 2543 2733 2616 gravissima
2764 2542 2983 2597 exarsit
3011 2542 3439 2615 indignatione,
3468 2547 3526 2596 et
3575 2541 3785 2596 Antio-

2126 2632 2322 2688 chiam
2371 2632 2693 2704 privilegiis
2743 2631 2866 2686 suis
2926 2631 3218 2702 spoliavit,
3253 2631 3776 2702 principatumque

2129 2720 2430 2776 Laodiceaa
2466 2721 2676 2777 vicinaa
2726 2720 3089 2793 jampridem
3147 2719 3378 2775 aemulas
3435 2720 3777 2791 assignavit.

2127 2813 2349 2865 Praeter
2376 2810 2503 2865 haac
2532 2809 2877 2865 incendium
2908 2825 3141 2880 quoque
3174 2808 3328 2878 urbi,
3361 2813 3421 2863 et
3450 2825 3512 2863 se
3561 2826 3689 2864 eam
3720 2809 3780 2862 in

2128 2916 2343 2971 pagum
2376 2903 2745 2953 mutaturum
2793 2899 3055 2953 minatus
3112 2903 3220 2952 est.
3279 2897 3546 2952 Praefecti
3600 2898 3780 2952 etiam

2132 2987 2421 3058 quosdam
2434 2987 2494 3041 in
2509 2988 2636 3058 ipso
2651 2987 3055 3058 deprehensos
3066 2986 3787 3055 facinoreinterfeccrant,

2132 3077 2481 3148 priusquam
2509 3076 2787 3147 tragaadia
2826 3076 3171 3146 imperatori
3205 3080 3621 3146 exponeretur.
3655 3078 3785 3130 (Σω-
3827 3064 3847 3081 ”’

2133 3171 2326 3221 terum
2354 3165 2481 3220 haec
2511 3165 2713 3219 omnia
2742 3164 3781 3236 imperatormandavitquidem,non

2133 3260 2332 3309 tamen
2358 3252 2625 3325 perfecit,
2656 3253 2783 3325 lege
2813 3252 3136 3324 impeditus
3167 3269 3346 3324 quam
3376 3253 3609 3308 monitu
3640 3256 3781 3307 Am-

2133 3343 2315 3399 brosii
2371 3341 2607 3398 tulerat.
2664 3343 2737 3397 Ut
2793 3341 3169 3397 Antiochiam
3198 3347 3489 3397 venerunt
3536 3342 3784 3397 istarum

2134 3433 2433 3488 minarum
2464 3432 2930 3503 denuntiatores,
2954 3448 3095 3487 sane
3128 3448 3330 3487 earum
3363 3436 3527 3487 metu
3544 3431 3785 3486 univer-

2135 3538 2231 3577 sos
2264 3522 2411 3579 561
2449 3537 2694 3594 magnus
2726 3525 2919 3576 terror
2948 3520 3175 3590 invasit,
3235 3526 3294 3575 et
3339 3520 3477 3592 fuga
3533 3520 3786 3575 salutem

2135 3611 2558 3681 quasiverunt.
2574 3612 2648 3665 At
2674 3609 2950 3665 monachi
2972 3612 3072 3681 qui
3103 3611 3164 3664 in
3188 3609 3493 3664 montibus
3511 3610 3788 3664 virtutem

2137 3699 2621 3770 exercebant,qui
2655 3700 2729 3755 iis
2760 3698 2904 3754 locis
2937 3704 3108 3753 erant
3126 3704 3182 3751 et
3210 3697 3452 3769 plurimi
3477 3697 3781 3767 etoptimi,

2136 3789 2349 3844 missos
2374 3789 2445 3843 ab
2478 3789 2833 3859 imperatore
2857 3787 3059 3841 multis
3080 3786 3276 3841 verbis
3298 3786 3597 3857 deprecati
3623 3791 3781 3840 sunt.

2134 3878 2257 3941 Quo
2290 3883 2551 3949 tempore
2582 3877 2758 3930 etiam
2789 3875 3194 3930 divinissimus
3220 3873 3615 3941 Macedonius,
3643 3873 3778 3928 nul-

2133 3966 2248 4020 lius
2281 3982 2484 4021 earum
2506 3982 2636 4036 quas
2669 3965 2741 4020 ad
2772 3964 2949 4019 vitam
2980 3964 3132 4019 hanc
3184 3963 3513 4035 degendam
3552 3961 3782 4018 faciunt

2135 4055 2352 4109 artium
2383 4059 2814 4124 gnarus,atque
2846 4069 3151 4108 sacrarum
3182 4053 3361 4108 etiam
3392 4069 3635 4123 prorsus
3665 4051 3781 4106 im-

2134 4143 2357 4214 peritus
2384 4143 2739 4207 litterarum,
2770 4141 2980 4197 solitus
3013 4142 3074 4195 in
3132 4141 3448 4196 verticibus
3488 4140 3781 4195 montium

2135 4232 2345 4303 degere
2369 4248 2437 4286 ac
2489 4232 2675 4286 Deum
2724 4234 2927 4285 noctes
2986 4230 3231 4300 diesque
3264 4229 3589 4299 deprecari,
3637 4227 3788 4283 nihil

2134 4321 2284 4375 iram
2317 4318 2691 4390 imperatoris
2717 4322 2989 4373 metuens
3027 4322 3130 4374 aut
3158 4317 3286 4388 ejus
3323 4316 3646 4388 legatorum
3676 4332 3782 4387 po-

2136 4410 2402 4476 tentiam,
2427 4408 2488 4462 in
2518 4407 2776 4463 mediam
2806 4406 3015 4463 urbem
3040 4424 3102 4462 se
3133 4405 3784 4475 contulit,alterumque

2137 4514 2340 4554 eorum
2362 4496 2673 4568 chlamyde
2717 4498 3152 4568 apprehensum
3210 4512 3361 4565 equo
3419 4494 3779 4549 descendere

376 4610 554 4661 μενος,
589 4588 651 4644 06
681 4593 777 4644 τοῦ
812 4587 1083 4663 βασιλέως
1113 4590 1211 4658 τήν
1275 4588 1448 4664 ὀργὴν
1505 4590 1874 4665 καταπλαγεὶς
1906 4591 2018 4649 οὕτε

2128 4588 2329 4660 jussit.
2364 4588 2558 4658 Legati
2617 4587 3075 4642 homuncionem
3127 4602 3331 4640 senem
3370 4584 3780 4657 inspicientes,

371 4684 476 4733 τῶν
510 4677 814 4734 σταλέντων
845 4682 943 4748 τὴν
977 4678 1241 4749 ἐξουσίαν,
1300 4677 1355 4732 έν
1417 4678 1563 4752 μέσῳ
1618 4684 1699 4752 τῷ
1728 4679 1873 4737 ἄστει
1934 4704 2027 4759 γε-

377 4767 626 4840 νόμενος,
658 4774 758 4838 τῆς
818 4764 1109 4847 χλαμύδος
1170 4766 1393 4842 θατέρου
1447 4772 1553 4822 τῶν
1603 4767 2021 4826 ἀποσταλέντων

374 4851 680 4929 λαϐόμενος
736 4852 1006 4926 ἀποϐῆναι
1053 4856 1149 4911 106
1203 4853 1378 4911 'imrou
1434 4855 1665 4913 κελεύει.
1727 4860 1789 4913 Οἱ
1849 4856 1907 4914 δὲ
1938 4883 2024 4935 μι-

370 4946 497 5018 κρὸν
534 4943 815 5022 γερόντιον
876 4942 1109 5015 ΐδόντες,
1170 4943 1361 5013 εὐτελῆ
1426 4942 1584 5019 ῥάκια
1623 4942 2025 5023 περιϐεϐλημέ-

371 5052 481 5101 νον,
511 5035 706 5105 πρῶτα
739 5032 834 5104 μὲν
867 5030 1236 5107 ἐχαλέπηναν·
1280 5027 1467 5099 ἐπειδή
1523 5029 1580 5086 δέ
1623 5054 1764 5096 τινες
1794 5037 1892 5105 τήν
1925 5040 2021 5091 106

372 5118 565 5196 ἀνδρὸς
598 5118 884 5192 ἐδήλωσαν
944 5119 1164 5195 ἀρετὴν,
1221 5114 1497 5190 ἀπέϐησᾶν
1557 5141 1617 5175 τε
1670 5126 1779 5177 τῶν
1834 5123 2018 5180 ἳππων

369 5209 457 5264 καὶ
486 5214 597 5265 τῶν
655 5209 864 5266 ἐκείνου
942 5209 1180 5285 γονάτων
1237 5202 1631 5283 ἐπιλαϐόμενοι
1688 5214 2045 5288 συγγνώμην.

370 5297 616 5370 ἐζήτουν.
644 5300 705 5356 Ὀ
733 5296 790 5354 δὲ
813 5306 913 5369 τῆς
945 5298 1090 5360 θείας
1140 5295 1332 5375 σοφίας
1389 5296 1724 5377 ἐμφορηθεὶς
1779 5302 2019 5359 τοιοῖσδε

2139 4677 2352 4749 pannis
2377 4676 2592 4731 vilibus
2634 4674 2913 4744 obsitum,
2947 4675 3239 4747 principio
3271 4674 3563 4747 indignari
3591 4691 3603 4728 :
3646 4690 3785 4729 mox

2135 4783 2169 4822 a
2202 4766 2558 4838 quibusdam
2590 4765 2663 4820 de
2695 4766 2909 4820 virtute
2941 4765 3203 4820 hominis
3225 4765 3509 4820 certiores
3538 4764 3675 4820 facti
3708 4765 3780 4819 ab

2136 4857 2304 4928 equis
2337 4854 2793 4923 descenderunt,
2826 4870 3139 4927 genuaque
3172 4853 3302 4924 ejus
3334 4858 3638 4925 tangentes
3683 4870 3779 4908 ve-

2132 4948 2297 5002 niam
2326 4951 2623 5019 rogarunt.
2640 4948 2715 5000 At
2738 4945 3143 5001 Macedonium
3159 4943 3357 4999 divina
3385 4944 3663 5014 impletus
3683 4960 3782 4998 sa-

2130 5037 2464 5109 pientia,ita
2493 5053 2592 5091 eos
2624 5039 2714 5090 est
2740 5035 2954 5089 affatus
2979 5050 2991 5086 :
3026 5033 3231 5098 Dicite,
3255 5031 3451 5098 amici,
3477 5032 3623 5085 meis
3650 5031 3777 5086 haec

2129 5126 2321 5182 verbis
2350 5125 2694 5197 imperatori
2723 5141 2735 5179 :
2761 5125 2889 5177 Non
2918 5123 3241 5193 imperator
3268 5125 3499 5175 tantum
3556 5135 3638 5188 es,
3672 5119 3775 5175 sed

2130 5216 2307 5272 etiam
2338 5215 2515 5270 homo
2550 5230 2563 5268 :
2598 5229 2720 5267 non
2750 5212 2949 5283 itaque
2982 5211 3296 5283 imperium
3326 5208 3522 5273 modo,
3543 5208 3644 5264 sed
3675 5226 3777 5264 na-

2128 5311 2318 5360 turam
2372 5318 2606 5375 quoque
2637 5307 2868 5372 reputa.
2913 5301 3138 5371 Quippe
3172 5298 3348 5353 homo
3402 5313 3541 5367 cum
3580 5297 3682 5366 sis,
3716 5298 3779 5353 in

1570 5428 1932 5486 XYLANDRI
1972 5433 2059 5486 ET
2101 5430 2319 5486 GOARI
2358 5430 2579 5483 NOTAE.

441 5552 552 5623 (50)
586 5554 762 5627 Potes
785 5553 1221 5627 etiamvertere
1251 5549 1560 5627 leprosos;
1589 5568 1732 5627 nam
1769 5546 1958 5627 λώϐην
1989 5555 2305 5627 aliquoties
2330 5570 2433 5626 pro
2460 5553 2624 5624 lepra
2653 5549 2769 5605 κατ’
2811 5547 3007 5625 ἐξοχὴν
3078 5550 3287 5606 dicunt
3340 5550 3399 5606 hi
3432 5552 3772 5624 scriptores.

368 5622 717 5695 Exemplum
748 5623 934 5679 habes
965 5622 1036 5678 de
1066 5622 1232 5694 lepra
1257 5622 1629 5678 Constantini
1662 5625 1876 5696 Magni.
1910 5628 2053 5685 XYL.
