4124 6312
398 339 516 400 615

1756 334 2070 397 GEORGII
2114 335 2450 397 CEDBENI

3678 342 3788 402 6l6

404 471 527 527 nali
556 475 723 544 parte
753 469 866 526 fori
897 469 1062 526 curia
1101 475 1208 538 est,
1243 486 1420 541 quam
1451 472 1564 526 Leo
1599 470 1828 526 Verinaa
1867 469 2040 524 mari-

2171 466 2312 542 Πρὸς
2341 465 2397 522 δὲ
2425 469 2492 523 τὰ
2525 467 2712 544 βόρεια
2747 472 2845 524 τοῦ
2893 469 3064 544 φόρου
3119 464 3230 525 ἔστι
3287 470 3348 526 τὸ
3407 491 3636 540 σενατον,
3667 471 3788 551 ὅπερ

399 567 497 616 tus
523 559 808 615 incendit.
837 559 923 614 lbi
955 565 1124 631 porta
1173 565 1264 615 est
1301 559 1502 614 Dianae
1550 558 1882 630 Ephesinae,
1911 575 2042 613 mu-

401 668 514 706 nus
545 651 801 722 Trajani.
833 653 898 706 In
930 667 1000 706 ea
1023 655 1164 706 sunt
1191 666 1482 722 expressa
1521 665 1713 704 causai
1744 648 1883 704 belli
1907 649 2044 720 Scy-

405 740 566 805 thici,
601 741 913 813 Gigantum
971 755 1188 813 pugna,
1237 738 1489 794 fulmina
1516 738 1690 805 Jovis;
1741 739 2045 809 Neptunus

400 831 722 886 tridentem
756 835 1016 902 gestans,
1059 827 1266 900 Apollo
1298 844 1438 884 arcu
1487 827 1833 883 instructus.
1890 827 2048 881 Infra

399 920 672 992 Gigantes
693 919 1016 974 draconum
1047 933 1109 971 1n
1139 915 1380 972 modum
1423 917 1738 982 irruentes,
1773 914 2046 970 manibus

397 1009 601 1082 glebas
631 1008 694 1062 in
754 1007 1006 1062 sublime
1050 1007 1366 1078 jactantes,
1399 1011 1630 1060 torvum
1679 1007 1932 1058 tuentes.
1969 1002 2047 1058 Ad

395 1097 510 1153 fori
543 1113 720 1169 porro
749 1097 1007 1168 plateam
1040 1100 1200 1150 stant
1237 1095 1368 1150 dua:
1412 1099 1642 1150 statuae.
1677 1095 1802 1148 Una
1845 1108 2049 1147 versus

398 1203 676 1242 occasum
707 1185 927 1240 Lindize
960 1186 1253 1252 Minervas,
1285 1183 1513 1238 casside
1541 1189 1768 1238 armata
1799 1186 1856 1236 et
1887 1197 2052 1236 mon-

401 1281 522 1330 stro
547 1277 872 1348 Gorgoneo,
897 1275 1056 1330 circa
1084 1273 1306 1328 collum
1333 1273 1624 1343 anguibus
1657 1270 2047 1342 complicatis.

400 1365 494 1420 Sic
523 1365 683 1420 enim
727 1363 1048 1436 imaginem
1079 1363 1208 1435 ejus
1238 1362 1418 1434 prisci
1465 1361 1824 1416 referebant.
1884 1359 2050 1415 Ortui

400 1453 673 1526 opposita
729 1453 946 1522 altera,
997 1451 1354 1524 Amphitrite
1412 1456 1522 1519 est,
1574 1450 1771 1506 cancri
1815 1449 2050 1504 forfices

397 1543 622 1598 habens
657 1558 834 1614 super
863 1541 1257 1614 temporibus:
1293 1540 1496 1596 Rhodo
1527 1539 1785 1595 adducta
1811 1537 1941 1592 fuit.

2151 552 2348 626 ἒκαόθη
2387 557 2490 612 ὑπὸ
2521 556 2754 618 Λέοντος
2781 561 2882 613 τοῦ
2909 564 3010 626 τῆς
3041 557 3297 634 Βηρίνης,
3329 559 3382 614 έν
3412 559 3460 631 ᾠ
3489 558 3634 632 πύλη
3686 561 3786 618 ἐστὶ

2149 645 2248 712 τῆς
2279 645 2526 724 Ἐφεσίας
2565 643 2912 720 Ἀρτέμιδος,
2943 648 3213 724 Τραϊανοῦ
3244 643 3392 722 δῶρη
3405 669 3500 720 μα,
3528 656 3628 716 τῆς
3659 655 3786 704 Σκυ-

2151 733 2258 787 θῶν
2294 736 2482 812 μάχης
2513 728 2718 810 ἔχουσα
2737 735 2835 798 τὰς
2865 734 3162 802 αἷτίαςτήν
3215 741 3322 790 τῶν
3383 737 3652 810 Γιγάντων
3687 740 3786 812 μά-

2155 839 2264 896 χην
2293 821 2384 877 καὶ
2419 822 2548 884 τοὺς
2577 822 2866 898 κεραυνοὺς
2903 829 3000 879 τοῦ
3033 824 3156 885 Διὸς
3203 824 3294 879 καὶ
3348 825 3442 880 τὸν
3487 823 3787 883 Ποσειδῶνα

2152 909 2250 967 οῦν
2279 915 2348 986 τῇ
2377 911 2590 987 τριαίνῃ
2618 912 2711 968 καὶ
2755 914 2848 968 τὸν
2909 911 3244 970 Ἀπόλλωνα
3278 913 3432 986 τόξον
3488 913 3790 991 ἐσκευασμέ-

2153 1021 2269 1071 νον,
2302 999 2450 1055 γάτω
2481 997 2539 1056 δὲ
2585 1003 2714 1064 τοὺς
2743 1001 2994 1079 γίγαντας
3047 1003 3123 1066 ὡς
3152 999 3446 1078 δράκοντας
3501 1003 3790 1080 ἐπερχομέ-

2155 1109 2304 1158 νους,
2335 1089 2496 1168 χερσὶ
2529 1089 2750 1164 βώλους
2783 1089 3106 1165 ῥιπτοῦντας
3137 1091 3214 1154 εἰς
3245 1091 3380 1167 ὕψος
3420 1092 3511 1148 καὶ
3538 1090 3789 1168 βλοσυρὸν

2157 1180 2506 1252 εἰσορῶν-τας.
2565 1179 2918 1238 Ἱστανταιδὲ
2947 1203 3085 1257 προς
3142 1184 3242 1252 τήν
3308 1187 3406 1238 τοῦ
3461 1183 3630 1258 φόρου
3660 1182 3791 1238 πλα-

2157 1274 2302 1324 τεῖαν
2337 1269 2625 1344 ἀγάλματα
2657 1268 2774 1341 δύο,
2808 1269 2946 1346 πρὸς
2991 1271 3084 1343 μὲν
3146 1268 3292 1326 δύσιν
3348 1272 3411 1328 τὸ
3441 1279 3540 1342 τῆς
3598 1269 3796 1336 Λινδίας

2158 1359 2416 1428 Ἀθηνᾶς,
2447 1359 2645 1431 κράνος
2674 1357 2803 1433 ἔχον
2861 1359 2949 1414 καὶ
3018 1360 3082 1415 τὸ
3141 1359 3458 1435 Γοργόνειον
3507 1361 3660 1436 τέρας
3713 1363 3791 1416 καὶ

2161 1445 2313 1526 ὄφεις
2343 1447 2464 1520 περὶ
2505 1447 2598 1502 τὸν
2656 1449 2742 1520 [Ρ.
2801 1450 2927 1522 323]
2977 1448 3261 1524 τράχηλον
3324 1447 3791 1526 έμπεπλεγμένους

2161 1534 2358 1606 (οὕτως
2390 1533 2486 1610 γὰρ
2516 1534 2578 1590 τὸ
2605 1533 2838 1591 εἴδωλον
2895 1535 3066 1604 αὐτῆς
3127 1538 3180 1592 οἱ
3235 1536 3465 1593 παλαιοὶ
3513 1539 3794 1614 ἱστόροῦν),

395 1629 534 1703 πρὸς
565 1626 622 1682 δὲ
650 1629 748 1698 τήν
781 1627 1054 1697 ἀνατολὴν
1086 1630 1120 1696 ἡ
1157 1625 1510 1702 Ἀμφιτρίτη,
1563 1622 1749 1700 χηλὰς
1787 1619 1992 1699 ἔχουσα
2036 1621 2292 1698 καρκίνου
2339 1619 2428 1676 ἐπὶ
2479 1626 2588 1676 τῶν
2637 1623 2948 1698 κροτάφων.
3003 1625 3190 1700 ’Ἤχθη
3247 1621 3305 1679 δὲ
3355 1625 3447 1679 καὶ
3504 1625 3638 1695 αὐτή
3692 1624 3788 1680 ἀπό

398 1715 617 1773 Ῥόδου.

473 1809 899 1865 Constantinus
919 1809 1119 1882 posuit
1146 1824 1420 1881 magnam
1453 1823 1708 1862 crucem.

470 1989 734 2052 Quatuor
763 1987 1014 2060 pedibus
1054 1987 1363 2043 sufl‘ultum
1395 2004 1566 2059 opus,
1598 1984 1758 2057 quod
1806 1988 2054 2039 conten-

398 2077 623 2133 tionem
654 2083 966 2134 ventorum
997 2082 1230 2144 vocant,
1261 2075 1626 2132 Theodosius
1653 2077 1894 2146 Magnus
1925 2089 2052 2130 ere-

394 2167 498 2235 xit,
532 2167 859 2239 pyramidis
888 2167 1140 2222 formam
1168 2166 1494 2238 depingeus
1529 2170 1585 2220 et
1618 2163 1900 2218 ﬁctilibus
1931 2162 2055 2217 ani-

396 2255 655 2311 malibus
703 2272 1022 2324 exornans,
1075 2254 1464 2327 germinibus,
1524 2253 1815 2308 fructibus
1875 2256 2052 2321 atque

397 2343 574 2398 malis
594 2343 850 2414 punicis.
885 2344 1056 2399 Stant
1081 2348 1139 2398 et
1167 2343 1312 2398 nudi
1343 2343 1612 2408 Amores,
1645 2341 1898 2396 invicem
1941 2338 2053 2394 sibi

402 2431 622 2486 blande
641 2421 978 2487 arridentes
1001 2437 1060 2486 et
1079 2430 1234 2486 infra
1259 2429 1704 2486 transeuntibus
1735 2415 1890 2486 563
1921 2427 2054 2483 illu-

399 2518 623 2574 dentes.
653 2521 908 2574 Rursum
935 2518 1035 2573 alii
1054 2518 1460 2574 adolescentes
1483 2516 1861 2572 subsidentes
1881 2516 2052 2572 aereis

397 2607 558 2662 tubis
587 2611 794 2662 ventos
823 2607 1118 2674 influant;
1161 2613 1220 2663 et
1267 2607 1458 2680 imago
1489 2622 1662 2663 cerea
1715 2607 1778 2661 in
1809 2604 2049 2660 sublimi

395 2697 600 2752 volans
621 2701 825 2752 acutos
855 2696 1033 2752 ﬂatus
1063 2703 1374 2752 ventorum
1407 2695 1670 2752 denotat.

463 2785 634 2840 Tauri
666 2790 921 2842 statuam
969 2786 1170 2857 posuit
1206 2787 1448 2858 Magnus
1493 2783 1878 2855 Theodosius,
1911 2801 2048 2856 suas

393 2883 602 2932 contra
657 2877 902 2949 Scythas
961 2877 1366 2932 continentem
1449 2892 1676 2948 pugnas
1742 2881 1802 2930 et
1847 2875 1918 2930 de
1974 2875 2049 2930 iis

397 2970 592 3022 statua
619 2971 861 3038 tropaea.
883 2966 1070 3022 Habet
1091 2967 1250 3022 intus
1279 2967 1431 3021 viam
1463 2981 1700 3022 sursum
1729 2965 2042 3020 ferentem.

395 3056 589 3126 Eques
646 3071 822 3127 porro
877 3056 940 3110 in
997 3055 1152 3111 bivio
1211 3055 1440 3128 positus
1494 3055 1619 3128 ipse
1678 3059 1768 3110 est
1804 3055 2044 3127 Magnus

2079 1805 2127 1871 B

2229 1802 2350 1859 Ὅτι
2401 1802 2430 1857 6
2489 1806 2897 1864 Κωνσταντῖνος
2981 1800 3174 1875 ἔστησε
3272 1803 3365 1859 τὸν
3429 1802 3598 1882 μέγαν
3651 1825 3794 1860 σταυ-

2164 1889 2258 1965 ρόν
2288 1893 2423 1965 (4ο).

2233 1981 2355 2038 Ὅτι
2411 1981 2475 2036 τὸ
2531 1980 2884 2058 τετρασκελὲς
2946 1983 3248 2058 τέχνάσμα,
3281 1983 3310 2038 ὅ
3345 1979 3504 2060 δῆριν
3563 1982 3795 2058 λέγουσιν

2165 2067 2404 2142 ἀνέμων,
2431 2065 2648 2144 ἤγειρεν
2681 2071 2710 2124 6
2741 2071 2908 2148 μέγας
2939 2067 3250 2140 Θεοδόσιος,
3283 2067 3592 2146 πυραμίδος
3619 2077 3796 2146 σχῆμα

2167 2162 2482 2238 ζωγραφοῦν
2508 2159 2598 2214 καὶ
2661 2160 2822 2230 ζώοις
2879 2157 3146 2221 πλαστοῖς
3201 2159 3612 2234 κεκοσμημένον
3669 2158 3796 2235 βλιῐι⁸

2163 2255 2312 2312 στοῖς
2339 2271 2398 2304 τε
2424 2251 2514 2304 καὶ
2545 2256 2777 2327 καρποῖς
2816 2250 2907 2306 καὶ
2957 2249 3218 2328 ῥοΐσκοις.
3275 2251 3483 2324 Γυμνοί
3537 2271 3594 2306 τε
3620 2253 3792 2326 Ἐρω-

2161 2357 2248 2412 τες
2279 2336 2518 2394 ἵστανται
2548 2345 2966 2416 προσγελῶντες
2995 2337 3272 2410 ἀλλήλοις
3330 2339 3555 2415 ἡμέρως
3585 2339 3670 2395 καὶ
3692 2345 3794 2401 τοῖς

2159 2425 2310 2482 κάτω
2339 2433 2575 2504 περῶσιν
2630 2428 3005 2502 ἐμπαίζοντες.
3061 2425 3266 2486 ’Λλλοι
3297 2425 3355 2484 δὲ
3413 2433 3518 2504 (41)
3569 2428 3790 2485 ἐποκλά-

2165 2521 2344 2586 ζοντες
2373 2511 2610 2592 ἔμπαλιν
2664 2517 2800 2589 νέοι,
2855 2517 3106 2595 σάλπιγξι
3164 2518 3406 2594 χαλκαῖς
3463 2517 3790 2598 ἐμφυσῶντες

2160 2605 2415 2680 ἀνέμους.
2446 2605 2698 2664 Χαλκοῦν
2728 2603 2785 2664 δὲ
2819 2607 3010 2683 βρέτας
3044 2606 3242 2681 ὑψόθεν
3291 2609 3589 2683 πετόμενον
3640 2607 3791 2668 πνοᾶς

2160 2692 2370 2772 λιγείας
2402 2692 2632 2752 δεικνύει
2659 2701 2769 2752 τῶν
2801 2695 3038 2771 ἀνέμων.

2227 2785 2353 2842 ’Ὁτι
2381 2785 2471 2840 τὸν
2491 2790 2589 2842 τοῦ
2618 2785 2824 2862 ταύρου
2871 2785 3028 2842 κίονα
3085 2785 3304 2858 ἔστησεν
3337 2787 3370 2842 ὁ
3405 2787 3568 2864 μέγας
3606 2781 3782 2843 Θεοδό-

2158 2893 2295 2944 σιος⁷
2329 2873 2564 2951 τρόπαια
2609 2873 2700 2930 καὶ
2761 2873 2944 2948 μάχας
3007 2869 3204 2950 ἔχοντα
3259 2876 3403 2932 κατᾶ
3469 2878 3672 2932 Σκυθῶν
3695 2874 3774 2930 καὶ

2159 2957 2450 3039 βαρϐάρων
2477 2967 2576 3018 τοῦ
2605 2963 2791 3020 αὐτοῦ.
2821 2966 2986 3043 ⁸Ἐχει
3017 2961 3073 3020 δὲ
3101 2965 3265 3027 οὗτος
3301 2961 3520 3032 ἔνδοθεν
3543 2966 3622 3020 καὶ
3663 2960 3768 3018 ὁδὸν

2155 3052 2269 3108 ἄνω
2309 3054 2590 3130 φέρουσαν.
2635 3051 2734 3111 Καὶ
2775 3054 2803 3108 6
2843 3053 2979 3109 κατᾶ
3003 3054 3067 3110 τὸ
3098 3052 3343 3134 ἄμφοδον
3407 3054 3466 3112 δὲ
3495 3057 3647 3118 έστὼς
3690 3054 3776 3108 ἱπ-

392 3143 755 3199 Theodosius
783 3143 1052 3201 dextram
1105 3160 1310 3199 versus
1340 3143 1547 3199 urbem
1599 3142 1942 3212 intendens,
1972 3158 2040 3198 ac

2161 3141 2332 3238 πότης
2389 3140 2551 3204 αὐτός
2603 3140 2748 3238 ἐστιν
2794 3143 2823 3197 6
2852 3141 3037 3238 péyac‘
3067 3139 3354 3208 Θεοδόσιος
3407 3150 3566 3222 χεῖρα
3607 3143 3775 3199 τείνων

396 3236 736 3288 monstrans
767 3233 1054 3304 inscripta
1083 3238 1290 3288 statuas
1323 3238 1564 3304 tropzea.

466 3411 578 3464 Bos
609 3425 800 3465 aereus
825 3411 1110 3481 Pergamo
1141 3409 1255 3464 fuit
1311 3409 1548 3465 allatus.
1581 3409 1861 3465 Caminus
1907 3408 2040 3476 fuit,

394 3497 455 3551 in
493 3514 607 3568 qua
633 3503 804 3553 ustus
835 3504 925 3554 est
954 3499 1200 3570 Antipas
1230 3503 1468 3554 sanctus
1505 3504 1748 3571 martyr.

463 3587 839 3642 Amastriana
868 3591 1066 3643 autem
1099 3588 1380 3644 dicuntur
1409 3588 1528 3644 sive
1552 3604 1586 3643 a
1615 3588 1873 3658 quodam
1904 3607 2042 3660 pau-

391 3691 530 3747 pere
563 3676 663 3748 qui
693 3667 951 3732 Amastri
981 3676 1268 3733 oriundus
1298 3677 1359 3732 in
1413 3676 1622 3733 urbem
1676 3679 2043 3750 paupertatis

385 3780 565 3819 causa
591 3765 771 3834 venit,
803 3765 1006 3838 ibique
1051 3771 1322 3822 mortuus
1367 3771 1477 3832 est,
1528 3767 1648 3822 sive
1673 3766 1746 3821 ab
1795 3767 2042 3824 infamia

382 3850 494 3908 loci
531 3853 659 3925 ejus
688 3854 972 3924 maxima,
1008 3855 1166 3928 quod
1205 3855 1287 3910 ibi
1327 3855 1584 3912 maleﬁci
1617 3860 1675 3910 et
1723 3856 2038 3914 homicidae

381 3941 670 4011 supplicio
689 3940 752 3996 af
753 3941 1469 4017 ﬁciuntur,turpissimam
1487 3945 2038 4002 denominationem

376 4030 608 4104 accepit
636 4036 880 4102 propter
939 4035 1388 4107 Paphlagonum
1437 4035 1786 4092 sceleratam
1834 4035 2034 4092 vitam.

376 4117 510 4174 Fuit
558 4119 881 4190 aliquando
939 4122 1022 4178 ibi
1077 4125 1403 4180 maximum
1447 4125 1738 4197 templum
1771 4125 1922 4181 Solis
1979 4125 2038 4180 e't

377 4207 576 4276 Lunae,
610 4208 673 4264 in
705 4227 821 4282 quo
852 4228 1055 4268 versus
1086 4214 1555 4286 septentrionem
1586 4213 1794 4270 ordine
1825 4219 2034 4270 statuaa

380 4295 652 4366 stabant;
685 4300 748 4356 in
779 4301 976 4357 medio
1003 4307 1203 4358 autem
1238 4304 1404 4359 sinus
1437 4308 1565 4360 erat
1593 4303 1834 4359 conchae
1865 4304 2035 4360 simi-

374 4387 449 4443 lis
479 4391 770 4462 rotundaa,
805 4407 988 4465 super
1017 4410 1196 4466 quem
1255 4395 1353 4450 Sol
1411 4395 1474 4449 in
1505 4394 1639 4450 albo
1671 4411 1870 4462 curru,
1903 4399 2031 4450 tum

376 4477 538 4534 Luna
557 4481 838 4552 nympha)
866 4481 928 4537 in
957 4499 1186 4538 morem
1210 4488 1496 4539 coronata
1513 4483 1666 4556 bigis
1685 4483 2027 4540 vehebatur.

377 4564 643 4635 Byzantis
666 4569 780 4624 ista
809 4575 979 4624 erant
1009 4586 1212 4642 opera,
1231 4571 1518 4628 Phidaliaa
1551 4573 1767 4628 mariti.
1798 4571 2032 4627 Inferne

371 4659 578 4708 autem
613 4656 686 4711 ad
715 4657 860 4712 aedis
888 4657 1279 4715 fundamenta
1307 4659 1552 4716 sedebat
1589 4661 1830 4732 quidam
1862 4677 2030 4732 scep-

2157 3225 2330 3299 δεξιάν
2361 3228 2498 3302 πρὸς
2527 3227 2626 3298 τήν
2653 3225 2839 3298 πόλιν,
2887 3228 2977 3284 καὶ
3009 3225 3218 3292 δεικνὺς
3273 3230 3340 3284 τὰ
3402 3228 3781 3306 ἐγγεγραμμένα

2153 3321 2231 3390 τῷ
2253 3316 2437 3391 στόλῳ
2463 3317 2718 3392 τρόπαια.

2221 3407 2349 3464 Ὀτι
2381 3407 2410 3461 6
2442 3404 2689 3486 χαλκοῦς
2739 3407 2869 3483 βοῦς
2927 3407 2988 3464 ἐκ
3015 3409 3312 3484 Περγάμου
3349 3407 3514 3479 ἦλθε,
3566 3407 3776 3482 κάμινος

2155 3493 2212 3551 δὲ
2241 3497 2306 3565 ἦν
2335 3495 2386 3551 ἐν
2479 3495 2776 3552 πέφλεκται
2810 3498 2838 3552 6
2869 3493 3026 3574 ἅγιος
3062 3498 3266 3573 μάρτυς
3295 3499 3573 3561 Ἀντίπας.

2221 3587 2344 3642 Ὅτι
2372 3584 2440 3640 τὰ
2470 3585 2864 3662 Ἀμαστριανοῦ
2893 3585 3105 3662 λέγεται
3136 3585 3246 3643 εἴτε
3292 3587 3402 3642 ἀπό
3457 3609 3599 3650 τινος
3651 3583 3780 3640 εὖτε-

2154 3671 2286 3736 λοῦς
2317 3671 2552 3746 πατρίδα
2594 3671 2832 3750 ’ἔχοντος
2877 3677 2976 3746 τὴν
3041 3678 3374 3752 ιἈμοιστριν,
3437 3665 3678 3737 ἐλθόντος
3727 3691 3779 3728 τε

2148 3763 2282 3817 κατᾶ
2311 3763 2492 3818 πενίαν
2525 3761 2576 3818 ἐν
2630 3767 2700 3836 τῇ
2759 3762 2922 3819 πόλει
2977 3764 3132 3819 κάκεῖ
3183 3763 3626 3837 τελευτήσαντος,
3680 3759 3778 3817 εἷ’τε

2149 3851 2254 3906 ἀπὸ
2285 3849 2528 3926 ἐνεργοῦς
2559 3858 2662 3921 τῆς
2687 3855 2784 3907 τοῦ
2811 3853 2986 3908 τόπου
3018 3851 3348 3930 δυσφημίας,
3385 3855 3474 3910 δτι
3502 3859 3602 3916 πᾶς
3653 3871 3776 3906 κακ-

2147 3945 2349 4016 οῦργος
2377 3941 2470 3996 καὶ
2501 3940 2694 4019 φονεὺς
2744 3940 2932 4006 αὐτόθι
2957 3943 3150 3998 τιννύει
3183 3941 3364 4014 δίκην,
3425 3944 3615 4014 γλῆσιν
3658 3935 3772 3996 ἔλα-

2147 4049 2242 4106 χεν
2273 4029 2565 4107 αἰσχίστην
2595 4037 2698 4100 τῆς
2744 4029 3114 4108 Παφλαγόνων
3143 4029 3313 4088 ἕνεκεν
3345 4031 3652 4108 βδελυρίας.
3681 4034 3770 4084 Ἦν

2145 4119 2202 4176 δέ
2232 4141 2363 4176 ποτε
2390 4121 2514 4184 ναὸς
2551 4119 2806 4196 μέγιστος
2843 4120 3030 4186 αὑτόθι
3071 4119 3266 4179 Ἠλίου
3305 4122 3396 4178 καὶ
3430 4121 3685 4192 Σελήνης,
3712 4117 3768 4172 οὗ

2141 4211 2279 4284 πρὸς
2310 4206 2505 4284 ἄρκτον
2563 4209 2739 4272 κίονες
2794 4207 3093 4285 στοιχηδὸν
3143 4209 3506 4282 εἶστήκεισαν,
3539 4209 3686 4284 μέσον
3717 4203 3768 4260 δὶ

2141 4299 2352 4365 κόλπος
2380 4299 2468 4354 οἶα
2496 4299 2710 4376 κόγχης
2739 4299 2988 4375 εὖγόρου,
3047 4300 3272 4376 ὕπερθεν
3304 4298 3362 4357 δὲ
3389 4300 3558 4372 αὐτῆς
3585 4299 3768 4358 Ἥλιος

2141 4387 2230 4444 ἐπὶ
2262 4387 2458 4444 λευκοῦ
2487 4387 2756 4462 ἅρματος,
2787 4391 2822 4458 ἡ
2857 4387 2916 4444 δὲ
2943 4387 3010 4444 αὖ
3034 4388 3251 4462 Σελήνη
3284 4394 3568 4468 νυμφικῶς
3591 4387 3764 4458 ἐστεμ-

2143 4476 2276 4550 μὲνη
2337 4475 2418 4556 ἐφ’
2458 4476 2786 4553 ἁρμαμάξης
2837 4475 3024 4552 ἤγετο.
3083 4477 3350 4548 Βύζαντος
3409 4477 3542 4556 ἔργα
3593 4479 3760 4532 ταῦτα.

2139 4569 2236 4621 τοῦ
2267 4562 2583 4640 Φειδαγείας
2615 4564 2944 4637 ξυνευνέτου.
2978 4567 3132 4645 Κατω
3171 4564 3228 4622 δὲ
3256 4568 3393 4642 πρὸς
3426 4565 3650 4643 θέμεθλα
3677 4559 3758 4616 δό-

2143 4675 2246 4727 μου
2279 4654 2508 4726 έκάθητό
2532 4675 2616 4717 τις
2655 4660 3008 4732 σκηπτοῦχος
3063 4655 3152 4712 ἐπὶ
3209 4659 3428 4734 θρόνου,
3481 4658 3568 4716 καὶ
3618 4655 3750 4712 λαοῖς

372 4740 564 4812 triger
593 4743 654 4799 in
703 4745 875 4810 solio,
925 4747 1334 4820 populumque
1372 4748 1624 4821 jubebat
1657 4745 2028 4822 magistratui

2158 4742 2384 4800 κέλευσε
2407 4748 2524 4806 τοῖς
2578 4749 2864 4820 κρατοῦσιν
2915 4745 3170 4802 ὑπείκειν.
3211 4747 3390 4804 Αὐτοῦ
3425 4746 3483 4804 δὲ
3509 4745 3632 4823 πρὸς
3655 4747 3748 4817 γῆν

373 4844 605 4901 parere.
643 4833 790 4890 567
827 4833 1054 4891 Ibidem
1083 4837 1158 4893 ad
1191 4842 1408 4894 terram
1439 4837 1597 4892 Jovis
1627 4843 1754 4894 erat
1781 4837 2024 4893 simula-

369 4937 538 4976 crum
569 4937 642 4977 ex
669 4923 806 4979 albo
837 4924 1054 4997 lapide,
1089 4927 1248 4998 quod
1277 4926 1586 4983 videbatur
1633 4927 1695 4982 in
1724 4927 1878 4983 lecto
1937 4944 2022 4984 se-

369 5010 530 5080 dere,
565 5029 713 5086 Opus
741 5015 986 5071 Phidias.

2131 4834 2196 4904 ἦν
2231 4833 2427 4909 βρέτας
2457 4833 2581 4897 Διὸς
2611 4833 2670 4889 ἐκ
2699 4833 2896 4890 λευκοῦ
2951 4833 3129 4904 λίθου,
3161 4833 3314 4910 ἔργον
3349 4835 3589 4909 Φειδίου,
3643 4829 3742 4900 ἱζά.

2128 4943 2242 4991 νον,
2268 4927 2348 4995 τῷ
2375 4919 2574 4994 δοκεῖν,
2607 4922 2694 4978 ἐπὶ
2741 4922 2958 4995 κλίνης.

1598 5142 1967 5200 XYLANDRI
1996 5145 2085 5199 ET
2115 5143 2332 5200 GOARI
2363 5142 2588 5198 NOT/E.

369 5258 506 5315 dam
537 5261 939 5340 dgservientes
969 5267 1192 5325 ibidem
1221 5269 1513 5340 repositas
1531 5268 1797 5324 narravit
1815 5273 2023 5324 auctor

370 5347 528 5412 anno
560 5334 930 5412 Constantini
963 5346 1192 5412 uiuet
1212 5334 1367 5412 VXI-IV,
1399 5340 1499 5394 ubi
1533 5340 1868 5412 expressius
1915 5357 2018 5396 co-

370 5401 940 5483 lumnameamdem
986 5411 1270 5483 depingit.
1323 5401 1502 5483 Cosa.
1607 5401 1626 5412 ”
1722 5448 1728 5454 -

440 5474 557 5554 (ἄρ)
579 5474 750 5548 Οἶμαι
783 5479 897 5555 τόν-
917 5474 1136 5555 ἐν-τόῖς
1165 5474 1616 5555 ’νάρτοπωλείοις,
1647 5482 1924 5554 ascripsit
1954 5483 2020 5538 li-

367 5543 618 5632 brarius
651 5543 922 5632 margini.
954 5551 1091 5632 Χγι..

437 5614 554 5687 (41)
587 5614 814 5676 Senarii
846 5627 985 5678 sunt
1015 5623 1076 5678 in
1102 5625 1324 5694 Graeco,
1360 5625 1462 5681 sed
1510 5625 1717 5697 quales
1771 5626 2016 5681 omnino

2129 5273 2431 5342 postrema
2451 5271 2594 5342 aetas
2623 5267 2871 5342 protulit
2892 5283 2907 5334 ;
2931 5274 2988 5342 et
3007 5268 3180 5342 paulo
3201 5275 3334 5342 post
3363 5269 3464 5328 alii
3484 5267 3754 5342 sequntuf

2130 5327 2217 5411 ae,
2233 5339 2444 5411 sole__e_t
2469 5327 2638 5394 lunsf
2655 5339 2728 5411 Et
2754 5327 3034 5411 librarius
3063 5327 3382 5411 adnatavit,
3429 5327 3586 5395 τοῦτὸ
3613 5327 3752 5411 νῦν-ὁ

2128 5407 2302 5470 πολὺς
2347 5405 2642 5487 ξνθρωπος-
2683 5406 2954 5483 ἆνεμοδοῦ
3001 5409 3180 5487 καλεῖ,
3209 5405 3410 5487 __vulgo
3457 5407 3754 5487 δυο-δεξειῐο

2129 5477 2458 5556 ᾶηθῐιιοὰιιί
2479 5481 2646 5556 quasi
2673 5477 2982 5556 ventorum
3011 5477 3176 5540 viam
3192 5477 3376 5556 dicas:
3403 5479 3610 5540 vocari.
3634 5477 3750 5531 ΧΠ.

2127 5558 2230 5610 ΑΝ.
2263 5548 2656 5625 ἀνεμοδοῦλιον
2684 5553 2712 5608 ?
