4126 6296
281 333 398 392 617

1419 335 1781 397 HISTORIA
1797 337 1974 399 RUM
2018 337 2543 407 COMPENDIUM
2556 390 2572 406 .

3576 343 3696 405 618

353 466 477 523 Ὅτι
510 464 539 520 6
576 465 908 546 Ξηρὸλοιρος
964 464 1124 544 ἔργον
1173 467 1315 523 ἐστὶν
1369 465 1686 542 Ἀρκαδίου,
1743 468 1964 543 ὅμοιον

2117 476 2493 548 Xerolophus
2521 478 2753 534 Arcadii
2786 495 2935 549 opus
2987 483 3099 546 est,
3133 482 3301 534 tauro
3345 494 3454 549 per
3500 480 3705 534 omnia

289 554 426 610 κατὰ
455 554 633 611 πάντα
664 559 746 627 τῷ
774 555 982 631 ταύρῳ.

353 646 479 701 Ὅτι
515 644 565 699 οἱ
598 643 888 723 ἐλέφαντες
917 645 970 699 οἱ
994 643 1046 700 ἐν
1083 647 1151 710 τῆ
1203 646 1389 721 Χρυσῇ
1420 645 1598 721 πόρτῃ
1653 645 1845 719 ὅμοιοί
1878 644 1949 699 εἷ-

287 751 368 785 σιν
402 731 478 785 ὧν
512 731 685 788 πάλαι
735 730 1023 794 Θεοδόσιος
1056 725 1272 803 ἐπιϐὰς
1332 731 1409 794 εἷς
1455 735 1558 803 τήν
1618 732 1782 789 πόλιν
1843 733 1949 787 ela—

290 817 496 891 ἤλασεν
507 864 522 877 .

364 909 428 967 Ὁ
484 907 646 973 αὖτὸς
699 909 862 988 μέγας
914 908 1204 975 Θεοδόσιος
1277 909 1579 983 ἐπεθύλησε
1623 905 1950 966 καταλαϐεῖν

290 998 363 1052 τά
388 996 777 1073 Ἰεροσόλυμα,
806 999 899 1055 καὶ
957 994 1394 1076 περιϐαλόμενος
1449 1007 1642 1075 σχῆμα
1675 997 1950 1054 ἷδιωτικὸν

291 1086 463 1155 ἦλθεν
513 1085 568 1142 ἐν
610 1109 676 1162 τῃ
708 1087 861 1163 πύλῇ
892 1090 992 1159 τὴς
1025 1088 1179 1162 ἁγίας
1211 1089 1584 1157 Ἀναστασίας,
1642 1088 1733 1142 καὶ
1787 1087 1954 1163 κρού-

292 1195 489 1237 σαντος
520 1172 704 1246 ἤνοιξέ
732 1198 816 1240 τις
861 1178 1174 1253 ὑπηρετῶν.
1236 1177 1457 1233 Πάντων
1491 1175 1548 1233 δὲ
1574 1183 1684 1233 τῶν
1731 1176 1951 1252 λύχνων

290 1259 651 1336 σϐεσθέντων,
682 1270 763 1338 τῷ
794 1265 1055 1321 εἰσελθεῖν
1085 1266 1177 1322 τὸν
1230 1265 1460 1340 βασιλέα
1487 1264 1758 1341 αἰφνίδιον
1788 1264 1953 1321 πάλιν

287 1353 617 1433 ἀνήφθησαν
649 1356 723 1418 ὡς
768 1355 820 1409 ἐν
867 1356 1190 1433 πανηγύρει.
1222 1358 1281 1410 Ὃ
1340 1354 1398 1411 δὲ
1455 1356 1699 1431 θυρωρὸς
1751 1353 1958 1411 ἐκπλα-

287 1464 412 1522 γεις
474 1445 757 1522 ἀπήγαγεν
829 1447 993 1501 αὐτον
1048 1446 1187 1520 πρὸς
1248 1447 1502 1516 Ἰωάννην
1557 1445 1954 1522 τὸνζάρχιερέα.

284 1517 355 1591 Ὀ
379 1531 441 1588 δὶ
479 1530 549 1587 δι’
578 1517 750 1609 εδχῆς
805 1537 889 1608 [Ρ.
944 1538 1069 1608 324]
1094 1517 1102 1520 ﬁ
1126 1533 1333 1612 ἐπέγνω
1377 1536 1564 1607 αὐτὸν,
1609 1517 1722 1591 καὶ.
1751 1517 1959 1607 Eua-xa-

290 1642 443 1698 ρισεν
473 1621 581 1689 ὅτι,
637 1620 892 1698 βασιλεὺς
923 1619 1019 1693 ὥν,
1071 1623 1122 1679 ἐν
1154 1624 1390 1698 τοιούτῳ
1444 1627 1695 1699 σχήματι
1733 1625 1957 1701 παρεγέ-

286 1730 421 1771 νετο
450 1719 823 1787 προσκυνῆσαι
853 1714 979 1775 τοὺς
1011 1712 1203 1789 ἀγίους
1233 1715 1456 1776 τὸπους.

375 1891 553 1953 Οὗτος
584 1891 612 1945 6
648 1890 811 1968 μέγας
843 1888 1132 1956 Θεοδόσιος
1163 1891 1428 1966 πολεμῶν
1476 1897 1556 1964 τῷ
1584 1892 1827 1967 τυράννῳ
1857 1892 1955 1948 Εὐ-

294 1979 494 2056 γενίῳ,
522 1981 696 2055 εύρὼν
726 1981 1017 2054 εὖκτήριον
1050 1982 1103 2036 έν
1150 1980 1233 2055 τῷ
1280 1983 1415 2057 ὅρει,
1471 1979 1655 2037 ῗ-Ξπνσεν
1715 1980 1801 2035 ἐπὶ
1858 1984 1959 2037 τοῦ

292 2066 536 2147 ἐδάφους
565 2067 773 2125 κλαίων
822 2070 914 2125 καὶ
972 2071 1064 2125 τὸν
1111 2071 1239 2126 Θεὸν
1296 2070 1550 2126 ἱκετεύων
1602 2069 1957 2144 ἐπικουρῆσαι

292 2157 474 2231 αὐτῷ.
527 2159 626 2216 Καὶ
711 2159 901 2234 μικρὸν
951 2159 1247 2235 ἀφυπώσας
1308 2158 1355 2230 ἐξ
1415 2158 1648 2232 ἀθυμίας
1706 2159 1808 2234 ὁρᾷ
1861 2155 1957 2212 δύο

290 2248 448 2310 τινὰς
481 2247 566 2328 ἐφ’
597 2247 787 2311 ἵπποις
837 2248 1057 2312 λευκοῖς
1097 2249 1462 2324 καθημένους,
1494 2249 1757 2323 λέγοντας
1813 2247 1962 2319 αὐτῷ

292 2339 517 2412 θαρσεῖν
549 2336 640 2392 καὶ
668 2338 761 2393 τὸν
805 2339 1035 2412 στρατὸν
1068 2336 1350 2413 διεγείρειν
1409 2338 1488 2403 εἷς
1541 2335 1809 2410 πόλεμον.
1842 2342 1963 2394 Τῶν

293 2422 357 2481 δὲ
382 2426 655 2503 φανέντων
685 2427 713 2481 6
749 2427 842 2500 μὲν
876 2425 1055 2502 ἔλεγεν
1078 2428 1267 2483 ἑαυτὸν
1300 2427 1578 2499 Ἰωάννην,
1611 2429 1638 2481 6
1671 2424 1729 2481 δὲ
1760 2425 1962 2482 Φίλιπ-

297 2532 407 2571 πον
428 2514 562 2579 τοὺς
594 2514 956 2579 ἀποστόλους.
1017 2515 1234 2588 Ταύτην
1266 2513 1322 2572 δὲ
1367 2518 1468 2586 τήν
1528 2516 1712 2593 ὅρασιν
1746 2516 1838 2571 καὶ
1884 2516 1962 2575 εἷς

296 2607 412 2659 τῶν
442 2609 794 2680 στρατιωτῶν
852 2602 982 2660 ἰδὼν
1011 2605 1318 2681 ἀπήγγειλε
1345 2610 1424 2678 τῷ
1459 2604 1695 2680 βασιλεῖ.
1731 2605 1829 2659 Καὶ
1868 2625 1969 2660 πο-

303 2691 485 2767 λέμου
514 2694 974 2769 συγκροτηθέντος
1005 2692 1311 2770 προσιρῥύη
1356 2695 1384 2748 ὀ
1433 2695 1658 2771 στρατός
1709 2699 1811 2751 τοῦ
1854 2694 1962 2752 Εὐ-

305 2784 494 2859 γενίυυ
524 2787 605 2855 τῷ
640 2781 874 2859 βασιλεῖ.
904 2790 1217 2860 Προηγεῖτο
1261 2781 1319 2838 δὲ
1374 2784 1426 2839 ἐν
1466 2789 1545 2858 τῷ
1603 2787 1815 2860 στρατῷ
1868 2786 1967 2838 τοῦ

307 2872 579 2949 Εὐγενίου
609 2875 645 2942 ἠ
704 2873 863 2929 εἰκὼν
911 2879 1010 2930 τοῦ
1056 2873 1375 2949 Ἡρακλέος,
1429 2872 1724 2929 Θεοδοσίου
1746 2870 1804 2927 δὲ
1836 2873 1864 2928 ὁ
1891 2873 1968 2927 τί·

317 2981 444 3036 μιος
476 2962 729 3034 σταυρὸς.
776 2965 896 3019 "Et:
947 2960 1004 3018 δὲ
1054 2956 1274 3034 ἔστησεν
1306 2963 1334 3017 ό
1369 2961 1624 3039 βασιλεὺς
1682 2959 1966 3024 Θεοδόσιος

316 3052 400 3105 καὶ
424 3053 519 3107 τὸν
553 3053 708 3107 κίονα
762 3056 864 3106 τοῦ
921 3051 1145 3129 ταύρου.
1199 3053 1383 3122 Κτίζει
1442 3049 1499 3109 δὲ
1550 3052 1640 3107 καὶ
1698 3050 1861 3106 πόλιν
1915 3050 1968 3104 ὲν

327 3139 517 3215 Θρᾴκῃ,
554 3137 989 3198 Θεοδοσιόπολιν
1023 3141 1320 3215 ὀνομάσας,
1349 3143 1449 3211 τὴν
1480 3140 1607 3215 πρὶν
1656 3138 1960 3213 λεγομένην

327 3230 533 3304 ’Δπρων
563 3230 671 3286 ἀπὸ
700 3234 798 3286 τοῦ
827 3230 1108 3294 κτίσαντος
1130 3231 1306 3300 ,αὐτὴν
1364 3231 1482 3285 κατ’
1511 3229 1694 3304 ἀρχὴν
1723 3231 1960 3302 Ἀπρου,

318 3317 377 3380 ὅς
398 3318 463 3388 ἣν
492 3320 748 3395 πενθερὸς
780 3320 1009 3395 Καρίνου
1063 3322 1200 3395 (42),
1262 3321 1320 3380 ὅς
1374 3319 1465 3374 καὶ
1521 3317 1730 3374 ἀνεῖλεν
1781 3316 1964 3372 αὐτὸν.

312 3410 531 3465 Ἔκτισε
561 3406 619 3464 δὲ
639 3409 729 3464 καὶ
758 3408 939 3484 ἑτέραν
971 3408 1134 3465 πόλιν
1164 3406 1248 3462 ἐπ’
1269 3404 1501 3481 ὀνόμὴτι
1525 3409 1626 3465 τοῦ
1657 3407 1779 3464 υἱοῦ
1800 3405 1966 3460 αὐτοῦ

308 3493 768 3571 ’Δρκαδιόπολιν,
798 3498 861 3552 τὸ
894 3498 1020 3572 πρὶν
1050 3495 1387 3572 Βεργούλιον
1420 3494 1739 3573 λεγομένην.

379 3584 646 3661 Εὖγενίου
728 3588 1161 3658 τυραννήσαντος
1245 3584 1559 3663 ἀντιγράφει
1624 3585 1715 3640 καὶ
1773 3580 1969 3659 Ἀρϐά-

303 3696 508 3751 γαστος
541 3677 569 3730 ὁ
598 3676 706 3731 ἀπὸ
739 3674 1007 3738 Γαλατίας
1057 3675 1149 3731 σὺν
1197 3675 1342 3747 αὐτῷ
1398 3681 1744 3749 τυραννῆσαι.
1774 3674 1967 3731 Ἀκού-

308 3785 408 3829 σας
440 3762 500 3820 δὲ
528 3763 582 3820 ἐν
609 3766 796 3840 Ῥώμῃ
825 3766 853 3820 6
888 3766 1080 3840 μικρὸς
1112 3763 1584 3835 Οὐαλεντινιανὸς,
1617 3764 1646 3819 6
1675 3767 1771 3818 τοῦ
1804 3764 1968 3839 μεγά-

308 3854 417 3911 λου
448 3852 899 3910 Οὐαλεντινιανοῖὶ
926 3859 1078 3923 παῖς,
1116 3854 1332 3932 ἀγχόνῃ
1361 3852 1657 3930 ἐχρήσατο.
1708 3854 1968 3909 Ἒσπευσε

310 3941 376 3999 δὲ
404 3945 433 3998 6
468 3942 634 4020 μέγας
656 3941 940 4005 Θεοδόσιος
992 3943 1071 4006 εἲς
1128 3941 1402 4015 ἐκδίκησιν
1458 3942 1647 4001 αὐτοῦ.
1692 3942 1880 4013 Ἐξιὼν
1910 3939 1970 3996 δὲ

308 4033 455 4089 κατᾶ
476 4038 575 4089 τοῦ
602 4035 860 4110 τυράννου
892 4033 1152 4109 Εὐγενίου
1210 4031 1316 4091 οὐλ
1375 4029 1486 4103 ἰδίᾳ
1518 4031 1674 4106 ἰσχύϊ
1731 4029 1969 4105 ἒθάρῥη-

310 4123 702 4191 σεν,1ωάννου
751 4119 808 4177 δέ
862 4143 1010 4185 τινος
1067 4122 1371 4200 Αἰγυπτίου
1424 4125 1669 4197 μοναχοῦ
1726 4120 1967 4197 μεγαλου

306 4215 417 4282 τὴν
450 4208 654 4289 ῥάϐδον
684 4211 797 4268 ἀντὶ
854 4210 1103 4287 δόρατος,
1132 4213 1233 4281 τὴν
1263 4208 1516 4286 ἐπωμίδα
1550 4208 1607 4266 δὶ
1669 4210 1787 4264 ἀντὶ
1833 4209 1970 4284 κρά-

305 4322 441 4364 νους
484 4301 875 4376 ὁπλισάμενος,
931 4302 1069 4357 κατὰ
1121 4300 1321 4378 κράτος
1378 4302 1472 4356 τὸν
1531 4299 1817 4373 ἀλιτήριον
1852 4317 1967 4373 χει-

308 4396 506 4468 ροῦται
537 4395 712 4461 ζῶντα
739 4392 831 4447 καὶ
861 4390 990 4455 τοὺς
1009 4391 1102 4446 σὺν
1130 4391 1282 4463 αύτῷ
1311 4388 1515 4447 ἀνεῖλε.
1547 4389 1699 4446 Μετὰ
1758 4386 1817 4442 δὲ
1871 4387 1970 4456 τὴν

304 4480 471 4551 νίκην
500 4479 697 4538 τούτου
723 4478 981 4544 εἰσελθὼν
1040 4479 1093 4534 ἐν
1149 4478 1338 4553 Ῥώμῃ
1392 4476 1652 4534 πλεῖστον
1707 4479 1777 4550 τῇ
1811 4475 1968 4530 πόλει

2055 565 2271 621 simile.

2124 654 2437 726 Elephanti
2460 656 2534 711 ad
2556 658 2809 711 Auream
2832 662 3065 728 portam
3088 657 3311 713 similes
3343 662 3483 712 sunt
3503 672 3707 714 eorum

2056 744 2271 814 quibus
2304 746 2447 801 olim
2480 747 2543 801 in
2573 747 2784 802 urbem
2816 747 3080 803 invectus
3110 747 3224 802 fuit
3254 747 3635 803 Theodosius.

2128 921 2293 977 Idem
2322 939 2574 996 magnus
2602 921 2967 977 Theodosius
3014 921 3425 994 Hierosolyma
3481 922 3707 978 intrare

2061 1011 2309 1082 cupiens
2371 1029 2440 1067 eo
2491 1011 2699 1066 habitu
2741 1010 2957 1083 privati
3007 1010 3270 1065 hominis
3328 1028 3389 1066 se
3437 1012 3708 1078 contulit,

2059 1101 2341 1172 venitque
2373 1101 2448 1156 ad
2477 1107 2709 1173 portam
2755 1106 2974 1157 sancta
3006 1099 3353 1155 Anastasiaa.
3384 1103 3525 1155 Eam
3573 1118 3710 1156 cum

2060 1190 2378 1261 pulsasset,
2458 1191 2712 1245 famulus
2769 1190 3011 1261 quidam
3066 1190 3316 1261 aperuit.
3374 1189 3514 1245 Cum
3575 1208 3709 1245 vero

2062 1296 2272 1334 omnes
2314 1278 2573 1334 lucernas
2625 1284 2825 1335 essent
2855 1278 3180 1345 exstinctae,
3215 1279 3588 1350 imperatoris
3620 1279 3713 1333 in-

2059 1369 2241 1425 troitu
2272 1371 2562 1425 universae
2594 1386 2859 1425 accensa:
2892 1369 3085 1424 subito
3118 1374 3275 1437 sunt,
3306 1374 3373 1424 ut
3403 1369 3464 1424 in
3497 1369 3713 1425 solem—

2060 1458 2267 1514 nitate.
2298 1461 2528 1515 Janitor
2556 1465 2757 1516 autem
2799 1460 3088 1515 attonitus
3137 1459 3426 1514 miraculo
3472 1476 3608 1514 eum
3640 1459 3715 1515 ad

2059 1550 2348 1604 Joannem
2379 1549 2724 1620 pontiﬁcem
2754 1548 3080 1604 maximum
3125 1548 3387 1604 adduxit.
3413 1549 3521 1614 Qui
3581 1565 3716 1604 eum

2065 1643 2131 1692 ut
2174 1643 2538 1709 agnosceret,
2598 1639 2787 1693 Deum
2853 1637 3151 1709 precando
3200 1642 3290 1693 est
3341 1642 3715 1704 consecutus,

2064 1726 2424 1797 beatumque
2456 1726 2797 1798 praedicavit
2826 1742 2838 1780 :
2869 1727 2970 1797 qui
3003 1742 3138 1781 cum
3171 1732 3330 1782 esset
3377 1726 3714 1798 imperator,

1989 1836 2033 1901 Β
2067 1816 2169 1871 tali
2200 1816 2410 1871 habitu
2439 1816 2696 1871 venisset
2724 1814 3034 1870 adoratum
3066 1831 3234 1870 sacra
3263 1815 3411 1870 loca.

2131 1903 2296 1958 Idem
2309 1903 2674 1959 Theodosius
2687 1903 2913 1958 bellum
2927 1919 3138 1974 gerens
3160 1910 3370 1958 contra
3384 1905 3714 1977 Eugenium

2061 1998 2402 2064 tyrannum,
2435 1993 2498 2047 in
2529 1997 2731 2047 monte
2764 1992 3088 2047 oratorium
3114 2008 3248 2047 cum
3279 1992 3620 2063 invenisset,
3653 1994 3717 2049 in

2061 2082 2465 2153 pavimentum
2497 2097 2626 2136 sese
2656 2081 2971 2152 prostravit
3017 2097 3085 2135 ac
3138 2080 3470 2152 lacrymans
3533 2083 3714 2137 Deum

2063 2186 2236 2241 opem
2276 2171 2566 2242 poposcit.
2619 2169 2761 2224 Inde
2821 2185 2955 2224 cum
2988 2186 3108 2240 pra:
3140 2169 3324 2225 animi
3364 2170 3714 2243 aegritudine

2064 2259 2377 2330 paululum
2430 2258 2905 2323 obdormivisset,
2975 2257 3120 2312 vidit
3161 2258 3224 2312 in
3280 2260 3511 2315 somnis
3568 2260 3717 2315 duos

2066 2347 2356 2417 quosdam
2387 2345 2540 2401 albis
2572 2345 2740 2417 equis
2771 2344 3123 2415 insidentes,
3160 2362 3195 2400 a
3224 2346 3438 2417 quibus
3461 2347 3718 2419 jubeba-

2066 2440 2164 2491 tur
2194 2435 2349 2490 bono
2407 2451 2535 2489 esse
2587 2434 2787 2489 animo
2844 2438 2904 2489 et
2951 2434 3276 2489 exercitum
3328 2435 3403 2489 ad
3461 2452 3720 2508 pugnam

2068 2524 2347 2580 excitare.
2366 2525 2585 2579 Eorum
2617 2523 2768 2578 alter
2793 2539 2855 2578 se
2874 2524 3186 2592 Joannem,
3212 2523 3362 2578 alter
3382 2524 3723 2597 Philippum

2066 2614 2367 2685 apostolos
2382 2612 2792 2668 nominabant.
2812 2611 2971 2667 Idem
2997 2611 3233 2667 cuidam
3245 2612 3502 2668 militum
3534 2615 3723 2669 visum

2067 2700 2359 2771 apparuit,
2392 2699 2562 2770 isque
2587 2714 2714 2753 rem
2746 2698 3088 2769 imperatori
3117 2698 3409 2769 exposuit.
3443 2700 3723 2754 Commis-

2067 2805 2133 2845 sa
2162 2794 2361 2844 autem
2392 2804 2589 2860 pugna
2618 2787 2912 2841 exercitus
2943 2785 3186 2852 Eugenii
3217 2786 3291 2841 ad
3321 2787 3718 2844 Theodosium

2067 2878 2323 2933 transiit.
2372 2876 2650 2931 Anteibat
2678 2875 2831 2932 568
2864 2875 3107 2944 Eugenii
3141 2875 3464 2930 exercitum
3525 2877 3716 2949 imago

2068 2966 2335 3021 Herculis
2368 3007 2383 3032 ,
2435 2963 2747 3019 Theodosii
2798 2962 3135 3017 veneranda
3176 2979 3342 3017 crux.
3399 2963 3719 3019 Constituit

2070 3071 2245 3126 porro
2263 3052 2626 3109 Theodosius
2639 3051 2977 3106 columnam
2994 3050 3167 3105 tauri.
3194 3052 3265 3104 Et
3284 3051 3344 3105 in
3358 3052 3607 3108 Thracia
3618 3070 3720 3107 ur-

2074 3144 2210 3198 bem
2231 3141 2497 3198 condidit
2519 3157 2698 3212 quam
2728 3157 2763 3195 a
2792 3156 2855 3194 se
2885 3138 3379 3210 Theodosiopolin
3399 3141 3729 3197 nominavit

2079 3248 2215 3288 cum
2244 3236 2381 3286 ante
2429 3232 2630 3301 Apron
2690 3228 2988 3284 diceretur
3019 3227 3090 3283 ab
3137 3233 3377 3283 auctore
3411 3246 3516 3284 suo
3547 3233 3725 3302 Apro,

2079 3336 2281 3376 socero
2340 3318 2538 3374 Carini
2580 3323 2639 3373 et
2682 3316 2773 3372 sui
2830 3316 3031 3388 generi
3082 3316 3483 3374 interfectore.
3537 3319 3732 3375 Aliam

2075 3425 2310 3481 quoque
2340 3407 2552 3464 urbem
2583 3406 2868 3475 condidit,
2908 3423 2976 3461 ac
3009 3405 3079 3461 de
3105 3406 3213 3461 ﬁlii
3262 3408 3506 3463 nomine
3545 3410 3730 3465 Arca-

2075 3498 2364 3570 diopolim
2396 3496 2562 3565 dixit,
2594 3512 2732 3551 cum
2762 3500 2900 3550 ante
2941 3495 3341 3566 appellaretur
3369 3496 3725 3570 Bergulium.

2145 3589 2291 3644 Cum
2321 3586 2615 3659 Eugenius
2674 3583 3055 3657 tyrannidem
3087 3585 3421 3652 invasisset,
3473 3587 3734 3659 Arboga-

2076 3683 2200 3733 stus
2232 3677 2411 3732 etiam
2456 3674 2656 3730 Gallus
2705 3674 2933 3728 socium
2966 3688 3027 3727 se
3059 3672 3189 3743 ejus
3245 3674 3548 3744 tyrannidi
3579 3693 3731 3746 pra:-

2075 3765 2224 3821 buit.
2255 3764 2322 3819 Id
2342 3779 2479 3819 cum
2510 3765 2709 3818 Romae
2740 3760 3102 3831 percepisset
3160 3760 3603 3817 Valentinianus
3626 3764 3730 3835 ju-

2075 3851 2228 3917 nior,
2271 3847 2670 3905 Valentiniani
2726 3845 2925 3919 magni
2986 3845 3166 3916 ﬁlius,
3221 3848 3540 3919 suspendio
3597 3866 3727 3906 sese

2074 3939 2191 3994 vita
2221 3937 2442 3995 eduxit.
2472 3936 2562 3990 Ad
2592 3951 2773 4006 quem
2795 3933 3205 3990 ulciscendum
3232 3935 3594 3993 Theodosius
3633 3955 3726 3993 ex-

2074 4029 2437 4101 peditionem
2470 4042 2708 4081 movens
2739 4041 2861 4080 non
2893 4030 2983 4080 est
3010 4026 3267 4097 propriis
3296 4027 3519 4084 viribus
3544 4030 3728 4085 confl-

2077 4135 2177 4174 sus
2202 4134 2215 4175 :
2244 4116 2348 4171 sed
2375 4115 2619 4171 Joannis
2650 4113 2963 4185 cujusdam
2988 4115 3239 4185 .rEgyptii
3268 4117 3466 4188 magni
3516 4135 3731 4174 mona-

2075 4206 2170 4262 chi
2200 4204 2481 4260 baculum
2509 4219 2615 4275 pro
2648 4203 2840 4267 hasta,
2885 4201 3185 4257 cucullam
3214 4220 3320 4274 pro
3351 4204 3518 4275 galea
3549 4223 3726 4261 usur-

2076 4312 2246 4367 pans,
2304 4292 2656 4365 Eugenium,
2715 4307 2864 4346 caaso
2915 4290 3044 4362 ejus
3075 4291 3388 4359 comitatu,
3420 4294 3621 4350 vivum
3671 4296 3735 4350 in

2078 4386 2431 4457 potestatem
2488 4379 2735 4452 redegit.
2768 4381 2816 4434 A
2846 4378 3094 4435 victoria
3147 4381 3449 4451 profectus
3491 4385 3739 4440 Romam

2080 4470 2342 4543 plurima
2371 4469 2431 4523 in
2459 4466 2668 4523 urbem
2690 4466 2981 4522 beneﬁcia
3029 4467 3305 4536 contulit,
3362 4469 3739 4543 abolevitque

307 4568 632 4644 ἐχαρίσατο,
663 4569 847 4624 καὶτὰ
879 4567 930 4623 ἐν
987 4573 1107 4631 τοῖς
1161 4567 1508 4645 μαγκιπείοις
1539 4568 1652 4640 (43)
1707 4569 1815 4620 τῶν
1869 4584 1964 4618 κα-

2078 4557 2573 4616 consuetudinem
2631 4573 2749 4627 qua
2798 4556 3098 4629 mancipia
3137 4557 3199 4613 in
3258 4557 3387 4614 loco
3418 4559 3739 4618 bestiarum

306 4660 693 4714 ταπιπτόντων
729 4659 882 4728 ζώων
917 4660 1049 4735 ἄχρι
1079 4659 1405 4733 γήρωςξτοῖς
1441 4654 1656 4730 μύλωσι
1688 4652 1972 4730 συγκλειο-

316 4749 497 4822 μένων
557 4748 648 4803 καὶ
731 4746 956 4819 ἀλήθειν
1014 4744 1487 4822 κατεπειγομένων
1560 4743 1826 4820 περιεῖλε,
1884 4742 1974 4798 καὶ

313 4838 418 4906 τήν
449 4840 560 4892 τῶν
582 4837 1000 4911 μοιχευομένων
1041 4841 1305 4913 γυναικῶν
1368 4829 1544 4909 ὕϐριν,
1601 4835 1699 4903 τήν
1733 4832 1784 4888 ἐν
1834 4851 1976 4907 πορ-

312 4925 462 4988 νείας
495 4922 586 4979 διὰ
611 4923 851 4987 κώδονος
882 4924 1286 5003 ἐλεγχομένην,
1316 4923 1627 4997 περιέκοψε.

390 5017 488 5087 Τῷ
522 5014 589 5068 ια’
620 5008 726 5070 ἔτει
769 5016 994 5086 νικήσας
1027 5013 1278 5088 Μάξιμον
1332 5013 1424 5068 τὸν
1479 5010 1740 5085 τύραννον
1790 5009 1972 5065 ἀνεῖλε

316 5103 411 5159 καὶ
445 5098 836 5180 Ἀνδραγάθιον
869 5104 959 5160 τὸν
992 5105 1294 5178 στρατηγὸν
1330 5101 1498 5158 αὐτοῦ
1527 5101 1601 5163 ὡς
1642 5101 1972 5177 φονεύσαντα

2087 4647 2467 4721 pereuntium
2498 4645 2562 4700 in
2599 4645 2847 4714 pistrina
2880 4645 3251 4702 dedebantur
3280 4653 3337 4703 et
3384 4649 3608 4706 molere
3640 4668 3739 4707 us-

2089 4762 2202 4818 que
2233 4745 2306 4800 ad
2338 4747 2706 4800 senectutem
2738 4742 3122 4816 cogebantur,
3155 4744 3419 4815 itemque
3462 4763 3594 4803 eam
3625 4765 3742 4819 qua

2087 4834 2495 4890 adulterarum
2524 4830 2846 4887 mulierum
2878 4831 3268 4887 scortationes
3315 4833 3470 4889 nolaa
3519 4836 3743 4891 tinnitu

2091 4921 2565 4995 publicabantur.

2139 5011 2463 5068 Undecimo
2477 5009 2957 5064 annoMaximum
2970 5011 3289 5080 tyrannum
3303 5010 3533 5065 necavit
3544 5015 3602 5066 et
3615 5012 3746 5084 ejus

2083 5102 2392 5174 copiarum
2414 5098 2624 5154 ducem
2646 5096 3139 5169 Andragathium,
3169 5102 3372 5168 utpote
3396 5097 3747 5157 interfecto-

1533 5229 1897 5285 XYLANDRI
1942 5229 2029 5283 ET
2069 5228 2286 5283 GOARI
2324 5225 2546 5280 NOT/E.

395 5357 511 5429 (42)
534 5360 661 5414 Imo
691 5357 1056 5429 Numeriani,
1085 5357 1187 5429 qui
1225 5355 1403 5429 hujus
1424 5356 1626 5429 frater,
1662 5355 1792 5411 Cari
1824 5354 1983 5410 ﬁlius

321 5425 456 5495 fuit,
484 5425 667 5507 gener
694 5430 869 5507 Apri:
905 5425 1121 5485 omnes
1137 5425 1423 5507 historici.
1477 5425 1587 5482 Sed
1648 5432 1708 5482 et
1737 5442 1871 5507 quae
1901 5442 1987 5507 se—

323 5508 593 5570 quuntur
620 5503 703 5556 ita
732 5501 983 5557 obscura
1014 5505 1173 5565 sunt,
1206 5505 1274 5555 ut
1311 5501 1358 5556 si
1390 5515 1517 5554 rem
1547 5515 1668 5553 non
1698 5514 1808 5553 acu
1858 5501 1988 5552 teti-

322 5570 540 5640 berim,
575 5574 787 5629 saltem
820 5574 1055 5629 veniam
1082 5572 1284 5627 videar
1314 5571 1582 5627 meritus.
1632 5571 1771 5624 XvL.

397 5643 512 5714 (g3)
574 5644 780 5701 Suidas
826 5660 839 5699 :

609 5836 875 5898 ΡΑτιιοῐ..
920 5838 1037 5897 Gn.
1080 5833 1289 5896 CXXI.

920 5641 1309 5718 aptonwle'iov
1352 5643 1415 5696 τὸ
1464 5644 1815 5718 μαγκιπεῖον-
1848 5637 1990 5718 ἐνῄιβ

328 5708 384 5764 οἳ
405 5708 571 5788 ’ἄρτοι
600 5715 865 5791 γίνονται.
897 5708 1027 5771 Non
1064 5716 1426 5786 mancipium,
1465 5708 1584 5769 'sed
1605 5710 1840 5783 pistoris
1869 5711 1991 5779 ofﬁ-

2094 5354 2240 5419 cina,
2266 5352 2570 5422 pistrinum
2603 5351 2694 5403 est
2727 5352 3064 5422 μαγκιπεῖον.
3100 5353 3182 5406 Ex
3215 5368 3331 5422 quo
3373 5352 3571 5410 minus
3598 5352 3746 5411 ﬁde-

2095 5424 2215 5495 lem
2247 5420 2331 5476 sic
2361 5420 3002 5495 restituesversionem
3028 5437 3063 5495 εγ
3090 5420 3432 5495 abolévitque
3461 5434 3751 5482 consuetu-

2097 5494 2299 5559 dinem,
2330 5508 2443 5562 qua
2471 5492 2531 5545 in
2556 5491 2843 5568 publicum
2893 5493 3195 5568 pistrinum
3223 5491 3464 5564 fort—uita
3510 5500 3751 5568 delapsa

2100 5572 2198 5620 aut
2250 5580 2379 5619 casu
2429 5565 2778 5639 occurrentia
2815 5564 3089 5639 animalia
3126 5568 3297 5624 molas
3348 5585 3512 5639 agere
3552 5564 3753 5626 ad'se-

2100 5642 2372 5693 nectutem
2401 5651 2571 5705 usque
2592 5635 2947 5704 cogebantur.
2980 5637 3156 5695 Gou.

3398 5828 3478 5888 20
