4124 6312
275 423 385 482 621

1401 415 1957 482 HISTORIARUM
2001 416 2563 483 COMPENDIUM.

3566 414 3687 477 62%

272 576 392 629 νικῃ
431 555 613 634 σφαγὴ
644 559 751 610 τῶν
788 556 846 609 ιδ’
877 552 1147 610 χιλιάδων
1180 554 1275 610 106
1323 553 1460 610 λαοῦ
1493 553 1596 608 ὑπὸ
1629 550 1918 609 Θεοδοσίου

2046 554 2319 610 salonicm
2349 552 2712 610 Theodosius
2736 556 2802 609 15
2823 553 3135 610 hominum
3158 554 3350 610 millia
3370 553 3689 622 interfecit,

276 645 500 720 γίνεται,
533 643 623 700 καί
650 645 717 699 τὰ
764 645 911 718 παρὰ
962 648 1061 699 τοῦ
1119 642 1277 721 ἁγίου
1338 637 1676 717 Ἀμϐροσίου
1707 639 1929 695 ἐπισκό-

278 756 384 790 που
435 731 789 791 Μεδιολάνων
848 733 924 796 εἰς
982 733 1143 789 αὐτὸν
1201 731 1429 809 βασιλέα
1456 730 1787 806 πραχθίντα.
1830 729 1930 784 Διὸ

276 824 367 879 καὶ
426 824 598 897 νόμον
661 822 927 887 ἐκτίθεται
981 828 1103 885 τοῖς
1160 821 1682 895 καταδικαζομένοις
1724 820 1931 891 θανάτῳ

277 910 313 982 ἤ
369 911 629 986 δημεύσει
688 911 1024 988 προθεσμίαν
1066 911 1114 967 λ’
1171 915 1393 986 ἡμερῶν
1430 911 1505 972 εἰς
1539 908 1815 984 διάσκεψιν
1848 905 1930 963 δία

275 1000 489 1066 δοσθαι.

350 1096 445 1165 Τῷ
489 1092 575 1167 [Ρ.
636 1093 760 1166 326]
822 1089 880 1147 δὲ
933 1092 1081 1165 αὐτῷ
1132 1087 1237 1147 ἔτει
1295 1095 1393 1147 106
1441 1093 1696 1162 ποταμοῦ
1729 1087 1931 1145 Νείλου

274 1181 416 1239 κατὰ
441 1181 503 1235 τὸ
533 1174 664 1245 ἔθος
689 1183 764 1253 μὴ
796 1175 1098 1243 ἀναϐάντος
1153 1177 1377 1255 ἔχαιρον
1412 1180 1463 1234 οἱ
1490 1177 1784 1247 Ἓλληνας,
1842 1176 1933 1231 λέ-

269 1290 463 1340 γοντις
515 1267 691 1325 αἴτιον
721 1269 857 1324 εἶναι
913 1268 1115 1325 τούτου
1173 1272 1236 1324 τὸ
1291 1267 1605 1338 κωλυθῆναι
1641 1267 1931 1328 Θύειν-τοῖς

275 1365 424 1423 θεοῖς
456 1359 653 1415 αὐτῶν.
693 1359 865 1432 Ὅπερ
922 1359 1107 1430 μαθὼν
1162 1359 1189 1411 ὁ
1248 1352 1472 1426 εὐσεϐὴς
1508 1354 1761 1432 βασιλεὺς
1790 1354 1928 1409 εἶπε·

272 1451 373 1517 Μὴ
408 1447 623 1525 γένοιτό
652 1467 784 1504 ποτε
840 1447 1087 1520 ποταμὸν
1146 1446 1349 1512 θυσίαις
1404 1446 1664 1520 χαίροντα
1711 1444 1800 1500 ἐπὶ
1830 1446 1928 1512 τὴν

270 1539 381 1612 γῆν
410 1536 844 1612 πλημμυρῆσαι.
904 1537 966 1593 Ὀ
1028 1530 1085 1591 δὲ
1142 1537 1272 1598 Θεὸς
1328 1540 1492 1590 τοῦτο
1534 1531 1931 1608 ἀποδεξάμενος

273 1626 555 1703 εὐλόγησε
595 1627 694 1695 τὴν
754 1621 1012 1683 ἀνάϐασιν
1069 1628 1165 1680 106
1218 1628 1491 1698 ποταμοῦ,
1524 1621 1662 1678 ὥστε
1692 1624 1929 1685 ἅπαντας

271 1715 410 1779 τοὺς
441 1716 558 1771 κατ’
589 1714 867 1792 Αἴγυπτον
899 1709 1209 1795 φοϐηθῆναι
1236 1716 1312 1787 μή
1336 1715 1426 1770 καὶ
1454 1714 1624 1785 αὐτὴν
1656 1716 1754 1784 τὴν
1780 1713 1935 1772 Ἀλε-

270 1803 556 1880 ξάνδρειαν
584 1805 896 1880 κατακλύσῃ
929 1808 967 1876 ἡ
997 1804 1310 1879 πλημμύρα
1338 1808 1436 1859 106
1462 1802 1676 1866 ὕδατος.

2042 651 2099 699 et
2130 642 2478 698 Ambrosius
2518 643 2831 699 Mediolani
2884 644 3196 714 episcopus
3247 656 3316 698 ea
3345 656 3479 698 cum
3510 643 3695 714 impe-

2043 739 2238 789 ratore
2262 732 2381 805 egit
2401 748 2531 804 quas
2563 732 3127 797 retulimus.Quibus
3150 738 3345 787 motus
3370 733 3696 803 imperator

2042 824 2234 896 legem
2294 825 2427 878 tulit
2471 836 2602 894 qum
2652 822 3143 895 recognoscendas
3175 824 3483 878 sententia)
3514 836 3695 879 causa

2042 914 2319 969 damnato
2352 913 2560 968 mortis
2591 917 2694 968 aut
2736 911 3153 983 publicationis
3185 913 3252 966 30
3282 912 3511 968 dierum
3543 912 3692 968 dila-

2041 1004 2265 1058 tionem
2298 1001 2678 1057 concedebat.

2112 1094 2190 1146 Eo
2223 1092 2352 1162 ipso
2380 1106 2560 1160 anno,
2585 1106 2722 1146 cum
2744 1089 2906 1145 Nilus
2928 1106 3033 1161 pro
3065 1105 3229 1145 more
3261 1104 3383 1145 non
3409 1092 3694 1147 exundas.

2045 1187 2153 1249 set,
2187 1182 2366 1236 Graeci
2400 1180 2519 1236 laeti
2571 1182 2725 1235 hanc
2757 1180 3037 1234 dixerunt
3090 1196 3217 1234 esse
3248 1195 3509 1249 causam,
3535 1182 3693 1252 quod

2044 1271 2156 1326 diis
2189 1271 2311 1325 suis
2341 1270 2675 1325 sacrificare
2706 1269 3089 1325 interdictum
3121 1269 3267 1340 ipsis
3300 1276 3473 1325 esset.
3506 1272 3693 1326 Theo-

2043 1360 2246 1415 dosius
2277 1376 2485 1415 eorum
2517 1376 2793 1415 sermone
2824 1358 3058 1429 cognito
3087 1374 3098 1412 :
3131 1360 3318 1427 Absit,
3355 1360 3457 1428 ait,
3488 1365 3554 1413 ut
3582 1361 3695 1415 Ilu-

2043 1450 2169 1505 vius
2201 1449 2509 1505 sacrificiis
2537 1449 2798 1521 gaudens
2822 1454 3039 1509 terram
3062 1449 3283 1520 irriget.
3309 1451 3462 1504 Deus
3493 1452 3691 1505 autem

2044 1540 2105 1595 id
2134 1540 2264 1610 ejus
2290 1556 2643 1611 responsum
2668 1540 2752 1595 ita
2776 1539 3044 1610 probavit
3073 1545 3138 1594 ut
3168 1539 3364 1595 Nilum
3387 1540 3689 1608 exundare

2039 1631 2288 1702 jusserit
2319 1630 2465 1686 adeo
2496 1635 2561 1685 ut
2589 1630 2846 1685 universi
2876 1630 3125 1702 .Egyptii
3166 1629 3228 1684 in
3258 1635 3486 1686 metum
3514 1647 3694 1687 vene—

2043 1722 2185 1790 rint,
2217 1740 2291 1777 ne
2350 1722 2539 1793 ipsam
2600 1736 2834 1792 quoque
2891 1720 3313 1775 Alexandriam
3361 1720 3547 1776 eluvie
3579 1721 3694 1777 ista

2044 1811 2338 1883 perderet.

352 1896 441 1951 Ἐν
475 1891 800 1967 Μεδιολάνῳ
831 1893 1175 1969 ὑπάρχοντος
1201 1898 1298 1948 106
1332 1891 1602 1968 βασιλέως
1637 1892 1927 1949 Θεοδοσίου

2110 1902 2260 1956 Dum
2296 1899 2610 1956 Mediolani
2644 1898 2804 1971 degit
2831 1896 3214 1965 Theodosius,
3244 1899 3483 1955 interim
3504 1900 3691 1956 Judaei

272 1985 327 2039 οἱ
372 1983 435 2039 ἐκ
489 1980 1120 2045 Κωνσταντινουπόλεως
1187 1979 1463 2052 Ἰουδαῖοι,
1494 1981 1553 2037 ἐκ
1583 1982 1922 2058 προστάξεως

270 2074 592 2149 Ὁνωράτου
631 2072 897 2149 ἐπάρχου,
935 2073 1250 2148 συναγωγὴν
1307 2070 1363 2129 ’ὲν
1420 2077 1536 2133 τοῖς
1594 2071 1925 2146 Χαλκοπρά-

272 2185 394 2226 τοις
430 2162 655 2218 πολλῶν
681 2160 960 2217 ταλάντων
1013 2160 1349 2237 εἷ’ργάσαντο.
1396 2165 1512 2220 Τῶν
1570 2158 1627 2216 δὲ
1660 2164 1924 2237 Χριστια-

269 2258 380 2308 νῶν
416 2246 847 2330 δυσφημούντων
881 2251 1017 2307 κατά
1052 2255 1149 2305 106
1182 2243 1451 2326 ἐπάρχου,
1479 2250 1638 2314 αὐτὸς
1669 2252 1731 2306 οὐ
1762 2272 1926 2326 προσ-

273 2343 454 2417 έσχεν·
491 2341 558 2412 ἦν
610 2343 709 2416 γάρ
764 2336 1000 2412 Ἕλλην.
1059 2344 1174 2415 116p
1233 2342 1323 2395 οὗν
1374 2334 1702 2413 ἐμϐαλόντες
1736 2343 1926 2407 νυκτὸς

273 2431 477 2502 ταύτην
534 2434 885 2486 κατὲκαυσαν.
947 2429 1145 2507 Γράφει
1200 2432 1367 2484 10610
1426 2430 1452 2483 ὁ
1508 2425 1748 2505 ἔπαρχος
1792 2431 1926 2505 πρὸς

278 2516 598 2591 θεοδόσιον,
656 2511 901 2595 ἐγκαλῶν
955 2520 1070 2580 τοῖς
1130 2512 1406 2580 πολίταις·
1450 2513 1567 2573 ὁδὶ
1615 2518 1784 2594 ὁρίζει
1828 2524 1923 2590 ζη-

283 2610 415 2683 μίαν
450 2609 744 2674 ὓποστῆναι
801 2606 927 2668 τοὺς
983 2611 1151 2662 τοῦτο
1211 2602 1504 2682 δράσαντας
1532 2604 1620 2664 καὶ
1646 2612 1926 2681 κτισθῆναι

281 2701 385 2769 τὴν
423 2700 759 2776 συναγωγήν.
808 2694 1251 2776 ΙΙροσφεῦγουσιν
1312 2696 1363 2753 οἳ
1420 2698 1645 2754 πολῖται
1675 2702 1809 2774 πρὸς
1838 2703 1930 2756 τὸν

287 2790 463 2866 μίγαν
527 2784 876 2865 Ἀμϐρόσιον.
936 2788 998 2843 ’0
1059 2786 1116 2841 δὲ
1174 2794 1272 2857 τῆς
1332 2788 1524 2863 ἑορτῆς
1554 2793 1660 2844 τῶν
1696 2791 1930 2866 Χριστοῦ

281 2878 579 2952 γενεθλίων
612 2878 866 2948 ἐνστάσης
923 2870 1013 2932 καὶ
1067 2880 1164 2931 106
1221 2870 1490 2953 βασιλέως
1523 2876 1731 2934 εἷ’σοδον
1764 2882 1930 2950 ποιή-

284 2980 473 3033 σασθαι
532 2964 854 3042 μέλλοντος,
923 2964 1242 3043 δημηγορεῖ
1296 2969 1325 3021 ὁ
1386 2966 1555 3045 μὲγας
1601 2964 1933 3043 Ἀμϐρόσιος

292 3056 443 3133 ὀλίγα
476 3058 588 3131 (4-4)
624 3058 717 3130 μὲν
750 3054 875 3131 περὶ
903 3061 1005 3124 τῆς
1036 3056 1249 3129 ἑορτῆς,
1298 3055 1366 3109 τά
1408 3053 1586 3109 πλείω
1619 3052 1676 3110 δὲ
1704 3061 1801 3111 τοῦ
1835 3059 1932 3132 βα.

298 3141 481 3210 σιλέως
510 3142 922 3219 καθαπτόμενος
974 3145 1247 3221 σφοδρῶς,
1303 3143 1518 3222 φάσκων
1562 3143 1732 3206 οὕτως
1766 3145 1839 3208 ὡς
1876 3145 1931 3200 ἐκ

2038 1990 2137 2060 qui
2182 1989 2347 2060 Cpoli
2396 1989 2691 2055 vivebant,
2744 1988 3023 2043 mandato
3074 1989 3355 2043 Honorati
3403 1991 3687 2060 praefecti,

2031 2080 2236 2135 multis
2256 2079 2496 2135 talentis
2515 2083 2886 2134 constantem
2906 2078 2968 2132 in
2982 2077 3370 2149 Chalcopra‘to
3388 2079 3498 2133 (edi
3511 2080 3690 2134 licent

2032 2185 2406 2241 synagogam.
2441 2168 2761 2223 Praefectus
2786 2183 2820 2222 a
2849 2166 3201 2222 Christianis
3232 2167 3361 2238 ejus
3390 2169 3476 2221 rei
3508 2185 3686 2223 causa

2032 2259 2397 2330 objurgatus,
2428 2261 2633 2328 utpote
2664 2258 2875 2312 Graecae
2907 2255 3212 2327 religionis
3243 2259 3518 2322 sectator,
3552 2259 3685 2311 ania

2031 2365 2194 2403 mum
2226 2348 2312 2403 eis
2340 2364 2460 2403 non
2491 2347 2758 2402 advertit.
2809 2348 3015 2416 Itaque
3070 2345 3110 2399 ii
3169 2349 3349 2400 noctu
3387 2362 3518 2401 eam
3548 2346 3683 2417 igne

2032 2438 2252 2508 injecto
2283 2441 2568 2492 cremant.
2594 2435 2913 2490 Praefectus
2946 2450 3014 2489 eo
3045 2433 3116 2489 de
3148 2433 3301 2489 facto
3329 2433 3402 2489 ad
3433 2435 3686 2506 impera-

2035 2532 2226 2582 torem
2257 2524 2482 2593 scribit,
2539 2524 2693 2579 cives
2752 2539 3057 2591 accusans,
3114 2523 3509 2594 impetratque
3541 2530 3607 2579 ut
3636 2525 3686 2579 is

2029 2616 2241 2687 jubeat
2274 2613 2549 2670 mulctari
2594 2613 2750 2668 cives
2807 2618 2865 2669 et
2913 2612 3077 2667 refici
3110 2628 3487 2684 synagogam.
3520 2612 3689 2667 Cives

2036 2720 2210 2776 opem
2238 2704 2535 2760 Ambrosii
2567 2703 2908 2774 implorant.
2932 2703 2987 2756 Is
3009 2719 3144 2757 eum
3166 2702 3319 2758 δη
3351 2701 3691 2757 natalitium

2038 2794 2254 2852 Christi
2282 2795 2502 2849 festum
2557 2797 2791 2862 tempus
2849 2791 3202 2858 advenisset,
3234 2806 3368 2863 rege
3404 2792 3693 2861 templum

2039 2885 2327 2957 ingresso,
2352 2898 2542 2954 pauca
2566 2881 2840 2952 quaedam
2866 2880 2939 2935 de
2963 2897 3032 2935 ea
3056 2880 3432 2935 solemnitate
3464 2882 3694 2936 concio-

2038 2980 2214 3030 natus
2235 2973 2525 3044 majorem
2543 2969 2832 3026 orationis
2852 2973 3080 3040 partem
3098 2968 3315 3023 acriter
3332 2969 3691 3039 increpando

2040 3065 2460 3135 imperatorem
2485 3059 2827 3131 insumpsit,
2860 3060 2943 3114 ita
2989 3058 3051 3113 in
3107 3058 3210 3112 Dei
3269 3074 3524 3128 persona
3555 3072 3690 3113 eum

2042 3153 2410 3225 compellans
2436 3170 2449 3207 ε
2482 3154 2683 3207 Nonne
2716 3155 2773 3205 te
2806 3166 2911 3222 ego
2942 3149 3016 3205 de
3047 3153 3283 3219 pastore
3310 3149 3528 3214 ovium,
3551 3149 3693 3203 insi-

295 3236 577 3309 προσώπου
605 3239 703 3289 106
735 3238 888 3290 Θεοῦ·
931 3233 1044 3290 Οὐκ
1088 3232 1197 3308 ἐγώ
1253 3253 1317 3287 σα
1370 3233 1602 3306 ποιμένα
1632 3235 1759 3289 ’ὀντα
1790 3255 1929 3309 προ-

295 3321 320 3337 II
340 3325 349 3337 1
504 3323 517 3337 ς
531 3325 551 3337 μ
693 3325 715 3337 Λ
883 3326 906 3337 υ
1018 3318 1037 3337 ἱ
1280 3322 1290 3337 1
1458 3317 1483 3337 91
1561 3318 1589 3337 ο
1788 3323 1801 3337 ι
1902 3329 1925 3337 ι.

2046 3244 2343 3300 diantibus
2374 3247 2664 3313 ereptum,
2688 3239 2892 3312 populi
2923 3239 3040 3293 mei
3072 3243 3369 3309 pastorem
3401 3255 3469 3293 ac
3500 3239 3691 3310 impe—

287 3321 458 3379 ϐάτων
499 3323 777 3395 ἐξοπισθεν
839 3326 950 3378 τῶν
1018 3318 1405 3397 λοχευομένων
1456 3317 1674 3392 ἔλαϐον,
1716 3323 1930 3378 καὶτοῦ

283 3412 418 3470 λαοῦ
455 3436 560 3489 μου
592 3414 828 3486 ποιμένα
874 3410 965 3468 καὶ
1026 3411 1252 3488 βασιλέα
1307 3413 1647 3482 κατέστησα;
1680 3408 1794 3470 Οὔκ
1824 3412 1933 3488 ἐγώ

283 3526 377 3560 σου
434 3506 538 3573 τῆν
592 3501 838 3581 κεφαλὴν
892 3500 1192 3580 αὐχμῶσαν
1250 3501 1341 3557 καὶ
1390 3505 1714 3580 φθειριῶσαν
1743 3504 1935 3579 χρυσῷ

283 3594 536 3670 στεφάνῳ
595 3590 1052 3648 κατεκαλλὼπισα
1109 3593 1196 3646 καὶ
1254 3590 1432 3662 ταινίᾳ
1489 3591 1934 3668 χρυσοπορφύρῳ

278 3682 615 3758 ἐκόσμησα;
675 3682 777 3740 Καὶ
828 3679 920 3735 ’ίνα
976 3679 1025 3734 τί
1084 3676 1212 3743 τοὺς
1270 3679 1499 3758 σφαγέας
1551 3682 1647 3735 106
1678 3682 1797 3736 υἱοῦ
1831 3703 1935 3755 μο)

279 3772 620 3849 προκρίτους
675 3765 819 3847 ἄγεις
877 3770 963 3824 καὶ
1042 3769 1131 3823 τὸν
1183 3767 1311 3843 ἐμόν
1369 3766 1500 3826 λαὸν
1554 3770 1934 3846 κατατρύχεις,

281 3861 645 3931 ποινηλατῶν
672 3860 770 3928 τήν
819 3857 1194 3934 κληρονομίαν
1258 3876 1400 3933 μου;
1458 3858 1563 3915 Καὶ
1596 3860 1624 3915 ὁ
1659 3858 1934 3936 βασιλεύς·

279 3950 345 4008 Τί
377 3951 582 4016 ποιεῖς,
613 3948 909 4017 ἐπίσκοπες
940 3948 1052 4017 Τὴν
1101 3947 1291 4022 ἑορτήν
1339 3946 1655 4004 καταλιπὼν
1688 3948 1826 4020 ὅλην
1855 3948 1937 4005 ἐπ’

279 4041 387 4114 ἐμὲ
416 4043 517 4112 τὴν
552 4036 900 4114 δημηγορίαν
951 4036 1287 4110 ἐξήρτησας;
1330 4036 1433 4095 Καὶ
1492 4036 1519 4094 ὁ
1582 4035 1933 4113 Ἀμϐρὸσιος·

277 4128 366 4186 Οὖ
397 4130 537 4184 κατὰ
576 4132 693 4197 006,
757 4125 1005 4204 βασιλεῦ,
1038 4125 1167 4182 ἀλλ’
1229 4126 1361 4204 ὑπὲρ
1419 4130 1534 4183 σοῦ.
1568 4128 1628 4182 Τί
1659 4128 1761 4204 γὰρ
1792 4120 1939 4184 ἔσται

273 4222 636 4294 Χριστιανοῖς
668 4215 808 4272 ἄλλο
869 4213 1194 4292 δεινότερον,
1242 4212 1335 4271 ἳνα
1386 4217 1475 4272 καὶ
1508 4213 1779 4273 Ἰουδαίων
1816 4240 1938 4272 συν-

275 4309 510 4384 αγωγάς
568 4307 946 4381 ἀπαρτίζιυσι;
1005 4307 1111 4362 Καὶ
1170 4308 1198 4360 ὁ
1259 4303 1534 4379 βασιλεύς·
1598 4304 1701 4361 Καὶ
1734 4303 1939 4363 δίκαιόν

274 4399 433 4453 ἐστιν
459 4398 552 4451 ’ἱνα
581 4397 609 4451 δ
640 4396 728 4450 ἐὰν
761 4393 887 4466 δόξῃ
944 4393 1109 4469 δήμῳ
1141 4393 1354 4467 ἀτάκτῳ
1408 4393 1494 4448 ἐπὶ
1548 4392 1806 4469 βασιλικῇ
1837 4396 1938 4452 πό-

278 4487 371 4543 λει
404 4486 799 4563 κατεργάζηται
828 4502 841 4552 ;
876 4484 971 4537 Καὶ
1032 4483 1060 4538 ὁ
1116 4477 1469 4558 Ἀμϐρόσιος·
1526 4485 1627 4540 Καὶ
1660 4488 1821 4539 τοῦτο
1854 4482 1940 4539 δί-

277 4578 443 4632 καιόν
502 4573 637 4647 ἐστι,
699 4571 967 4649 βασιλέων
1028 4567 1424 4641 θεοσεϐέα-τίκτε,
1472 4570 1548 4625 ’ἔν’
1599 4575 1688 4628 ἓπὶ
1723 4573 1940 4637 πόλεως

2044 3338 2303 3390 ratorem
2335 3331 2661 3388 constitui?
2686 3332 2892 3385 Nonne
2923 3333 3098 3399 caput
3129 3332 3293 3382 tuum
3326 3328 3601 3397 squalore
3633 3333 3692 3384 et

2042 3422 2332 3496 pediculis
2361 3422 2624 3478 deforme
2656 3436 2837 3476 aurea
2865 3435 3088 3475 corona
3116 3417 3386 3473 redimivi
3425 3435 3494 3472 ac
3514 3418 3696 3473 taenia

2044 3530 2186 3569 auro
2221 3525 2600 3584 purpuraque
2632 3508 2851 3582 insigni
2909 3507 3235 3562 exornavi?
3290 3509 3479 3572 Quare
3513 3507 3694 3578 igitur

2044 3601 2174 3657 Filii
2206 3601 2322 3656 mei
2358 3599 2762 3655 interfectores
2810 3597 3035 3667 primas
3089 3602 3187 3650 tuo
3230 3595 3457 3667 judicio
3492 3600 3696 3651 tenent

2044 3692 2465 3765 partes'?Quare
2482 3689 2767 3761 populum
2786 3703 2986 3742 meum
3004 3691 3060 3739 et
3074 3684 3481 3740 hzereditatem
3500 3701 3696 3739 meam

2046 3781 2250 3837 multis
2301 3779 2504 3835 atteris
2525 3780 2551 3832 ’2
2571 3777 2660 3832 Ad
2690 3778 2814 3833 haec
2844 3777 3206 3845 imperator:
3240 3774 3392 3837 Quid
3419 3774 3562 3845 agis,
3596 3773 3686 3827 in-

2047 3871 2194 3943 quit,
2230 3869 2529 3941 episcope,
2588 3866 2689 3936 qui
2749 3863 3141 3919 solemnitatis
3198 3863 3420 3917 omissa
3447 3863 3700 3919 materia

2048 3965 2230 4015 totam
2278 3960 2340 4012 in
2383 3974 2480 4015 me
2536 3954 2737 4027 dirigis
2791 3953 3171 4009 orationem?
3228 3954 3355 4007 Non
3384 3952 3699 4007 adversum

2049 4055 2125 4115 te,
2160 4048 2358 4117 inquit
2378 4044 2744 4107 Ambrosius,
2762 4042 2863 4097 sed
2886 4059 2991 4112 pro
3014 4048 3070 4095 te
3094 4042 3204 4097 hoc
3234 4042 3330 4095 ﬁt:
3366 4040 3509 4112 quid
3536 4042 3698 4095 enim

2046 4136 2280 4209 gravius
2302 4136 2362 4189 in
2383 4133 2747 4188 Christianos
2765 4131 2959 4202 potuit
2980 4132 3157 4185 statui
3181 4147 3357 4200 quam
3381 4137 3446 4184 ut
3464 4130 3697 4185 Judzno-

2048 4242 2181 4281 rum
2214 4239 2536 4296 synagogas
2594 4220 2909 4277 reficiant?
2964 4222 3109 4273 Tum
3138 4219 3534 4274 Theodosius:
3566 4221 3695 4273 Jus-

2050 4322 2252 4372 tumne
2284 4331 2419 4387 ergo
2451 4313 2556 4369 tibi
2587 4312 2820 4367 videtur
2850 4310 3084 4365 turbam
3129 4310 3435 4364 hominum
3472 4309 3698 4363 incom-

2049 4406 2300 4478 positam
2342 4404 2404 4458 in
2449 4403 2611 4474 regia
2666 4400 2811 4456 urbe
2874 4418 2978 4470 pro
3036 4416 3144 4456 sua
3199 4390 3447 4452 libidine
3478 4415 3650 4470 agere
3671 4398 3698 4451 ‘l

2050 4492 2378 4569 Respondit
2395 4492 2743 4549 Ambrosius
2768 4509 2780 4545 :
2804 4491 2952 4557 Quid
2971 4492 2998 4545 τί
3018 4492 3326 4545 Justumne
3354 4494 3526 4561 putas
3550 4506 3701 4556 esse,

2052 4586 2319 4658 piissime
2343 4585 2686 4656 imperator,
2712 4587 2777 4637 ut
2798 4582 2859 4636 in
2884 4582 3025 4636 urbe
3051 4598 3181 4651 quae
3202 4598 3307 4635 arx
3330 4585 3418 4634 est
3440 4577 3700 4651 imperii,

279 4639 709 4741 βασιλευούσης.
752 4660 1005 4720 Ἰουδαῖοι
1073 4639 1439 4741 βλασφήμου-ς
1497 4659 1644 4734 ᾠδὰς
1698 4662 1933 4737 ἀναπέμ-

2052 4639 2105 4658 τκ
2149 4639 2157 4640 κ
2229 4639 2235 4641 ν
2430 4639 2449 4656 ι
2677 4639 2685 4645 υ
3068 4639 3087 4651 .
3528 4639 3548 4651 .
3688 4639 3700 4646 .

2048 4672 2231 4730 Judaei
2268 4675 2327 4729 in
2363 4668 2552 4728 Deum
2584 4672 3015 4727 contumeliosa
3046 4671 3314 4725 carmina
3343 4666 3700 4725 decantentl

278 4773 476 4825 πωσι;
538 4755 632 4823 Μὴ
688 4752 867 4823 τούτῳ
925 4753 1250 4825 στοιχήσῃς,
1314 4748 1579 4825 βασιλέων
1628 4753 1937 4827 «arripio-16'

276 4847 335 4900 οἱ
366 4846 475 4921 γὰρ
509 4842 728 4898 ἐκείνων
772 4839 931 4920 εὐχαὶ
995 4836 1338 4918 βλασφημίαι
1392 4840 1482 4895 καί
1514 4836 1696 4913 ὕϐρεις
1724 4841 1815 4896 καὶ
1845 4840 1944 4916 ἄῤ..

278 4932 616 5010 ῥητολογίαι
646 4935 1004 5009 τυγχάνουσι.
1039 4929 1140 4987 Καὶ
1171 4935 1341 4986 ταῦτα
1385 4928 1645 5005 λέγοντος
1693 4927 1941 5006 Ἀμϐρο-

279 5025 411 5079 σίου
441 5025 646 5099 ἀφῆκεν
675 5024 702 5077 ὁ
740 5020 995 5097 βασιλεὺς
1050 5020 1113 5075 τὸ
1167 5019 1468 5093 ἐπιτίμιον,
1499 5018 1669 5091 νόμον
1721 5018 1945 5094 ἐκθέμε-

278 5134 380 5174 νος
416 5114 495 5186 μή
528 5111 672 5188 ἔχειν
708 5108 1005 5171 Ἰουδαίους
1045 5108 1097 5164 ἐν
1146 5108 1425 5180 Βυζαντίῳ
1456 5111 1769 5184 συναγωγὴν
1806 5113 1945 5182 μήτε

276 5202 509 5275 τολμᾷν
539 5200 782 5274 δημοσίᾳ
810 5199 1231 5275 προσεύχεσθαι.

361 5292 450 5347 Ἐν
496 5290 713 5353 τούτοις
767 5290 803 5360 ἥ
855 5308 915 5345 τε
966 5293 1072 5345 τῶν
1131 5286 1523 5362 Ὀλυμπιάδων
1572 5289 1782 5363 ἀπέσϐη
1810 5313 1943 5348 παν·

278 5383 513 5456 ήγυρις,
540 5380 663 5451 ἥτις
689 5380 829 5437 κατὰ
859 5382 942 5453 [Ρ.
964 5379 1093 5452 327]
1124 5379 1587 5453 τετραετῆχρόνον
1616 5380 1941 5441 ἐπιτελεῖτο.

2052 4764 2132 4819 Ne
2164 4762 2273 4819 hac
2300 4762 2391 4818 via
2421 4761 2775 4835 ingrediare,
2799 4759 3020 4832 optime
3046 4759 3342 4831 princeps.
3365 4757 3704 4813 Judmorum

2054 4851 2216 4907 enim
2248 4857 2379 4907 vota
2408 4850 2468 4906 in
2503 4851 2688 4905 Deum
2720 4844 3033 4904 maledicta
3073 4852 3211 4903 sunt
3244 4852 3301 4901 et
3330 4845 3703 4902 contumelia)

2051 4942 2227 5013 atque
2260 4940 2515 4997 infandae
2549 4939 3007 4995 exsecrationes.
3044 4934 3143 4992 His
3176 4937 3473 4991 Ambrosii
3504 4938 3701 4990 motus

2050 5032 2243 5085 Verbis
2274 5030 2595 5101 imperator
2651 5021 3001 5083 Christianis
3049 5026 3295 5081 multam
3335 5024 3583 5092 remisit,
3616 5022 3700 5076 Ie-

2051 5136 2299 5191 gemque
2330 5120 2466 5174 tulit
2503 5135 2577 5172 ne
2631 5117 2817 5171 Judaei
2850 5112 3107 5186 Byzantii
3142 5130 3497 5186 synagogam
3526 5111 3705 5166 liabe-

2051 5215 2188 5263 rent
2216 5224 2361 5263 neve
2392 5207 2455 5261 in
2482 5204 2719 5277 publico
2751 5220 2957 5275 preces
2988 5205 3271 5258 facerent.

2123 5298 2275 5354 578
2307 5296 2450 5350 Tum
2492 5293 2898 5364 Olympiorum
2950 5291 3126 5347 desiit
3172 5290 3473 5345 festivitas.
3511 5289 3705 5362 quarti

2052 5388 2341 5458 cujusque
2372 5386 2513 5441 anni
2546 5384 2705 5439 exitu
2761 5383 2935 5438 solita
2993 5380 3301 5452 celebrari,
3334 5380 3607 5436 instituta
3638 5398 3706 5437 eo

1498 5506 1861 5566 XYLANDRI
1897 5513 1982 5568 ET
2023 5512 2237 5569 GOARI
2276 5514 2497 5569 ΝΟΤίΕ.

363 5639 477 5712 (44)
510 5640 574 5696 In
608 5636 911 5712 margine:
959 5634 1164 5712 ξὉντως
1192 5630 1478 5712 ,ἐλάλησεν
1515 5632 1760 5712 ἐναντίον
1795 5631 1942 5692 ϐασι.

276 5705 469 5781 λέξον,
520 5730 611 5764 και
671 5705 771 5763 οὐκ
824 5705 1117 5785 ᾐσχύνετο.
1172 5706 1400 5763 Alludit
1458 5706 1534 5763 ad
1578 5708 1724 5765 Psal.
1762 5726 1950 5766 cxvm.

2054 5641 2165 5696 Sed
2191 5642 2347 5713 quod
2381 5642 2455 5697 de
2485 5640 2827 5697 indictionis
2870 5636 3141 5710 sequitur
3189 5641 3411 5711 etymo,
3446 5641 3534 5693 est
3564 5633 3714 5689 ridi-1

2064 5714 2285 5771 culum.
2317 5715 2456 5770 XYL.
