4124 6312
415 412 534 472 623

1774 407 2083 470 GEORGII
2126 409 2436 470 CEDREN
2446 413 2464 472 Ι

3709 412 3831 474 624

413 551 700 616 tempore,
731 559 848 614 quo
873 544 1172 598 Manasses
1200 541 1350 596 Juda
1377 557 1480 596 rex
1509 541 1640 610 fuit,
1669 548 1727 597 et
1765 559 1954 614 usque
1985 541 2059 598 ad

2179 543 2404 618 Ἤρξατο
2490 541 2548 600 δὲ
2597 548 2631 615 ἡ
2685 544 2912 617 τοιαύτη
2998 547 3305 622 πανήγυρις
3379 547 3472 602 ὅτε
3527 551 3834 616 Μανασσῆς

411 634 732 705 imperium
750 631 1061 687 Theodosii
1081 629 1385 702 perducta.
1401 631 1836 702 Coeperuntque
1851 648 2062 687 nume-

410 723 530 778 rari
563 721 943 788 indictiones,
971 735 1222 790 quarum
1255 719 1614 791 principium
1648 720 1710 775 in
1744 723 1806 774 15
1838 737 2065 776 annum

411 811 646 884 imperii
673 810 942 882 Augusti.
975 811 1202 865 Nomen
1235 809 1413 864 habet
1452 809 1697 864 indictio
1730 809 1802 865 ab
1835 811 2068 865 Actiaca

409 899 672 966 victoria,
701 905 761 955 et
805 906 897 955 est
952 899 1186 954 Actium
1235 899 1709 970 promontorium
1744 897 2065 970 Nicopolis,

413 991 580 1046 urbis
610 990 671 1045 in
701 991 875 1062 Epiro
907 991 1034 1044 sitae
1063 1005 1077 1056 ;
1111 987 1270 1060 quod
1326 1005 1395 1044 eo
1451 993 1716 1060 tempore
1769 991 2069 1061 Augustus

414 1079 497 1134 ibi
531 1079 774 1135 devictis
805 1079 1062 1134 Antonio
1087 1083 1145 1133 et
1165 1078 1478 1150 Cleopatra
1508 1078 1670 1134 solus
1690 1095 1892 1134 rerum
1914 1094 2072 1133 sum-

413 1185 576 1225 mam
607 1168 886 1224 obtinuit.

485 1451 656 1506 Enim
675 1468 810 1506 vero
829 1451 1196 1506 Theodosius
1218 1450 1511 1521 principio
1533 1449 1624 1504 sui
1638 1450 2074 1520 imperiiRoma

423 1539 751 1596 abduxerat
777 1556 1058 1612 maguum
1087 1539 1259 1594 illum
1303 1539 1639 1605 Arsenium,
1672 1555 1807 1594 cum
1840 1539 1912 1593 de
1943 1537 2072 1609 ejus

413 1645 602 1684 rerum
615 1630 1131 1700 humanarumque
1146 1627 1596 1698 divinarumque
1611 1628 1824 1698 peritia
1841 1627 2072 1683 inaudi-

412 1719 632 1784 visset;
665 1718 840 1790 eique
894 1735 1030 1773 suos
1091 1717 1246 1772 ﬁlios
1304 1716 1625 1772 Arcadium
1658 1723 1716 1771 et
1744 1717 2071 1772 Honorium

420 1809 602 1865 sacris
632 1809 848 1864 litteris
870 1807 1268 1863 instituendos
1295 1807 1832 1872 commendaverat,
1857 1824 1925 1862 ac
1955 1808 2075 1862 Cm-

2171 636 2278 686 τῶν
2337 630 2616 691 Ἰουδαίων
2671 629 3007 704 ἐϐασίλευσε,
3064 636 3152 690 καὶ
3215 633 3546 714 ἐφυλάττετο
3589 633 3695 697 ἓως
3722 643 3826 705 τῆς

2172 721 2353 796 ἀρχῆς
2383 723 2550 778 αὐτοῦ
2607 727 2706 779 τοῦ
2777 722 3022 802 μεγάλου
3079 721 3389 780 Θεοδοσίου.
3453 725 3551 780 Καὶ
3592 725 3829 800 ἤρξαντο

2172 809 2522 884 ἀριθμεῖσθαι
2570 813 2625 868 αἱ
2677 810 2930 884 ἴνδικτοι,
2998 812 3290 890 ἀρξάμεναι
3345 813 3452 869 ἀπὸ
3510 813 3830 890 Αὐγούστου

2175 901 2446 977 Καίσαρος
2505 900 2558 957 iv
2598 900 2704 958 ἔτει
2766 904 2824 958 ιε’
2879 906 2976 973 τῆς
3035 903 3218 982 ἀρχῆς
3257 903 3442 962 αὐτοῦ.
3473 901 3735 961 Καλεῖται
3770 901 3831 959 δὲ

2176 985 2474 1058 ίνδικτιὼν,
2525 991 2802 1048 τουτέστιν
2869 991 3142 1060 ίνακτιὼν,
3201 994 3236 1062 ἠ
3297 991 3422 1067 περὶ
3479 993 3542 1048 τὸ
3600 993 3832 1051 ’Δκτιον

2175 1079 2322 1150 νίκη.
2354 1081 2577 1136 ’Ἀκτιον
2637 1078 2694 1136 δέ
2748 1080 2891 1138 ἐστιν
2945 1081 3289 1157 ἀκρωτήριον
3343 1082 3699 1145 Νικοπόλεως
3730 1089 3838 1152 τῆς

2177 1169 2460 1245 Ἠπείρου,
2517 1165 2643 1225 ἔνθα
2701 1173 3081 1246 μαχεσάμενος
3133 1167 3447 1248 Αὔγουστος
3485 1175 3576 1226 τὸν
3610 1193 3670 1228 τε
3703 1173 3836 1229 ’Λν-

2175 1259 2367 1315 τώνιον
2421 1261 2509 1315 καὶ
2566 1258 2924 1337 Κλεοπάτραν
2999 1259 3232 1333 ἐνίκησε,
3297 1260 3578 1337 μόναρχος
3627 1258 3843 1317 ἀναδειο

2177 1349 2332 1428 χθεῖς
2365 1353 2445 1423 τῷ
2471 1351 2595 1404 τότε
2625 1350 2831 1426 χρόνῳ.

2246 1458 2311 1515 Ὀ
2338 1455 2430 1512 οὖν
2463 1458 2634 1535 μέγας
2663 1455 2950 1522 Θεοδόσιος
2976 1458 3182 1536 ἢγαγεν
3207 1460 3313 1515 ἀπὸ
3345 1459 3571 1533 Ῥώμης
3597 1458 3654 1516 ἐν
3685 1457 3846 1537 ἀρχῇ

2175 1552 2275 1615 τῆς
2313 1545 2593 1621 βασιλείας
2645 1545 2815 1603 αὐτοῦ
2869 1548 2964 1603 τὸν
3037 1545 3204 1625 μέγαν
3262 1549 3568 1624 Ἀρσένιον,
3601 1549 3850 1612 ἀκούσας

2177 1637 2303 1710 περί
2358 1642 2459 1705 τῆς
2519 1635 2710 1716 σοφίας
2767 1635 2932 1692 αὐτοῦ
3015 1638 3109 1692 καὶ
3167 1643 3354 1708 θεῖκῆς
3404 1639 3684 1713 γνώσεως,
3743 1639 3849 1694 καὶ

2177 1723 2357 1797 τούτῳ
2407 1723 2690 1799 ’Λρκάδιον
2748 1726 3098 1799 καὶΌνώριον
3155 1725 3282 1789 τοὺς
3339 1727 3491 1790 υἱοὺς
3545 1727 3712 1783 αὐτοῦ
3743 1725 3850 1782 δὲ-

2181 1811 2342 1883 δωκε,
2373 1811 2718 1879 παιδεύεσθαι
2774 1815 2864 1870 ὑπ’
2919 1815 3085 1870 αὐτοῦ
3141 1818 3209 1872 τά
3265 1816 3385 1886 ἱερᾶ
3414 1816 3742 1893 γράμματα,
3778 1815 3850 1872 δν

396 1901 613 1953 'sarum
637 1902 867 1969 patrem
894 1897 1303 1952 constituerat.
1331 1897 1388 1951 Is
1409 1897 1693 1952 Arsenius
1713 1897 1899 1951 Deum
1923 1913 2063 1967 qua.

2179 1903 2268 1960 καὶ
2328 1902 2773 1980 βασιλεοπάτορα
2827 1903 3147 1974 πεποίηκεν.
3188 1905 3358 1966 Οὗτος
3417 1904 3469 1960 iv
3529 1906 3687 1962 νυκτὶ
3719 1902 3854 1962 δεό-

411 1986 547 2042 dam
577 1992 750 2042 nocte
783 1987 1068 2041 invocans
1099 2002 1300 2041 vocem
1329 1985 1557 2040 audivit
1598 1986 1680 2040 ita
1715 1985 2069 2057 praacipien-

412 2081 534 2130 tem
561 2091 574 2131 :
611 2077 844 2141 Arseni,
876 2076 1012 2148 fuge
1042 2075 1338 2141 homines,
1371 2079 1431 2129 et
1461 2075 1653 2130 salvus
1685 2075 1822 2131 eris.

479 2183 640 2238 Idem
659 2182 1022 2238 Theodosius
1050 2181 1272 2252 templa
1294 2181 1636 2237 ﬁctitiorum
1661 2181 1924 2250 deorum,
1941 2199 2072 2254 quae

415 2276 647 2327 tantum
704 2271 936 2326 occludi
1008 2271 1432 2326 Constantinus
1489 2287 1740 2343 magnus
1789 2270 2071 2342 jusserat,

415 2361 616 2414 omnia
645 2359 912 2415 funditus
945 2359 1492 2415 evertit.Mediolani
1524 2377 1596 2414 ex
1622 2359 1828 2415 morbo
1861 2360 2075 2416 deces-

419 2449 497 2503 sit
540 2449 978 2520 sexagenarius,
1012 2453 1328 2520 postquam
1388 2449 1740 2519 imperasset
1769 2465 1956 2504 annos
1986 2453 2070 2516 16,

424 2537 660 2592 duobus
691 2536 832 2594 ﬁliis
860 2537 1105 2606 relictis,
1147 2555 1400 2608 quorum
1448 2539 1732 2608 majorem
1765 2538 2072 2594 Arcadium

422 2625 648 2680 Orienti
662 2625 1440 2697 prmfecit,Honorium,cum
1457 2625 2068 2696 Placidia,0ccidenti.

417 2719 504 2770 Ac
535 2715 828 2770 Honorius
859 2713 1096 2785 quidem
1131 2717 1426 2772 Ravenna
1454 2715 1674 2788 regiam
1707 2732 1876 2771 suam
1912 2716 2072 2772 574

420 2802 745 2872 constituit,
779 2803 1046 2860 Placidia
1100 2809 1299 2860 autem
1359 2804 1624 2860 Gratiani
1684 2805 1810 2860 filia
1850 2807 2071 2862 Romae.

419 2891 610 2947 Patris
640 2909 856 2964 corpus
913 2892 1202 2948 Arcadius
1259 2892 1466 2965 Cpolin
1514 2891 1730 2949 detulit
1779 2899 1956 2964 atque
2009 2895 2073 2949 in

2179 2015 2337 2068 μενος
2366 1997 2464 2050 τοῦ
2512 1998 2646 2050 Θεοῦ
2702 1993 2905 2064 ἢκουσε
2959 2001 3144 2072 φωνῆς
3202 1993 3470 2067 λεγούσης
3503 1993 3673 2067 αὐτῷ*
3708 1997 3849 2071 Ἀρ-

2177 2085 2336 2154 civis,
2363 2089 2528 2162 φεῦγε
2549 2085 2676 2146 τοὺς
2703 2084 3042 2160 ἀνθρώπους,
3075 2084 3164 2140 καὶ
3197 2085 3364 2158 σώζῃ.

2248 2194 2418 2256 Οὗτος
2473 2195 2500 2248 ὁ
2543 2191 2830 2255 Θεοδόσιος
2894 2193 3023 2255 τοὺς
3091 2189 3414 2255 είδωλικοὺς
3445 2190 3634 2261 ναοὺς,
3675 2191 3772 2254 οὕς
3815 2193 3851 2248 ὁ

2181 2283 2348 2358 μέγας
2406 2286 2811 2343 Κωνπαντῖνος
2896 2280 3214 2348 κλεισθῆναι
3295 2281 3460 2356 μόνον
3520 2282 3852 2356 προσέταξε,

2178 2371 2382 2434 πάντας
2439 2367 2544 2434 ἕως
2605 2369 2835 2452 ἐδάφους
2888 2369 3199 2427 κατέλυσεν.
3257 2373 3346 2427 Ἐν
3405 2368 3729 2443 Μεδιολάνῳ
3779 2370 3859 2426 δὲ

2178 2459 2532 2535 ἀρρωστήσας
2563 2460 2835 2534 ἐκοιμήθη
2877 2459 2930 2516 ἐν
2987 2461 3190 2536 κυρίῳ,
3252 2459 3510 2535 ὑπάρχων
3574 2459 3709 2515 ἑτῶν
3773 2460 3854 2550 E.’

2183 2551 2508 2626 βασιλεύσας
2563 2547 2660 2623 ’ἐτη
2724 2552 2808 2623 ιζ’,
2859 2549 3189 2625 καταλείψας
3219 2550 3346 2612 τοὺς
3377 2547 3472 2605 δύο
3523 2549 3683 2612 υἱοὺς
3727 2547 3842 2605 αὖέ

2175 2643 2274 2696 τοῦ
2341 2637 2628 2716 Ἀρκάδιον
2700 2641 2795 2714 μὲν
2869 2639 2961 2695 τὸν
3024 2633 3392 2716 πρεσϐύτεραι
3462 2645 3564 2709 τῆς
3629 2639 3840 2712 Ἐῴας.

2177 2729 2437 2806 Ὀνώριον
2466 2727 2523 2785 δὲ
2549 2734 2658 2785 τῶν
2708 2728 3004 2805 Ἐσπερίων
3059 2727 3151 2784 σὺν
3209 2724 3500 2798 Πλακιδίᾳ.
3535 2727 3640 2784 Καὶ
3673 2729 3701 2782 ὁ
3734 2729 3841 2801 μὲν

2178 2820 2440 2895 Ὀνώριος
2472 2813 2599 2896 ἔο-χε
2654 2819 2720 2875 τὰ
2781 2817 3032 2895 βασίλεια
3083 2817 3160 2880 εἰς
3218 2812 3530 2888 Ῥάϐενναν,
3561 2815 3835 2874 Πλακιδία

2181 2907 2238 2962 δὲ
2294 2910 2330 2978 ἡ
2389 2909 2628 2984 θυγάτηρ
2686 2911 2984 2984 Γρατιανοῦ
3039 2905 3091 2962 iv
3143 2911 3214 2981 τῇ
3271 2907 3486 2981 Ῥώμῃ.
3519 2907 3822 2980 Μετήνεγκε

418 2981 556 3071 fano
615 2980 1020 3071 ίΨΟδίΟῘΟῙἫῙΠ
1076 2979 1372 3071 ἀθρρδυίίο
1422 2983 1836 3071 ΕΡίδθορδίυῙΠ
1886 2982 2076 3038 tam“
2180 2993 2237 3052 δὲ
2265 2997 2326 3052 τὸ
2357 2979 2517 3071 σῶμα
2572 2979 2741 3052 αὐτοῐέ
2797 2996 2850 3052 ἐν
2901 2979 3474 3053 Κωνσταντινουπόλει
3514 2979 3828 3070 Ἀρκάδιος,

418 3069 744 3140 Nectarius,
786 3086 944 3125 anno
997 3069 1204 3125 mundi
1259 3071 1418 3141 5888,
1469 3070 1898 3126 incarnationis
1927 3071 2063 3126 divi-

2179 3086 2286 3148 θεὶς
2317 3085 2368 3142 iv
2399 3069 2478 3160 τῷ
2503 3091 2616 3163 ναῷ
2643 3091 2750 3142 τῶν
2795 3085 2993 3163 Ἁγίων
3045 3083 3422 3144 Ἀποστόλων.
3475 3069 3591 3155 Τὴν
3643 3081 3699 3139 δὶ
3720 3091 3833 3154 τῆς

417 3175 510 3213 nae
542 3161 668 3214 394.

487 3357 776 3413 Arcadius
806 3357 1118 3413 Theodosii
1177 3358 1368 3430 Magni
1402 3359 1561 3414 illius
1618 3361 1930 3432 imperavit
1953 3377 2063 3416 an-

412 3461 522 3502 nos
554 3448 639 3500 14.
673 3446 727 3501 ls
756 3446 963 3517 quinto
995 3447 1230 3518 imperii
1279 3447 1368 3502 sui
1418 3464 1574 3504 anno
1609 3449 1817 3506 Rostra
1851 3467 2064 3521 magna

411 3551 443 3590 e
473 3534 712 3605 regione
743 3535 1004 3607 praetorii
1037 3536 1484 3591 exstruxit.Fuit
1506 3537 1792 3594 Arcadius
1817 3556 2062 3610 corpore

411 3623 734 3680 admodum
765 3623 1038 3694 deformi,
1071 3625 1260 3697 niger,
1297 3631 1524 3682 statura
1552 3643 1752 3698 parva,
1783 3627 1845 3682 id
1874 3644 2062 3684 unum

407 3713 761 3786 prmclarum
817 3714 1044 3770 habens
1101 3713 1261 3786 quod
1319 3714 1471 3771 bene
1519 3715 1833 3780 scribebat,
1869 3717 1951 3772 ita
1988 3717 2060 3772 ab

407 3804 658 3860 Arsenio
692 3803 956 3860 edoctus.
1009 3803 1125 3860 Sub
1185 3820 1254 3859 eo
1312 3803 1580 3876 reliquiaa
1631 3805 1786 3861 beati
1815 3807 2061 3862 Joannis

406 3893 684 3964 Baptistae
747 3893 1169 3949 Alexandriam
1221 3895 1597 3966 transpositaa
1653 3900 1812 3950 sunt.
1865 3895 2056 3952 Etiam

408 3982 774 4052 peculiarem
805 3998 1126 4038 numerum
1175 3983 1340 4054 Cpoli
1390 3983 1667 4050 instituit,
1700 4001 1848 4056 quos
1879 3987 2060 4040 Arca-

409 4069 617 4126 dianos
647 4071 987 4144 appellavit.

481 4361 718 4418 Sextum
741 4363 990 4419 Arcadio
1002 4378 1227 4418 annum
1249 4362 1327 4417 im
1333 4363 2059 4437 perante,Chrysostomus

408 4449 604 4522 Cpolis
635 4451 946 4522 episcopus
1001 4451 1280 4521 deligitur
1303 4493 1317 4520 ,
1357 4452 1526 4524 cujus
1557 4453 1847 4510 facundiae
1880 4456 2059 4512 etiam

407 4537 684 4594 Libanius
717 4540 1126 4595 testimonium
1172 4539 1332 4596 tulit.
1373 4543 1770 4614 Interrogatus
1800 4561 2058 4616 namque

2183 3176 2591 3252 ἀρχιερωσύνης
2649 3173 2910 3252 καθέδραν
2967 3181 3192 3255 κατεῖχε
3248 3175 3567 3251 Νεκτάριος,
3614 3174 3832 3248 κόσμου

2097 3281 2140 3346 C
2177 3260 2286 3322 ἔτει
2316 3267 2508 3338 εωπη’,
2537 3273 2636 3337 τῆς
2665 3267 2810 3328 θείας
2841 3266 3164 3342 σαρκώσεως
3198 3262 3336 3344 τίιδζ

2242 3371 2532 3451 ’Δρκάδιος
2585 3375 2614 3430 ὁ
2673 3375 2788 3438 υἱὸς
2844 3377 2942 3430 τοῦ
3003 3371 3244 3450 μεγάλου
3296 3369 3588 3429 Θεοδοσίου
3639 3367 3834 3427 ἐϐασί-

2170 3462 2356 3520 λευσεν
2405 3462 2497 3534 ἔτη
2563 3461 2644 3520 ιδ’.
2688 3465 2860 3527 Οὗτος
2918 3463 2971 3519 ἐν
3029 3467 3108 3536 τῷ
3165 3465 3203 3518 ε’
3257 3459 3361 3518 ἔτει
3391 3463 3482 3518 τὸν
3517 3461 3690 3538 μέγαν
3721 3459 3836 3534 ἔμ-

2170 3549 2337 3609 ϐολον
2380 3553 2601 3628 ἀντικρῦ
2658 3556 2758 3607 τοῦ
2815 3551 3156 3629 πραιτωρίου
3213 3549 3444 3608 ἔκτισεν.
3478 3552 3580 3607 Ἦν
3613 3547 3672 3605 δὲ
3702 3551 3841 3626 ’Δρ-

2169 3639 2354 3698 κάδιον
2383 3643 2482 3711 τήν
2515 3643 2656 3698 θέσιν
2719 3645 2820 3696 τοῦ
2876 3641 3135 3716 σώματος
3190 3638 3619 3716 εἴδεχθέστατος,
3658 3637 3841 3714 μέλας

2168 3733 2268 3801 τήν
2298 3731 2516 3808 χροιὰν,
2555 3733 2656 3802 τὴν
2718 3730 2940 3802 ἡλικίαν
2993 3729 3355 3809 φαυλότατος,
3385 3726 3440 3784 ἓν
3474 3731 3638 3802 μόνον
3674 3724 3821 3806 ἔχων

2167 3818 2552 3894 πλεονέκτημα
2604 3821 2668 3876 τὸ
2721 3818 2910 3883 καλῶς
2967 3820 3214 3900 γράφειν,
3275 3818 3306 3873 6'
3357 3818 3505 3894 παρὰ
3531 3823 3630 3874 τοῦ
3664 3821 3827 3896 μεγά-

2169 3908 2270 3966 λου
2328 3910 2609 3985 Ἀρσενίου
2666 3905 3037 3981 ἐξεπαίδεῦθη.
3126 3907 3249 3965 Ἐπὶ
3302 3907 3504 3963 τούτου
3564 3911 3824 3982 μετετέθη

2166 3999 2234 4054 τὰ
2263 3997 2492 4073 λείψανα
2530 4003 2628 4054 τοῦ
2685 3999 2846 4074 άγίου
2896 3997 3180 4075 προφήτου
3235 3993 3567 4072 Προδρόμου
3597 3997 3690 4053 καὶ
3724 4003 3831 4052 Bx-

2167 4091 2394 4144 πτιστοῦ
2469 4089 2721 4144 Ἰωάννου
2795 4086 2850 4142 iv
2922 4083 3318 4162 Ἀλεξανδρείᾳ.
3398 4091 3556 4141 Ποιεῖ
3612 4083 3672 4141 δὲ
3735 4085 3830 4142 καὶ

2169 4173 2310 4232 ἴδιον
2377 4175 2612 4252 ἀριθμὸν
2679 4176 2732 4232 iv
2791 4173 3383 4244 Κωνσταντινουπόλει,
3437 4173 3534 4236 οὕς
3574 4173 3829 4231 ἒκάλεσεν

2167 4263 2549 4341 Ἄρκαδικοὺς.

2237 4375 2331 4446 Τῷ
2387 4374 2425 4438 ς’
2474 4372 2670 4428 τούτου
2728 4373 2956 4444 ἓνιαυτῷ
3017 4376 3414 4448 χειροτονεῖται
3444 4372 3474 4426 ὁ
3508 4373 3832 4448 Χρυσόστο-

2173 4483 2277 4536 μος
2319 4461 2369 4518 iv
2403 4461 2993 4531 Κωνστανιιινουπόλει,
3045 4460 3090 4534 ᾦ
3147 4462 3242 4517 καὶ
3295 4455 3551 4524 Λιϐάνιος
3593 4461 3830 4535 ὁμαρτῦ-

2171 4571 2321 4628 ρησε.
2353 4553 2683 4627 Πυθομὲνων
2719 4553 2824 4629 γάρ
2868 4556 2976 4606 τῶν
3029 4551 3195 4606 αὐτοῦ
3235 4556 3516 4629 φοιτητῶν
3558 4549 3678 4606 τίνα
3710 4550 3828 4605 ἀντ’

409 4629 481 4684 ab
515 4629 882 4684 auditoribus
917 4645 1235 4701 quemnam
1281 4646 1388 4685 suo
1439 4631 1567 4687 loco
1600 4632 1818 4688 scholas
1872 4636 2062 4705 praefi-

2179 4639 2336 4696 ιύτοῦ
2368 4639 2659 4716 προΐστησι
2715 4641 2794 4714 τῷ
2853 4637 3242 4712 διδασκαλείῳ,
3291 4639 3564 4709 Ἰωάννην,
3606 4636 3730 4712 ἔφη,
3765 4637 3814 4692 εί

405 4722 588 4785 ceret,
643 4719 932 4772 Joannem
990 4716 1300 4790 respondit
1370 4735 1432 4774 se
1491 4721 1948 4792 praapositurum
2007 4725 2060 4779 ei

406 4805 614 4875 fuisse,
645 4807 760 4862 nisi
791 4807 950 4862 hunc
981 4807 1411 4879 surripuissent
1461 4809 1798 4868 Christiani.
1841 4813 2059 4869 Eodem

403 4913 560 4954 anno
597 4894 994 4953 Theodosium
1017 4896 1323 4968 juniorem
1373 4895 1636 4953 Eudoxia
1662 4901 1922 4972 Augusta
1951 4905 2058 4958 Ar-

402 4986 574 5044 cadio
599 4986 852 5059 peperit,
912 5002 1090 5058 quem
1147 4985 1219 5041 de
1276 4990 1480 5042 sancto
1533 4985 1766 5044 lavacro
1799 4990 2058 5050 Joannes

401 5077 865 5150 Cbrysostomus
887 5075 1168 5147 suscepit.

467 5187 636 5242 Anno
655 5191 860 5242 octavo
881 5185 1094 5240 Gainas
1111 5183 1490 5256 tyrannidem
1513 5190 1719 5242 contra
1736 5189 2055 5246 Arcadium

395 5276 723 5346 occupavit,
749 5273 1054 5344 multaque
1078 5273 1239 5329 mala
1261 5274 1534 5345 Byzantio
1555 5274 1890 5342 intulit.Qui
1919 5297 2054 5337 cum

397 5362 555 5417 ultro
585 5364 854 5434 citroque
885 5363 1022 5419 dato
1045 5363 1390 5435 juramento
1417 5362 1798 5421 Chalcedone
1818 5367 1891 5422 ad
1915 5370 2055 5426 San-

398 5455 556 5506 ctam
576 5451 964 5523 Euphemiam
987 5469 1187 5524 pacem
1209 5452 1505 5520 icisset,eo
1529 5452 1743 5509 violato
1764 5456 1823 5510 in
1844 5459 2052 5517 urbem

395 5541 723 5613 ingressus,
754 5541 1119 5612 direptiones
1176 5548 1234 5596 et
1285 5541 1402 5597 alia
1457 5541 1616 5597 mala
1674 5551 2048 5618 perpetravit.

392 5627 538 5683 Inde
595 5627 670 5685 ad
728 5628 988 5683 Thracias
1043 5629 1479 5684 Cherronesum
1537 5631 1688 5686 575
1729 5635 2047 5709 profectus,

391 5717 620 5774 ratibus
651 5715 938 5773 confectis
981 5716 1057 5771 ad
1113 5715 1290 5772 urbes
1319 5717 1574 5772 Orientis
1605 5733 1845 5778 cursum
1877 5726 2047 5784 insti-

2176 4732 2252 4804 μή
2312 4729 2552 4802 ἐσυλήθη
2615 4731 2718 4786 ὑπὸ
2773 4735 2880 4787 τῶν
2936 4732 3290 4807 Χριστιανῶν.
3327 4733 3422 4802 Τῷ
3461 4728 3508 4785 δ’
3535 4728 3678 4802 αὐτῷ
3707 4726 3818 4784 ἔτει

2169 4822 2416 4893 γεννᾶται
2446 4817 2722 4892 Ἀρκαδίῳ
2765 4819 2881 4882 υἱὸς
2935 4817 2988 4890 ἐξ
3040 4817 3302 4888 Εὐδοξίας
3341 4825 3446 4888 τῆς
3475 4817 3822 4892 Αὐγούστης,
3876 4880 3886 4890 ,

2169 4904 2454 4970 Θεοδόσιος
2517 4909 2546 4964 ὁ
2606 4908 2820 4984 μικρὸς,
2872 4909 2929 4963 δν
2976 4905 3255 4979 ἀνεδέξατο
3314 4906 3572 4978 Ἰωάννης
3604 4908 3634 4963 ὁ
3664 4912 3824 4983 Χρυ-

2169 4998 2436 5070 σόστομος
2469 4997 2521 5052 iv
2551 5001 2634 5071 τῷ
2659 4997 2800 5074 ἁγίῳ
2833 4995 3190 5074 βαπτίσματι.

2234 5193 2329 5265 Τῷ
2385 5199 2435 5265 η’
2471 5188 2577 5249 ἔτει
2635 5199 2830 5258 Γαῖνᾶς
2869 5200 3113 5270 τυραννεῖ
3165 5195 3302 5251 κατὰ
3358 5190 3670 5268 ’Δρκαδίου,
3724 5196 3820 5250 καὶ

2163 5280 2351 5337 πολλὰ
2400 5283 2537 5338 κατά
2585 5287 2666 5357 τῷ
2721 5283 2996 5357 Βυζαντίῳ
3061 5281 3388 5356 ἐπεδείξατο.
3454 5285 3695 5358 ⁸ορκους
3763 5281 3824 5340 δὲ

2136 5367 2346 5432 ,λαϐὼν
2379 5372 2470 5427 καὶ
2526 5371 2652 5436 δοὺς
2703 5372 2757 5429 iv
2811 5377 2880 5448 τῇ
2942 5373 3068 5448 ἁγίᾳ
3097 5377 3177 5448 [Ρ.
3211 5378 3338 5447 328]
3369 5371 3632 5452 Εὖιρημίᾳ
3658 5377 3729 5448 τῇ
3761 5371 3816 5428 iv

2160 5457 2494 5532 Χαλκηδόνι,
2565 5461 2793 5526 τούτους
2867 5457 3104 5538 παρέϐη,
3171 5463 3262 5518 καὶ
3320 5460 3577 5518 εἷσελθὼν
3635 5462 3688 5516 iv
3747 5466 3818 5536 τῇ

2160 5547 2320 5604 πόλει
2378 5549 2631 5626 ἐχώρησε
2687 5552 2824 5627 πρὸς
2880 5551 3124 5628 ἁρπαγάς
3183 5553 3272 5606 καὶ
3332 5551 3512 5626 ἑτέρας
3559 5551 3816 5614 ἀτοπίας.

2157 5639 2297 5698 Εἶτα
2355 5638 2587 5714 ἐξελθὼν
2645 5641 2720 5704 εἰς
2776 5641 2877 5712 τὴν
2938 5641 3286 5720 Χερῥόνησον
3317 5641 3532 5716 Θρᾴκης
3563 5641 3654 5696 καὶ
3685 5661 3817 5716 σχε-

2159 5728 2278 5792 δίας
2312 5731 2719 5807 ποιήσας,πρὸς
2743 5732 2838 5794 τὰς
2887 5729 3215 5796 ἀνατολικᾶς
3240 5728 3433 5795 πόλεις
3467 5735 3662 5810 χωρεῖ.
3694 5736 3817 5786 Πο-
