4124 6312
297 368 412 427 625

1450 372 1994 440 HISTORIARUM
2036 370 2586 435 COMPENDIUM.

3604 372 3725 433 626

296 497 469 572 λὲμου
500 497 559 555 δὲ
587 499 806 557 πολλοῦ
864 502 1226 580 συρῥαγὲντος
1287 509 1426 564 κατᾶ
1460 531 1518 565 τε
1576 517 1679 585 γῆν
1733 511 1823 565 καὶ
1856 510 1927 564 θείη

2062 505 2194 561 tuit.
2224 505 2336 560 Sed
2369 511 2526 562 terra
2582 507 2851 578 marique
2901 506 3238 563 commissis
3266 506 3511 579 pugnis,
3543 509 3723 579 periit

298 587 500 646 λασσαν
532 591 785 647 ἀπώλετο
817 592 910 647 σὺν
942 600 1057 657 τοῖς
1088 596 1281 652 ἑαυτοῦ
1313 600 1698 675 στρατεύμασι.

369 683 480 736 Τοῦ
521 677 579 736 δὲ
628 681 1022 756 Χρυσοστόμου
1080 686 1147 739 τα
1199 695 1303 756 τῆς
1363 686 1655 765 ὀρθοδόξου
1709 686 1951 758 Ἐκκλη-

300 769 419 831 σίας
447 769 728 834 ἰθύνοντος
761 772 1068 847 προσῆλθεν
1124 774 1272 848 αὐτῷ
1324 798 1409 840 τις
1463 785 1563 846 τῆς
1616 783 1724 834 τῶν
1767 781 1948 835 Μακε-

296 856 558 915 δονιανῶν
618 857 875 934 αἱρέσεως
932 867 1291 936 μετανοήσας.
1358 870 1687 943 Παραινέσας
1742 866 1800 923 δὲ
1855 868 1946 923 καὶ

292 951 363 1019 τῇ
417 945 532 1019 ίδίᾳ
580 954 793 1024 γαμετῇ
844 951 1159 1028 ἐπιστρέψαι
1206 955 1295 1011 καὶ
1348 964 1678 1029 μετανοῆσαι
1706 957 1796 1013 καὶ
1825 979 1943 1012 κοι-

287 1042 556 1106 νωνῆσαι,
622 1037 790 1111 μόλις
846 1039 922 1104 ὡς
961 1038 1120 1110 δῆθεν
1178 1038 1407 1103 ἔπεισεν.
1448 1047 1513 1102 Ἡ
1566 1043 1623 1100 δὶ
1681 1044 1848 1101 δοῦσα
1873 1050 1942 1111 τῆ

286 1123 552 1200 παιδίσκῃ
607 1128 897 1185 κοινωνίαν
982 1136 1089 1185 τῶν
1175 1131 1603 1199 Μακεδονιανῶν
1667 1133 1942 1191 ἐκέλευσεν

282 1209 434 1289 ἔχειν
479 1221 597 1288 μεθ’
654 1217 869 1291 ὲαυτῇς.
932 1219 1031 1274 Καὶ
1080 1217 1147 1289 δὴ
1205 1221 1585 1297 προσελθοῦσα
1612 1228 1692 1297 τῷ
1723 1228 1944 1299 Χρυσο-

280 1303 498 1377 στόμῳ,
555 1306 645 1359 καὶ
705 1303 966 1381 δεξαμένη
1024 1310 1125 1377 τήν
1182 1310 1333 1386 ἁγίαν
1387 1312 1671 1368 κοινωνίαν
1729 1313 1790 1369 ἐκ
1833 1317 1943 1369 τῶν

278 1397 488 1467 χειρῶν
551 1393 737 1463 αὐτοῦ,
795 1396 1149 1472 ὑποκριθεῖσα
1223 1401 1428 1472 ταύτης
1503 1396 1939 1475 μεταλαμϐάνειν

276 1479 486 1538 δέδωκε
516 1487 586 1558 τῇ
616 1481 895 1560 παιδίσκῃ,
931 1486 1022 1541 καὶ
1068 1489 1168 1556 τήν
1219 1490 1326 1544 τῶν
1386 1487 1797 1546 Μακεδονιανῶν
1831 1490 1937 1546 λα-

277 1566 457 1626 ϐοῦσα
513 1575 779 1649 προσάγει
860 1579 940 1647 τῷ
1019 1576 1272 1650 στόματι,
1329 1579 1420 1634 καὶ
1480 1579 1714 1654 εὑρίσκει
1770 1579 1936 1649 αὐτὴν

278 1659 440 1716 λίθον
495 1667 797 1736 γεγονυῖαν.
858 1663 1098 1739 Φρίξασα
1154 1665 1244 1721 οὖν
1300 1667 1631 1743 προσπίπτει
1684 1673 1763 1740 τῷ
1802 1669 1939 1744 ἁγίῳ

279 1749 626 1825 ὑπότρομος,
684 1749 1071 1828 ἐξαγορεύουσα
1123 1756 1185 1810 τὸ
1238 1756 1509 1830 τόλμημα
1556 1757 1646 1813 καὶ
1706 1757 1943 1832 εἱλικρι-

275 1841 393 1902 νῶς
422 1840 842 1915 προσερχομένη
878 1846 946 1917 τῇ
978 1842 1261 1916 ἐκκλησίᾳ.

351 1926 627 2002 Κύριλλος
678 1927 736 1985 δὲ
788 1931 817 1985 ὁ
873 1933 1177 2006 ἁγιώτατος
1236 1933 1647 2011 Ἀλεξανδρείας
1677 1936 1930 2015 ἀρχιεπί-

270 2039 481 2081 σκοπος
539 2020 755 2094 ἀνεψιὸς
807 2022 874 2090 ἦν
935 2022 1207 2094 Θεοφίλου
1263 2027 1401 2080 κατά
1457 2026 1649 2101 σάρκα.
1706 2028 1849 2088 Ἕως
1877 2024 1934 2082 δὲ

269 2107 495 2183 χρόνων
523 2113 682 2163 τινῶν
732 2109 821 2164 καὶ
881 2109 1040 2176 αὐτὸς
1095 2112 1373 2188 προλήψει
1406 2116 1520 2188 (45)
1548 2112 1820 2170 δουλεύων
1854 2117 1929 2178 ὡς

267 2195 584 2271 ἄνθρωπος,
644 2197 733 2253 καὶ
789 2204 869 2271 τῷ
923 2198 1174 2280 Θεοφίλῳ
1206 2202 1280 2264 ὡς
1334 2204 1466 2276 θείῳ
1518 2202 1927 2274 ἐπακολουθῶν,

265 2288 488 2363 πονηρά
542 2290 678 2344 κατά
732 2294 829 2344 τοῦ
886 2291 1280 2366 Χρυσοστόμου
1336 2293 1549 2373 ἐφρόνει
1606 2315 1664 2350 τε
1699 2294 1791 2349 καὶ
1842 2294 1928 2374 ἐφ-

267 2378 515 2453 θὲγγετοο
548 2377 736 2449 ἐπειδη
770 2376 827 2433 δὲ
856 2380 1026 2450 ζῆλος
1059 2380 1153 2455 ἦν,
1198 2380 1253 2437 εἷ’
1290 2384 1379 2438 καὶ
1437 2385 1513 2455 μὴ
1547 2387 1665 2440 κατ’
1696 2383 1927 2461 ἐπίγνω-

269 2489 378 2537 σιν,
414 2468 479 2523 ού
515 2466 711 2545 φθόνος
761 2466 819 2523 δὲ
869 2468 986 2525 οὐδ’
1026 2467 1269 2534 ἔνστασις
1320 2466 1617 2541 διαϐολική
1646 2474 1710 2528 τὸ
1743 2476 1928 2550 μαχό-

279 2578 465 2632 μενον,
507 2554 595 2611 διὰ
638 2560 800 2613 τοῦτο
851 2555 996 2627 ἄξιος
1029 2556 1373 2635 διορθώσεως
1425 2559 1612 2635 ἐκρίθη
1645 2561 1926 2618 ἀποκαλύ-

271 2651 364 2731 ψει
394 2647 503 2701 τινί
546 2650 802 2720 μυστικῇ,
860 2647 913 2702 ἐν
1049 2646 1222 2703 ἐδόκει
1272 2649 1551 2723 εὑρεθῆναι
1599 2646 1655 2705 ἓν
1686 2672 1792 2706 τινι
1823 2672 1920 2731 φο-

272 2730 425 2810 ϐερῷ
452 2735 542 2790 καὶ
570 2734 894 2810 περικαλλεῖ
919 2737 1094 2810 τόπῳ,
1154 2736 1207 2791 ἐν
1266 2737 1313 2810 ᾦ
1368 2737 1559 2810 πλήθη
1616 2739 1784 2816 ἁγίων
1815 2730 1920 2816 ἆγ-

265 2823 449 2899 γὲλων
504 2826 927 2898 παρειστήκεσαν
1001 2829 1071 2900 τῇ
1150 2829 1483 2900 Θεομήτορι,
1549 2828 1804 2904 σύνεγγυς
1864 2827 1922 2885 δὲ

264 2913 468 2985 ταύτης
525 2914 617 2969 τὸν
680 2910 843 2988 μέγαν
921 2914 1328 2990 Χρυσόστομοψ
1384 2917 1549 2980 Ἔνθα
1605 2913 1663 2971 δὲ
1718 2938 1913 2993 πειρα-

266 3003 413 3057 θὲντα
466 2999 740 3075 Κύριλλον
784 2999 1091 3073 πλησιάσαι
1141 3002 1449 3076 ἐξωθεῖσθαι
1501 3007 1788 3081 προστάξει
1818 3012 1916 3063 τοῦ

271 3091 537 3159 Ἰωάννου,
567 3091 667 3159 τὴν
732 3090 949 3166 μητάρα
1013 3088 1071 3147 δὲ
1119 3096 1217 3147 τοῦ
1276 3093 1476 3165 Κυρίου
1514 3090 1913 3170 πρεσϐεύουσαν

2064 611 2199 649 cum
2231 611 2336 650 suo
2371 596 2653 651 exercitu.

2129 684 2269 738 Cum
2294 683 2634 739 orthodoxa
2649 685 2926 740 Ecclesia
2944 690 3228 756 praesset
3244 684 3562 757 Chrysosto
3572 703 3716 754 mus,

2059 774 2308 829 accessit
2336 774 2410 829 ad
2443 790 2577 828 eum
2610 774 2850 844 quidam
2901 774 3002 844 qui
3034 791 3067 829 a
3096 774 3525 831 Macedoniana
3555 782 3716 832 secta

2057 861 2119 916 in
2151 863 2303 917 viam
2336 862 2611 930 redierat,
2645 868 2703 917 et
2734 879 2979 917 uxorem
3010 879 3246 933 quoque
3277 864 3351 918 ad
3383 864 3541 919 idem
3580 883 3715 937 ope—

2052 968 2186 1006 rose
2218 952 2941 1023 exhortatus,impetrasse
2964 952 3036 1007 ab
3060 968 3130 1006 ea
3161 951 3472 1008 videbatur
3492 960 3558 1009 ut
3581 955 3712 1026 ipsa

2056 1055 2293 1111 quoque
2322 1040 2397 1095 ad
2427 1056 2625 1095 veram
2659 1056 2861 1095 secum
2909 1040 3232 1095 Ecclesiam
3262 1041 3487 1095 rediret
3515 1059 3584 1097 ac
3616 1061 3710 1098 sa—

2053 1135 2424 1186 cramentum
2455 1130 2940 1185 communicaret.
2977 1130 3111 1183 Hac
3136 1129 3489 1200 particulam
3522 1133 3712 1187 Mace-

2014 1263 2023 1267 -
2050 1218 2370 1273 donianam
2401 1218 2630 1274 ancilla
2664 1218 2782 1285 dat,
2809 1217 3099 1288 jubetque
3132 1234 3335 1273 secum
3361 1234 3663 1274 asservare
3692 1229 3708 1278 ς

2050 1312 2109 1363 et
2136 1309 2211 1364 ad
2239 1308 2723 1381 Chrysostomum
2746 1324 3040 1381 aggressa,
3080 1324 3217 1363 cum
3264 1324 3493 1364 sacram
3525 1310 3712 1381 parti-

2049 1396 2245 1453 culam
2276 1397 2348 1452 de
2392 1398 2669 1453 manibus
2720 1398 2851 1464 eius
2902 1399 3248 1469 accepisset,
3283 1398 3515 1470 fingens
3547 1415 3615 1454 ea
3647 1415 3707 1454 se

2047 1487 2202 1542 vesci
2233 1487 2466 1543 ancilla
2506 1504 2637 1543 eam
2690 1488 2952 1560 porrigit,
2990 1487 3597 1559 Macedonianamque
3629 1489 3703 1543 ab

2047 1593 2117 1632 ea
2148 1583 2444 1648 repetens,
2473 1594 2609 1633 cum
2667 1578 2820 1633 hanc
2878 1579 2966 1632 ori
3024 1578 3387 1646 admoveret,
3423 1579 3609 1634 sensit
3641 1578 3701 1633 in

2046 1664 2307 1736 lapidem
2337 1671 2647 1721 mutatam.
2670 1667 3105 1722 Exhorrescens
3137 1684 3272 1739 ergo
3306 1667 3702 1723 tremebunda

2047 1770 2110 1809 se
2141 1755 2215 1809 ad
2244 1756 2424 1826 pedes
2456 1757 2645 1811 sancti
2677 1756 2940 1828 episcopi
2974 1756 3198 1827 abjicit,
3242 1756 3475 1812 facinus
3524 1774 3697 1813 suum

1971 1881 2015 1944 Β
2048 1845 2362 1913 conﬁtens,
2394 1862 2463 1901 ac
2492 1852 2618 1901 tum
2647 1862 2780 1901 vere
2807 1845 2879 1901 ad
2910 1846 3234 1901 Ecclesiam
3267 1862 3328 1901 se
3359 1845 3696 1901 conferens.

2115 1934 2370 2004 Cyrillus
2400 1940 2620 2001 autem,
2655 1934 3069 1990 sanctissimus
3097 1934 3475 1990 Alexandria
3507 1935 3699 1989 archi-

2042 2020 2374 2093 episcOpus,
2407 2024 2799 2078 consobrinus
2817 2029 2945 2078 erat
2972 2024 3314 2095 Theophili;
3341 2028 3399 2078 et
3419 2023 3692 2093 aliquan-

2040 2110 2142 2165 diu
2162 2113 2608 2184 prasumptioni
2631 2113 2893 2168 serviens
2916 2118 2981 2168 ut
3001 2113 3200 2180 homo,
3219 2129 3286 2168 ac
3299 2112 3693 2183 Theophilum

2039 2201 2399 2256 avunculum
2431 2217 2707 2273 sequens,
2737 2202 2808 2257 de
2831 2201 3248 2273 Chrysostomo
3278 2201 3435 2257 male
3464 2207 3525 2256 et
3553 2219 3690 2259 sen-

2036 2287 2220 2343 tiebat
2249 2294 2309 2345 et
2337 2289 2709 2361 loquebatur.
2741 2291 2888 2354 Quia
2927 2295 3125 2346 autem
3160 2290 3394 2346 fervens
3422 2291 3534 2345 hoc
3565 2296 3693 2345 erat

2038 2377 2301 2432 studium
2321 2378 2642 2450 pugnandi,
2676 2395 2796 2434 non
2816 2396 2850 2434 a
2870 2380 3083 2434 notitia
3106 2379 3247 2448 veri,
3272 2394 3465 2449 neque
3489 2383 3688 2433 tamen

2035 2466 2108 2521 ab
2141 2466 2364 2523 invidia
2392 2472 2494 2523 aut
2523 2467 2819 2523 diabolica
2847 2468 3174 2539 pervicacia
3220 2472 3439 2533 ortum,
3471 2465 3686 2538 dignus

2035 2560 2126 2611 est
2154 2555 2391 2611 habitus
2422 2556 2523 2628 qui
2552 2556 2616 2611 in
2647 2557 2802 2612 viam
2856 2561 3231 2612 revocaretur
3258 2555 3512 2627 mystica
3540 2570 3685 2625 qua-

2035 2644 2170 2701 dam
2199 2644 2614 2717 patefactione.
2642 2645 3003 2717 Imaginatus
3034 2645 3194 2700 enim
3227 2649 3317 2699 est
3344 2643 3597 2715 Cyrillus
3624 2660 3684 2698 se

2033 2742 2162 2782 esse
2185 2724 2444 2796 quodam
2464 2725 2717 2780 terribili
2738 2741 2807 2782 ac
2831 2725 3236 2797 pulcherrimo
3262 2725 3323 2779 in
3351 2723 3505 2781 576
3530 2723 3683 2791 loco,

2031 2816 2130 2872 ubi
2154 2816 2473 2872 multitudo
2496 2817 2843 2888 angelorum
2866 2816 3147 2871 Genitrici
3171 2815 3271 2870 Dei
3303 2818 3683 2885 astaret,pro-

2029 2926 2221 2981 peque
2253 2926 2384 2965 eam
2415 2909 2885 2980 Chrysostomus.
2911 2909 3005 2976 Se,
3033 2924 3168 2963 cum
3190 2907 3472 2963 accedere
3503 2923 3685 2961 cona-

2026 2998 2291 3068 retur,ab
2313 3015 2382 3055 eo
2403 2998 2674 3068 repellit:
2700 3000 2942 3054 Matrem
2966 3002 3165 3051 autem
3187 2995 3289 3050 Dei
3311 2994 3682 3050 intercedere

2024 3104 2132 3159 pro
2162 3104 2246 3156 se,
2275 3093 2334 3142 et
2361 3103 2603 3158 poscere
2637 3091 2702 3141 ut
2743 3085 3114 3153 admittatur,
3147 3084 3287 3155 quia
3315 3099 3436 3138 non
3467 3099 3681 3155 parum

283 3180 409 3252 ὑπέρ
434 3177 596 3234 αἶ»τοῦ
624 3180 716 3235 καὶ
748 3180 1159 3260 παραδεχθῆναι
1216 3180 1486 3254 ἂξιοῢσαν,
1518 3184 1593 3246 ὡς
1624 3183 1723 3239 οὐκ
1753 3175 1915 3261 ὀλίγα

2040 3182 2267 3250 propter
2294 3177 2488 3248 ipsam
2518 3175 2738 3231 laboris
2770 3174 3134 3247 pertulisset,
3157 3174 3298 3230 dum
3329 3189 3548 3229 nomen
3578 3173 3678 3228 Dei

274 3267 398 3341 ὑπὲρ
438 3274 535 3338 τῆς
587 3265 750 3340 δόξης
803 3244 998 3340 άύτῆζ
1027 3271 1395 3342 πεποιηκότος
1429 3271 1505 3334 εἰς
1548 3273 1612 3327 τὸ
1643 3244 1906 3329 Θεοτόκόν

2040 3244 2338 3322 Ξθῐίίῑιεὶοὶέ
2364 3266 2709 3321 vindicaret.
2741 3244 3062 3335 P—ostquam
3090 3264 3166 3319 ad
3195 3279 3257 3318 se
3287 3262 3467 3319 rediit
3492 3262 3671 3335 Cyril-

256 3357 427 3426 αὐτὴν
458 3356 850 3431 ὀνομάζεσθαι.
918 3359 1014 3423 Εἰς
1068 3359 1256 3414 ἑαυτὸν
1306 3357 1364 3415 δὲ
1397 3361 1426 3415 ὁ
1455 3360 1602 3436 ἱερὸς
1636 3362 1912 3438 Κύριλλος

2043 3372 2134 3423 us,
2187 3355 2278 3410 sui
2333 3355 2520 3427 ipsius
2576 3354 2924 3426 paenitentia
2985 3353 3198 3408 ductus
3263 3352 3327 3407 in
3398 3351 3675 3407 omnibus

258 3446 548 3520 γενόμενος
605 3448 847 3523 κατέγνω
905 3447 1000 3519 μὲν
1061 3449 1274 3519 ἑαυτοῦ,
1304 3454 1420 3512 τοῖς
1452 3446 1511 3505 δὲ
1537 3454 1635 3505 τοῦ
1695 3457 1911 3525 Χρυσο-

256 3535 464 3609 στόμου
514 3538 781 3610 ἑπόμενος
837 3542 968 3593 πᾶσι
1019 3537 1111 3594 καί
1171 3536 1382 3596 δώδεκα
1410 3541 1683 3620 κεφάλαια
1708 3540 1915 3614 ἐξέθετο

261 3622 575 3700 δογματικᾶι
631 3626 720 3681 καὶ
769 3627 1052 3704 Νεστορίῳ
1114 3625 1324 3703 ἔπμψεν
1378 3629 1429 3683 ἐν
1483 3632 1916 3687 Κωνσταντινουο

260 3712 449 3774 πόλει.
509 3718 603 3768 Ὧν
671 3714 875 3777 ἐκεῖνος
944 3719 1359 3795 καταφρονήσας
1426 3720 1524 3788 τήν
1581 3722 1698 3775 κατ’
1755 3720 1920 3776 αὐτοῦ

255 3803 452 3875 τρίτην
532 3800 756 3858 σύνοδον
833 3804 1082 3881 γενέσθαι
1158 3808 1578 3881 παρεσκεύασεν.
1648 3808 1920 3883 Ἀρσένιος

258 3888 313 3947 δὲ
368 3894 398 3947 ὁ
452 3890 622 3967 μέγας
669 3897 777 3947 τῶν
829 3897 928 3949 τοῦ
976 3895 1189 3968 κόσμου
1237 3898 1449 3952 πάντων
1508 3901 1924 3975 καταφρονήσας

257 3980 354 4036 καὶ
382 3984 486 4036 τοῦ
515 3981 727 4055 κόσμου
774 3982 1135 4061 ἀναχωρήσας
1184 3985 1282 4054 τὴν
1332 3987 1476 4050 θείαν
1511 3986 1841 4065 φιλοσοφίαν
1868 3988 1919 4043 ἐν

259 4070 536 4146 Αἰγύπτῳ
569 4074 877 4147 μετήρχετο
909 4073 962 4128 ἐν
993 4072 1271 4147 μοναδικῷ
1296 4077 1564 4149 σχήματι.

336 4163 437 4233 Τῷ
469 4162 500 4215 ι’
528 4159 633 4216 ἔτει
686 4159 978 4236 Ἀρκαδίου
1026 4166 1062 4233 ἡ
1112 4165 1304 4236 πρώτη
1361 4163 1542 4240 ἐξορία
1583 4169 1679 4220 τοῦ
1711 4167 1923 4239 Χρυσοο

259 4252 478 4325 στόμου
554 4252 796 4328 γέγονεν,
854 4251 947 4331 ἀφ’
996 4254 1064 4322 ἦς
1122 4252 1444 4331 ὑποστρέφει
1509 4254 1770 4326 ἐξήκοντα
1807 4255 1923 4310 ἑπι-

259 4341 485 4396 σκόπων
547 4339 919 4404 συνελθόντων
978 4341 1068 4396 καὶ
1124 4338 1295 4416 ἄκυρα
1350 4343 1524 4398 πάντα
1552 4344 1620 4399 τὰ
1648 4344 1784 4398 κατᾶ
1831 4348 1929 4399 τοῦ

258 4428 412 4493 θείου
444 4429 699 4485 Ἰωάννου
758 4432 905 4506 παρὰ
956 4436 1055 4486 τοῦ
1108 4431 1378 4511 Θεοφίλου
1410 4432 1501 4487 καὶ
1536 4434 1619 4506 [Ρ.
1655 4435 1780 4506 329]
1815 4439 1922 4490 τῶν

268 4520 361 4574 σὺν
401 4518 553 4590 αὐτῷ
605 4520 953 4590 ποιησάντων
1012 4518 1260 4583 δικαίως.
1292 4525 1378 4593 Τῷ
1409 4519 1467 4576 δὲ
1501 4528 1564 4576 ια’
1593 4521 1683 4576 καὶ
1719 4523 1791 4597 ιβ’
1822 4519 1927 4578 ἔτει

2021 3445 2507 3516 Chrysostomum
2547 3442 2763 3499 exinde
2824 3447 2915 3498 est
2969 3447 3226 3498 secutus.
3260 3441 3459 3497 Edidit
3489 3441 3671 3496 etiam

2023 3533 2335 3591 duodecim
2367 3532 2648 3605 capitula,
2682 3533 2921 3589 decreta
2967 3532 3245 3587 Ecclesiae
3278 3530 3669 3596 continentia,

2023 3624 2304 3693 misitque
2322 3623 2588 3678 Nestorio
2610 3622 2986 3694 Cpolin.Qua
3010 3622 3060 3677 is
3086 3625 3478 3677 contemnens
3497 3636 3676 3675 causa

2022 3714 2135 3769 fuit
2163 3719 2229 3769 ut
2252 3714 2427 3769 tertia
2447 3719 2656 3769 contra
2676 3713 2872 3785 ipsum
2895 3712 3157 3784 synodus
3179 3711 3677 3766 conscriberetur.

2024 3805 2266 3876 Magnus
2322 3809 2520 3858 autem
2580 3802 2682 3856 ille
2742 3802 3048 3868 Arsenius,
3081 3800 3305 3855 mundo
3338 3803 3677 3869 contempto

2025 3898 2202 3963 atque
2260 3892 2489 3956 relicto,
2549 3890 2807 3945 divinam
2871 3888 3312 3961 philosophiam
3344 3889 3407 3942 in
3439 3890 3680 3960 Aigypto

2027 3981 2211 4036 coluit
2246 3980 2452 4036 habitu
2483 3979 2779 4035 monachi.

2099 4161 2339 4216 Decimo
2370 4159 2605 4216 Arcadii
2631 4175 2787 4215 anno
2819 4158 3274 4230 Chrysostomus
3303 4157 3563 4229 primum
3595 4161 3687 4212 est

2027 4249 2344 4321 relegatus,
2401 4253 2825 4318 revocatusque
2884 4246 3121 4318 deinde,
3153 4263 3288 4301 cum
3321 4249 3388 4300 60
3420 4246 3684 4317 episcopi

2031 4340 2449 4396 convenissent
2494 4339 2775 4410 justoque
2825 4336 3053 4410 judicio
3114 4336 3497 4392 rescidissent
3551 4352 3683 4406 qua

2033 4436 2239 4486 contra
2268 4445 2405 4484 eum
2435 4428 2793 4500 Theophilus
2849 4443 2986 4483 cum
3035 4442 3143 4481 sua
3177 4426 3436 4481 factione
3463 4430 3682 4498 egerat.

2033 4520 2222 4575 Annis
2254 4521 2314 4575 11
2349 4524 2405 4573 te
2440 4520 2506 4573 12
2535 4535 2741 4574 rursus
2770 4519 3188 4590 Chrysostomo
3231 4516 3460 4572 insidia
3494 4515 3687 4587 majo-

257 4609 427 4663 πάλιν
461 4609 527 4663 τὰ
582 4609 720 4664 κατά
776 4615 877 4678 τῆς
933 4604 1237 4680 ἑπιϐουλῆς
1299 4608 1445 4683 αὔξει
1485 4615 1582 4665 τοῦ
1612 4612 1922 4686 Χρυσοστό-

2040 4626 2160 4664 rem
2186 4609 2249 4664 in
2274 4608 2516 4663 modum
2544 4608 2887 4663 tenduntur.
2910 4608 3080 4661 Anno
3106 4607 3333 4670 l3,cum
3355 4605 3687 4660 orationem

268 4720 399 4771 μου.
429 4699 517 4753 Ἐν
552 4695 609 4752 δὲ
639 4703 718 4771 τῷ
770 4700 859 4775 ιγ’,
909 4699 999 4755 ’ὀτε
1045 4699 1135 4754 καὶ
1183 4700 1275 4755 τὸν
1322 4699 1485 4776 λόγον
1518 4701 1769 4771 εποίησεν
1797 4701 1858 4755 οὗ
1889 4703 1924 4769 ἡ

260 4787 439 4867 ἀρχή’
475 4811 504 4839 ‹‹
539 4786 712 4843 Πάλιν
737 4786 1009 4864 Ἡρωδιὰς
1058 4789 1318 4862 μαίνεται,
1345 4814 1374 4842 ››
1393 4790 1517 4845 τότε
1546 4784 1718 4865 ἔχθρα
1744 4789 1929 4846 τελεία

252 4885 354 4946 τῆς
388 4877 717 4953 βασιλίσσης
768 4880 889 4934 κατ’
937 4878 1108 4934 αὐτοῦ
1156 4881 1383 4956 γίνεται,
1431 4880 1521 4934 καὶ
1565 4879 1770 4936 πάλλιν
1801 4891 1928 4944 καθ-

255 4967 468 5038 αίρεσις
524 4966 613 5022 καὶ
671 4966 853 5042 ἒξορία
910 4968 987 5030 εἷς
1044 4968 1375 5040 Κούκουσον,
1437 4970 1635 5033 ἒκεῖθεν
1694 4968 1771 5031 εἷς
1828 4976 1926 5025 Πι-

260 5061 518 5112 τυοῦντα·
576 5059 665 5112 καὶ
725 5058 1018 5132 γενόμενος
1063 5059 1114 5112 ἓν
1170 5058 1441 5131 Κομάνοις
1487 5065 1588 5128 τῆς
1633 5059 1922 5135 Ἀρμενίας

261 5148 401 5201 κατά
429 5143 669 5219 πάροδον
704 5143 995 5216 ἐτελειώθη
1047 5146 1098 5200 ἒν
1144 5146 1344 5221 Κυρίῳ.
1379 5147 1563 5218 ’Ἄξιον
1599 5144 1657 5202 δὲ
1685 5148 1798 5202 ἔστι
1833 5168 1922 5219 μι-

261 5237 392 5308 κρὸν
417 5229 779 5290 ἐπαναλαϐεῖν
798 5232 879 5307 τῷ
901 5233 1050 5309 λόγῳ
1072 5235 1196 5311 περὶ
1221 5236 1317 5290 τοῦ
1339 5235 1496 5310 ἁγίου
1524 5236 1735 5312 [Ιατρὸς
1763 5238 1924 5308 ἡμῶν

2037 4698 2466 4770 composuisset
2495 4697 2665 4770 cujus
2720 4696 2957 4752 initium
2984 4713 2996 4752 :
3051 4717 3080 4746 «
3113 4699 3370 4751 Rursum
3401 4694 3688 4750 Herodias

2035 4787 2198 4858 furit,
2234 4809 2260 4835 »ι
2294 4786 2496 4842 odium
2519 4786 2914 4857 imperatricis
2936 4785 2998 4840 in
3025 4800 3161 4840 eum
3182 4800 3425 4855 prorsus
3448 4784 3685 4853 exarsit,

2035 4892 2389 4947 ruisumque
2448 4876 2788 4947 episcopatu
2837 4874 3104 4946 dejectus
3161 4872 3458 4945 relegatur
3494 4874 3686 4943 primo

2034 4966 2350 5031 Cucusum,
2374 4965 2513 5021 inde
2544 4966 2902 5036 Pityuntem.
2923 4964 3190 5034 Cumque
3216 4962 3407 5017 obiter
3426 4964 3688 5016 Comana

2033 5056 2327 5111 Armenia
2351 5054 2635 5127 oppidum
2657 5052 3123 5125 pervenisset,ad
3143 5052 3457 5106 Dominum
3482 5066 3553 5103 ex
3574 5049 3685 5103 hac

2032 5145 2149 5200 vita
2172 5144 2598 5216 commigravit.
2622 5142 2762 5199 57'!
2800 5143 2883 5196 De
2912 5142 3026 5196 hoc
3055 5144 3258 5195 sancto
3276 5140 3449 5193 Patre
3479 5141 3685 5192 nostro

2035 5241 2093 5292 et
2121 5235 2282 5291 orbis
2311 5240 2603 5290 terrarum
2635 5231 3041 5287 illuminatore
3069 5228 3302 5285 videtur
3332 5244 3528 5300 opera
3556 5245 3661 5300 pre

1481 5364 1860 5419 XYLANDBI
1890 5364 1976 5418 ET
2009 5362 2224 5418 GOARI
2253 5362 2474 5416 NOTAE.

337 5466 447 5539 (45)
478 5464 550 5539 Id_
575 5469 667 5539 est
689 5462 959 5539 opinioni
992 5477 1113 5516 non
1142 5461 1372 5539 ratione
1405 5466 1566 5516 certa
1615 5467 1676 5517 et
1717 5460 1918 5539 explo-

264 5532 556 5606 rata,'sed
597 5536 670 5591 ob
703 5532 1123 5606 auctoritatem,
1164 5537 1425 5606 recepta
1469 5532 1922 5606 consuetudinis

266 5603 513 5665 valenti.
549 5609 640 5664 Sic
707 5604 1013 5677 usurpavit
1053 5605 1240 5677 etiam,
1281 5604 1548 5677 Justinus
1593 5603 1922 5677 martyrad

268 5682 511 5750 lenam,
565 5685 623 5735 et
671 5675 882 5734 Noster
934 5691 1131 5746 supra.
1184 5675 1543 5745 Theophilus
1600 5683 1799 5731 autem
1832 5675 1927 5730 hic

2027 5459 2140 5514 fuit
2197 5457 2571 5513 Alexandria
2636 5456 2971 5526 episcopus.
3020 5454 3386 5524 Nicephorus
3443 5471 3566 5520 xm,
3626 5457 3681 5521 4,

2030 5531 2388 5585 Sozomenus
2417 5530 2458 5584 l.
2485 5544 2598 5595 vm,
2626 5528 2726 5598 qui
2760 5526 2911 5580 liber
2938 5541 3072 5579 cum
3105 5526 3267 5580 hisce
3297 5526 3563 5582 historiis
3594 5533 3684 5581 est

2034 5601 2341 5674 legendus.
2377 5603 2522 5655 ΧΠ..
