4126 6296
412 357 526 416 ϐῒΐ

1774 359 2102 420 GEORGII
2145 357 2495 422 CEDRENI

3707 365 3830 426 698

416 493 565 548 tium
597 492 850 563 paucula
878 492 1056 547 altius
1087 498 1376 564 repetere,
1397 494 1554 564 quod
1586 493 1854 548 fortassis
1884 494 2068 547 hone-

2185 492 2269 547 καί
2300 501 2591 572 φωστῆρος
2617 504 2718 567 τῆς
2749 498 3079 572 οἰκουμένης
3113 498 3364 560 Ἰωάννου
3393 503 3490 555 τοῦ
3523 497 3834 572 Χρυσοπό-

425 582 495 634 sti
530 581 809 635 studiosis
840 597 960 635 non
993 581 1303 636 videbetur
1332 599 1366 636 a
1397 600 1459 636 re
1491 582 1754 638 alienum
1787 599 1936 636 esse.

491 670 545 724 Is
575 687 710 740 ergo
741 686 966 726 annum
1017 671 1206 728 aetatis
1264 687 1444 742 agens
1501 671 2070 743 duodevigesimum,

421 760 704 814 deserens
735 760 1085 832 magistrum
1117 777 1292 816 suum
1315 761 1624 818 Libanium
1657 761 2006 832 sophistam,
2039 777 2074 814 a

420 850 653 906 Meletio
677 851 1010 905 Antiochiae
1031 851 1406 906 sanctissimo
1425 853 1701 922 episcopo
1722 851 2072 922 baptizatus,

420 939 494 994 ad
525 939 765 994 lectoris
797 955 1016 993 munus
1049 939 1390 1010 designatus
1424 946 1532 998 est.
1571 940 1654 994 ibi
1699 956 1832 994 cum
1887 940 2073 994 trien-

419 1029 586 1083 nium
611 1028 874 1084 ecclesiae
899 1027 1206 1096 adfuisset,
1230 1029 1304 1084 ad
1323 1031 1740 1085 monachorum
1761 1029 2073 1101 quemdam

424 1122 773 1191 praefectum
825 1122 1088 1191 secessit,
1120 1122 1361 1177 nomine
1405 1123 1770 1190 Car-torium;
1802 1123 2076 1194 apudque

422 1227 558 1265 eum
591 1210 1056 1281 quadriennium
1075 1217 1340 1268 moratus
1370 1213 1698 1268 monachus
1723 1213 1831 1268 sub
1855 1229 1923 1268 eo
1944 1213 2075 1278 fuit,

419 1300 848 1371 institutusque
881 1306 969 1355 est
1017 1302 1200 1356 sacris
1247 1302 1482 1357 Litteris
1532 1309 1590 1356 et
1643 1307 1917 1358 accurata
1945 1303 2076 1355 vitea

421 1389 702 1444 solitariae
723 1389 1004 1462 degendm
1026 1391 1276 1447 ratione.
1292 1393 1503 1446 Postea
1523 1393 1739 1462 quietis
1757 1392 2077 1463 cupiditate

422 1477 636 1534 ductus
658 1479 719 1533 in
737 1479 1081 1550 speluncam
1104 1479 1459 1551 abiit,inque
1484 1495 1552 1535 ea
1580 1481 1890 1536 biennium
1915 1479 2078 1535 solus

425 1569 638 1639 exegit.
673 1569 799 1633 Quo
831 1573 954 1623 toto
986 1569 1229 1623 biennio
1279 1585 1414 1624 cum
1447 1586 1641 1640 neque
1673 1576 1851 1626 noctu
1882 1585 2076 1638 neque

421 1657 686 1712 interdiu
713 1658 1105 1726 recubuisset,
1131 1659 1399 1713 enecavit
1418 1676 1594 1714 renes
1617 1665 1676 1714 et
1705 1665 1902 1731 partes
1923 1660 2080 1714 infra

422 1753 690 1802 ventrem
749 1747 916 1814 sitas,
970 1746 1186 1819 frigore
1246 1764 1347 1803 eas
1404 1749 1714 1820 perdente.
1748 1751 1926 1806 Porro
1957 1765 2076 1804 non

422 1842 736 1892 contentus
763 1835 874 1890 sibi
896 1836 1009 1907 ipsi
1041 1835 1354 1908 profuisse,
1387 1853 1626 1893 rursum
1651 1838 1848 1893 divina
1867 1838 2070 1909 provi-
2103 1862 2151 1927 Β

421 1927 622 1980 dentia
635 1926 746 1980 hoc
759 1925 831 1980 ad
845 1925 1152 1980 multorum
1165 1926 1417 1981 salutem
1432 1934 1785 1998 procurante
1799 1927 1873 1982 ad
1887 1927 2073 1983 eccle-

421 2015 569 2070 siam
619 2014 814 2068 rediit.
852 2014 1120 2070 Meletius
1171 2020 1308 2070 tunc
1356 2032 1492 2071 eum
1538 2015 1855 2072 diaconum
1887 2023 2069 2074 creat.

419 2105 682 2174 Cumque
731 2102 898 2158 altari
952 2103 1278 2158 triennium
1309 2105 1676 2160 inserviisset
1706 2111 1765 2160 et
1786 2107 1913 2177 jam
1942 2107 2072 2178 ejus

419 2193 480 2248 in
511 2190 780 2247 docendo
810 2193 996 2246 virtus
1019 2193 1397 2260 innotuisset,
1431 2210 1466 2248 a
1495 2194 1772 2249 Flaviano
1795 2196 2072 2267 episcopo

419 2282 734 2352 presbyter
761 2281 1164 2336 constituitur.
1197 2281 1339 2336 Inde
1379 2282 1441 2336 in
1475 2283 1843 2338 Antiochena
1874 2281 2076 2338 Eccle-

421 2371 510 2424 sia
539 2369 999 2440 quadriennium
1023 2377 1286 2426 versatus
1309 2371 1438 2426 vita;
1463 2389 1583 2427 sum
1605 2373 1922 2429 virtutibus
1943 2390 2074 2429 eam

423 2460 746 2516 exornavit.
775 2462 913 2515 Erat
945 2475 1178 2516 summa
1206 2462 1590 2516 continentia;
1637 2467 1697 2516 et
1745 2463 2074 2518 tolerantiae

425 2549 868 2614 exercitatione,
892 2549 1138 2621 pervigit
1168 2555 1228 2604 et
1256 2551 1473 2620 quietis
1505 2550 1978 2608 studiosissimus
2009 2569 2076 2610 ac

425 2639 835 2709 temperantia,
853 2639 1232 2694 aemulatione
1250 2639 1310 2694 in
1333 2639 1594 2694 dibendo
1615 2641 1792 2696 liber:
1810 2643 2076 2714 alioquin

421 2727 752 2796 irritabilis,
793 2728 896 2782 irai
951 2743 1130 2798 quam
1182 2728 1392 2800 pudori
1448 2729 1890 2802 obsequentior,
1923 2733 2076 2789 518

421 2817 744 2872 immodica
761 2816 994 2872 dicendi
1015 2817 1289 2873 libertate
1309 2819 1588 2875 utebatur
1603 2819 1882 2875 adversus
1901 2822 2080 2877 inter-

417 2906 733 2978 pellantes.
757 2908 823 2960 In
851 2907 1121 2962 docendo
1144 2909 1499 2964 utilissimus
1521 2910 1938 2980 habebatur,in
1962 2912 2079 2968 col-

415 2995 635 3066 loquiis
661 3011 942 3068 arrogans
965 2996 1276 3052 videbatur
1297 3003 1355 3053 et
1373 3003 1748 3071 contemptor
1767 3001 2077 3057 hominum

415 3085 489 3139 iis
517 3087 618 3157 qui
645 3101 784 3142 eum
828 3103 950 3142 non
1000 3092 1234 3143 norant.
1287 3089 1489 3162 Itaque
1524 3092 1702 3147 etiam
1734 3092 1806 3148 ad
1847 3094 2080 3166 episco-

416 3179 621 3246 patum
661 3181 896 3232 evectus
927 3178 1138 3248 majori
1170 3180 1486 3251 supercilio
1518 3181 1830 3238 adversum
1865 3183 2073 3238 subdi-

421 3270 510 3318 tos
544 3264 841 3332 utebatur,
875 3265 949 3320 ad
981 3267 1230 3322 salutem
1259 3272 1317 3322 et
1345 3271 1778 3326 correctionem
1809 3272 2075 3345 singulos

425 3369 562 3407 rum
608 3357 805 3424 gestus
857 3370 925 3408 ac
973 3355 1275 3410 orationes
1307 3356 1649 3414 immutans.
1682 3361 1864 3416 Nemo
1896 3363 2076 3434 igitur

428 3442 590 3496 hunc
615 3442 963 3512 arrogantia:
995 3443 1304 3498 damnabit
1358 3446 1475 3501 nisi
1532 3447 1833 3518 adulator;
1879 3465 2074 3520 neque

431 3529 718 3585 mediocri
750 3531 949 3585 animo
1006 3531 1188 3588 fuisse
1245 3533 1466 3602 credet,
1509 3537 1608 3606 qui
1650 3537 1775 3607 ipse
1806 3537 2079 3594 adulator

432 3620 508 3674 sit
537 3625 594 3674 et
623 3619 784 3690 parvi
816 3620 1022 3674 animi.
1061 3622 1272 3676 Verum
1312 3622 1395 3678 ita
1425 3623 1765 3680 habendum
1796 3631 1903 3690 est,
1939 3644 2075 3684 eum

428 3713 648 3764 statum
673 3709 832 3764 hunc
860 3710 1142 3780 tenuisse,
1163 3711 1264 3782 qui
1287 3711 1541 3768 liberum
1565 3712 1754 3770 decet.
1783 3716 2076 3789 Magnani-

426 3815 591 3856 mum
625 3801 782 3854 enim
815 3817 944 3856 esse
975 3801 1270 3870 convenit,
1295 3819 1416 3858 non
1447 3804 1810 3877 superbum;
1839 3807 2074 3877 fortem,

424 3905 547 3943 non
580 3890 964 3944 temerarium
991 3907 1004 3957 ;
1039 3891 1592 3960 aequanimummon
1620 3893 1834 3965 abiecti
1858 3895 2075 3968 animi;

422 3976 816 4047 moderatum,
848 3995 970 4034 non
1002 3980 1356 4036 humilitatis
1387 3982 1815 4054 simulatorem,
1859 3983 2078 4042 libera-

421 4067 561 4133 lem,
591 4083 709 4121 non
733 4067 1026 4124 servilem.
1051 4069 1559 4134 Quemadmodum
1593 4077 1651 4128 et
1680 4073 1806 4144 ipse
1833 4075 2078 4146 Chryso-

425 4159 650 4210 stomus
672 4155 815 4211 dicit
839 4173 851 4210 :
878 4158 1198 4229 Propterea
1218 4159 1442 4216 varium
1467 4177 1595 4216 esse
1628 4168 1862 4234 oportet
1880 4171 2077 4236 pasto-

422 4261 550 4300 rem
581 4251 756 4318 atque
789 4246 1113 4302 doctorem.
1139 4249 1378 4304 Varium
1411 4249 1689 4317 dico,non
1721 4252 2074 4321 subdolum;

424 4350 618 4404 neque
679 4334 1048 4390 adulatorem
1079 4341 1181 4390 aut
1232 4337 1666 4410 insultatorem,
1699 4342 1802 4397 sed
1834 4343 2078 4414 plenum

426 4439 654 4495 magum
686 4423 1014 4492 libertatis;
1044 4425 1144 4495 qui
1168 4430 1224 4479 et
1256 4427 1579 4482 concedere
1611 4430 1838 4485 utiliter
1867 4433 2076 4502 possit,

425 4512 524 4566 ubi
555 4512 641 4564 rei
673 4518 1088 4582 argumentum
1120 4513 1180 4567 id
1213 4515 1498 4584 requiret,
1531 4521 1591 4571 et
1634 4521 1751 4572 tam
1785 4519 1982 4574 lenem
2013 4536 2076 4576 se

2181 581 2448 655 μου·ἰ¹σως
2472 587 2576 662 γὰρ
2589 593 2707 648 τοῖς
2725 587 3054 664 φιλοκάλοις
3075 589 3138 644 οὐ
3163 585 3331 660 δόξειε
3349 592 3510 658 τοῦτο
3532 588 3827 662 πάρεργον.

2249 674 2744 736 Ὀκτωκαιδέκατον
2802 677 2947 756 ἄγων
2997 687 3096 750 τῆς
3125 679 3344 750 ἡλικίας
3401 675 3539 750 ἔτος,
3599 676 3832 732 καταλι-

2177 765 2294 819 πὼν
2343 767 2437 820 τὸν
2497 764 2822 826 διδάσκαλον
2874 768 3039 824 αὐτοῦ
3097 765 3354 825 Λιϐάνιον
3398 769 3488 824 τὸν
3535 769 3826 848 σοφιστὴν,

2181 854 2286 909 ὑπὸ
2317 859 2414 910 τοῦ
2459 856 2767 930 ἁγιωτάτου
2823 858 3120 914 ἐπισκόπου
3180 855 3524 932 Ἀντιοχείας
3558 855 3834 914 Μελετίου

2182 945 2494 1018 βαπτισθεὶς
2567 953 2969 1022 χειροτονεῖται
3053 947 3425 1023 ἀναγνώστης.
3494 946 3600 1004 Καὶ
3661 965 3836 1020 παρα-

2183 1033 2363 1105 μείνας
2391 1036 2460 1106 τῇ
2487 1032 2751 1106 ἆκκλησίᾳ
2796 1032 2887 1106 ἔτη
2948 1035 3073 1112 τρία
3128 1035 3470 1111 ἀνεχώρησε,
3495 1033 3587 1090 καὶ
3621 1033 3838 1102 ἀπῆλθε

2179 1121 2318 1195 πρὸς
2345 1143 2467 1176 τινα
2518 1125 2762 1202 μοναχὸν
2817 1123 2908 1179 καὶ
2964 1126 3277 1203 ἡγούμενον
3333 1124 3626 1199 Καρτὲριον
3653 1121 3838 1178 τοῦνο-

2185 1231 2278 1282 μα,
2335 1212 2426 1266 καὶ
2484 1211 2632 1284 αὐτῷ
2681 1215 3014 1288 προσμείνας
3074 1208 3166 1284 ἔτη
3219 1213 3448 1288 τέσσαρα
3481 1211 3689 1291 γίνεται
3749 1212 3836 1268 ὑπ’

2179 1298 2349 1353 αὐτοῦ
2409 1299 2672 1378 μοναχός.
2735 1300 2833 1354 Καὶ
2917 1303 3013 1364 τὰς
3091 1301 3236 1366 θείας
3307 1301 3516 1380 Γραφᾶς
3575 1301 3664 1355 ὑπ’
3726 1301 3835 1355 αύ-

2178 1393 2276 1444 τοῦ
2330 1387 2636 1453 παιδευθεὶς
2689 1391 2780 1450 καὶ
2847 1399 2951 1461 τῆς
3012 1399 3320 1467 μοναχικῆς
3378 1389 3668 1452 πολιτείας
3731 1391 3832 1459 τὴν

2181 1473 2479 1554 ἀκρίϐειαν,
2515 1481 2710 1554 χρόνον
2739 1481 2858 1537 τινὰ
2908 1483 3254 1558 ἀνεχώρησεν
3285 1481 3337 1536 ἐν
3366 1479 3625 1552 σπηλαίῳ
3674 1481 3842 1548 μόνος

2181 1565 2273 1637 ἔτη
2301 1565 2420 1636 δύο,
2468 1570 2650 1623 ποθῶν
2708 1571 2808 1638 τὴν
2864 1571 3120 1649 ἡσυχίαν,
3183 1572 3272 1639 Μὴ
3333 1569 3620 1626 ἀναπεσὼν
3657 1566 3718 1622 δὲ
3746 1568 3842 1623 τὸν

2183 1653 2333 1726 διετῆ
2361 1658 2584 1732 χρόνον,
2619 1660 2697 1732 μὴ
2729 1659 2966 1734 νύκτωρ,
3010 1661 3084 1732 μὴ
3143 1661 3261 1732 μεθ’
3319 1658 3554 1731 ἡμέραν,
3615 1660 3846 1732 νεκροῦ.

2183 1763 2271 1798 ται
2326 1744 2394 1798 τὰ
2453 1745 2808 1821 ὑπογάστρια,
2864 1747 3098 1822 πληγεὶς
3157 1747 3263 1802 ἀπὸ
3318 1751 3414 1804 τοῦ
3480 1745 3682 1820 κρύους
3743 1745 3846 1806 τὰς

2182 1833 2302 1906 περὶ
2333 1834 2460 1895 τοὺς
2516 1833 2744 1910 νεφροὺς
2796 1831 3072 1909 δυνάμεις.
3129 1837 3215 1906 Μὴ
3277 1834 3524 1910 ὶπαρκῶν
3557 1832 3616 1889 8‘s
3656 1835 3839 1906 ἑαυτῷ

2181 1922 2539 1997 χρησιμεύειν
2593 1921 2762 1980 πάλιν
2818 1920 3227 1998 καταλαμϐάνει
3287 1927 3385 1995 τὴν
3447 1921 3750 1993 ἐκκλησίαν
3780 1921 3840 1978 ἐκ

2178 2013 2324 2075 θείας
2380 2013 2720 2088 προμηθείας
2780 2013 2856 2076 είς
2913 2013 3140 2070 πολλῶν
3204 2012 3496 2088 σωτηρίαν,
3559 2013 3844 2076 Ἐντεῦθεν

2179 2107 2570 2176 χειροτονεῖται
2603 2099 2852 2166 διάκονος
2881 2103 3008 2172 ,ὑπὸ
3065 2107 3162 2160 τοῦ
3214 2103 3360 2159 θείου
3391 2101 3687 2171 Μελετίου,
3725 2103 3836 2156 ὑπ-

2179 2193 2447 2267 ηρετήσας
2476 2197 2556 2264 τῷ
2583 2192 2954 2269 θυσιαστηρίῳ
2999 2193 3124 2270 τρία
3167 2192 3284 2264 ἔτη.
3331 2189 3476 2263 Ἤδη
3523 2188 3582 2246 δὶ
3609 2198 3715 2260 τῆς
3751 2187 3838 2246 δι-

2180 2279 2516 2351 δασκαλικῆς
2573 2282 2738 2338 αὐτοῦ
2814 2285 3009 2358 ἀρετῆς
3063 2281 3483 2356 διαλαμπούσης
3530 2277 3840 2356 πρεσϐύτε-

2182 2390 2273 2444 ρος
2305 2377 2698 2446 χειροτονεῖται
2758 2369 2848 2428 διὰ
2903 2367 3220 2429 Φλαϐιανοῦ
3256 2376 3358 2428 τοῦ
3389 2369 3714 2438 ἐπισκόπου,
3749 2361 3847 2426 καὶ

2179 2461 2411 2534 τέσσαρα
2439 2454 2533 2532 ἔτη
2595 2459 2896 2536 διαπρέψας
2949 2459 3004 2516 ἐν
3052 2467 3122 2537 τῇ
3183 2461 3447 2533 ἓκκλησίᾳ
3491 2461 3847 2538 Ἀντιοχείας

2179 2548 2536 2622 ἀποσεμνύνει
2566 2550 2629 2604 τὸ
2684 2547 2853 2606 ἔκεῖσε
2902 2551 3165 2626 ἰερατεῖον
3222 2555 3292 2625 τῇ
3344 2556 3442 2606 τοῦ
3486 2549 3612 2626 βίου
3642 2550 3842 2624 ἀρετῇ.

2179 2641 2284 2694 Ἦν
2313 2638 2415 2712 γὰρ
2446 2639 2686 2709 ἀσκητὴς
2737 2639 2918 2713 ἄκρως
2973 2639 3065 2694 καὶ
3121 2637 3546 2716 πολυάγρυπνος
3577 2639 3669 2692 καὶ
3704 2636 3843 2711 φιλ-

2182 2728 2393 2801 ήσυχος
2453 2726 2571 2784 λίαν
2633 2727 2723 2786 καὶ
2779 2725 2869 2784 διὰ
2927 2729 3096 2798 ζῆλον
3157 2731 3516 2806 σωφροσύνης
3557 2726 3840 2802 εὐπαρῥηο

2183 2816 2402 2882 σίαστος
2453 2815 2543 2870 καὶ
2599 2815 2935 2892 ἀκρόχολος,
2993 2818 3081 2873 καὶ
3142 2823 3300 2891 θυμῷ
3363 2815 3577 2892 μᾶλλον
3617 2817 3651 2886 ἢ
3684 2813 3836 2869 αἰδοῖ

2184 2903 2490 2980 ἐχαρίζετο,
2545 2904 3004 2981 ἐλευθεροστομίᾳ
3078 2927 3138 2962 τε
3206 2907 3338 2982 πρὸς
3385 2904 3516 2968 τοὺς
3565 2901 3824 2978 ἐντυγχά-

2179 3011 2374 3055 νοντας
2397 2993 2645 3070 ἀμέτρως
2703 2994 2994 3074 ἐκέχρητο.
3056 2997 3161 3052 Καὶ
3211 2994 3264 3052 ἲν
3329 2995 3424 3069 μὲν
3453 2998 3528 3066 τῷ
3554 2990 3814 3048 διδάσκειν

2180 3081 2356 3146 πολὺς
2386 3085 2454 3153 ἦν
2487 3084 2622 3156 πρὸς
2653 3083 2946 3161 ὠφέλειαν,
2994 3085 3046 3140 ἐν
3098 3081 3154 3140 δὲ
3197 3089 3319 3147 ταῖς
3350 3083 3656 3158 συντυχίαις
3685 3080 3822 3136 ἃλα-

2187 3172 2392 3242 ζονικός
2432 3174 2545 3245 (46)
2595 3193 2682 3236 τις
2739 3174 2828 3228 καὶ
2885 3174 3194 3248 ὑπερόπτης
3225 3174 3503 3246 δνομίζετο
3530 3177 3647 3235 τοῖς
3673 3167 3833 3224 αὐτὸν

2187 3263 2463 3337 ἀγνοοῦσι.
2485 3262 2578 3318 Διὸ
2593 3261 2682 3318 καὶ
2704 3261 2793 3318 ἐπὶ
2815 3264 2912 3331 τὴν
2935 3263 3234 3332 ἐπισκοπὴν
3259 3257 3596 3337 προϐληθεὶς
3627 3259 3840 3332 μείζοιι

2186 3352 2351 3430 ὀφρύῒ
2379 3352 2514 3407 κατά
2566 3358 2674 3408 τῶν
2730 3352 2986 3423 ὑπηκόων
3043 3351 3334 3428 ἐκέχρητο,
3374 3353 3510 3428 πρὸς
3551 3349 3846 3424 διόρθωσιν

2185 3444 2412 3498 ἑκάστου
2441 3443 2531 3498 καὶ
2554 3442 2828 3519 σωτηρίαν
2851 3443 2944 3498 καὶ
2965 3445 3092 3505 τοὺς
3111 3444 3348 3519 τρόπους
3370 3443 3461 3498 καὶ
3482 3443 3610 3498 τοὺς
3638 3445 3851 3520 λόγους

2191 3531 2600 3606 μεταλλάττων.
2633 3532 2710 3589 Οὐ
2740 3533 2940 3605 τοίνυν,
2973 3534 3018 3588 εἰ
3071 3536 3146 3607 μή
3181 3553 3264 3597 τις
3294 3531 3375 3602 εἴη
3409 3533 3598 3604 κόλαξ,
3639 3539 3844 3590 τοῦτον

2185 3621 2424 3692 ἀλαζόνα
2453 3623 2586 3677 εἶναι
2616 3622 2848 3697 νομίζει’
2883 3620 2998 3681 οὐδ’
3028 3622 3094 3677 αὖ
3125 3623 3312 3693 πάλιν,
3346 3622 3395 3678 εἴ
3421 3621 3592 3694 κόλαξ
3624 3621 3712 3693 εἴη
3746 3625 3847 3679 καὶ

2187 3711 2431 3786 ἀγεννὴς,
2499 3711 2689 3766 τοῦτον
2747 3714 3112 3789 μετριόφρονα
3168 3709 3408 3782 καλέσει,
3449 3710 3598 3768 ἀλλὰ
3656 3713 3752 3768 τὸν
3787 3711 3847 3767 ἐν

2185 3799 2538 3875 προσηκούσῃ
2595 3802 2740 3872 τάξει
2798 3807 2914 3863 τοῖς
2970 3801 3275 3877 ἐλευθέροις
3321 3801 3604 3876 πρεπούσῃ
3639 3801 3845 3857 ἑαυτὸν

2187 3889 2546 3964 φυλάττοντα.
2581 3889 2990 3969 Μεγαλόψυχον
3043 3891 3147 3968 γὰρ
3206 3892 3340 3946 εἶναι
3399 3893 3692 3966 προσήκει,
3729 3891 3846 3968 οὐχ

2187 3978 2552 4056 ὑπερήφανον,
2609 3976 2876 4052 ἀνδρεῖον,
2927 3979 2994 4034 οὐ
3042 3983 3260 4055 θρασὺν,
3309 3984 3390 4054 [Ρ.
3423 3984 3550 4054 330]
3593 3979 3843 4051 ἐπιεικῆ,

2187 4067 2248 4122 ού
2308 4065 2683 4144 δουλοπρεπῆ,
2741 4069 3121 4146 μετριόφρονα,
3198 4070 3260 4124 ού
3335 4071 3844 4152 ταπεινοιρροσύνην

2187 4156 2632 4233 ὑποκρινόμενον,
2664 4157 2992 4232 ἐλευθέριον,
3042 4160 3143 4214 οὐκ
3196 4157 3620 4236 ἀνδραποδώδη,
3653 4160 3845 4236 ὣσπερ

2187 4242 2254 4314 δὴ
2285 4247 2374 4300 καὶ
2405 4246 2570 4309 αὐτὸς
2629 4247 2786 4312 οὗτος
2843 4249 2872 4302 ὁ
2927 4247 3316 4322 Χρυσόστομος
3347 4247 3512 4323 λέγει.
3547 4250 3644 4304 Διὰ
3673 4255 3845 4306 τοῦτο

2187 4335 2440 4391 ποικίλον
2473 4337 2608 4392 εἶναι
2641 4335 2724 4392 δεῖ
2744 4337 2837 4392 τὸν
2881 4339 3116 4410 ποιμένα
3171 4339 3262 4395 καὶ
3321 4337 3670 4397 διδάσκαλον.
3704 4346 3846 4396 Ποι-

2185 4423 2340 4481 κίλον
2371 4423 2427 4481 δὲ
2459 4425 2626 4502 λέγω,
2684 4426 2792 4502 οὐχ
2851 4426 3090 4482 ὕπούλον
3145 4425 3274 4484 οὐδε
3328 4429 3538 4485 κόλακα
3566 4430 3657 4484 καὶ
3692 4427 3845 4506 ὑϐρι-

2188 4517 2342 4585 στὴν,
2394 4513 2542 4572 ἀλλά
2595 4514 2818 4586 πολλῆς
2857 4515 3166 4591 ἐλευθερίας
3224 4519 3313 4574 καὶ
3373 4519 3681 4596 παρρησίας
3707 4521 3835 4574 ἀνά-

427 4616 604 4670 quam
627 4605 932 4654 austerum
952 4601 1445 4674 praebereNeque
1469 4605 1628 4659 enim
1651 4623 1858 4663 omnes
1883 4609 2075 4664 eodem

2191 4584 2408 4677 μεστον,
2459 4602 2641 4660 εἰδότα
2691 4584 2780 4662 καί
2840 4584 3172 4682 συματιέναι
3234 4584 3553 4687 χρησίμως,
3601 4608 3724 4662 ὅταν
3787 4609 3821 4676 ἡ

429 4687 602 4742 modo
635 4693 774 4742 sunt
820 4688 1112 4743 tractandi
1167 4689 1408 4761 subditi,
1444 4694 1681 4764 quando
1729 4712 1922 4768 neque
1951 4715 2079 4752 me-

429 4777 544 4832 dici
576 4777 649 4832 ad
681 4791 889 4833 omnes
936 4777 1177 4833 morbos
1226 4779 1436 4835 eodem
1485 4788 1738 4838 utuntur
1785 4787 2074 4858 remedio,

429 4883 622 4938 neque
644 4865 1024 4939 gubernatori
1048 4869 1225 4923 unica
1247 4875 1336 4924 est
1353 4871 1540 4926 ventis
1561 4873 1880 4929 resistendi
1907 4877 2078 4934 ratio.

428 4955 751 5012 Considera
799 4971 934 5027 ergo
994 4955 1231 5027 qualem
1280 4964 1551 5029 oporteat
1598 4961 1754 5016 hunc
1795 4980 1942 5034 esse,
1980 4967 2080 5036 qui

428 5052 654 5104 tantam
684 5045 976 5101 sustinere
1009 5050 1422 5118 tempestatem
1476 5048 1689 5105 debeat
1732 5056 2081 5126 tantumque

430 5140 637 5190 aestum
670 5139 846 5204 atque
890 5139 980 5188 tot
1023 5134 1260 5205 ﬂuctus,
1309 5141 1376 5190 ut
1421 5137 1696 5194 omnibus
1727 5141 1928 5197 omnia
1958 5143 2080 5213 fiat,

428 5241 544 5294 quo
577 5240 784 5280 omnes
816 5223 1100 5281 lucretur.
1134 5225 1379 5296 Oportet
1407 5227 1567 5282 enim
1600 5228 1757 5284 hunc
1794 5247 1922 5287 esse
1952 5249 2083 5305 gra-

424 5329 576 5378 vem,
607 5313 796 5369 fastus
825 5321 1148 5385 expertem,
1197 5314 1548 5386 terribilem,
1579 5319 1733 5375 579
1764 5321 2085 5394 placidum,

2185 4696 2293 4748 τῶν
2342 4694 2678 4768 πραγμάτων
2736 4694 2988 4758 ὑπόθεσις
3044 4695 3246 4770 ἀπαιτῇ
3304 4702 3492 4770 τοῦτο,
3541 4696 3627 4750 καὶ
3686 4714 3827 4769 χρη-

2188 4785 2310 4837 στὸν
2370 4783 2500 4838 εἶναι
2560 4783 2702 4856 ὁμοῦ
2747 4785 2838 4838 καὶ
2895 4783 3185 4859 αὐστηρόν,
3239 4786 3316 4844 Οὐ
3369 4788 3472 4862 γὰρ
3519 4785 3593 4841 ³ςῐνὶ
3639 4784 3828 4857 τρόπῳ

2189 4877 2428 4946 χρῆσθαι
2458 4876 2574 4932 τοῖς
2630 4871 2964 4947 ἀρχομένοις
3022 4873 3188 4929 ’ἀπασι
3243 4871 3382 4945 δέον,
3439 4873 3552 4930 ἐπεὶ
3589 4871 3730 4948 μηδέ
3761 4872 3836 4928 ἴα-

2187 4967 2332 5038 τρῶν
2399 4963 2582 5017 παισὶν
2643 4963 2720 5018 ἐνὶ
2809 4965 3080 5043 φαρμάκῳ
3174 4971 3304 5021 πᾶσι
3385 4973 3504 5028 τοῖς
3571 4965 3838 5040 κάμνουσι

2191 5050 2584 5132 προσφέρεσθαι
2640 5053 2832 5126 καλὸν,
2911 5053 3054 5128 μηδὲ
3109 5051 3470 5131 κυϐερνήταις
3529 5057 3657 5133 μίαν
3715 5054 3838 5112 ὁδὸν

2194 5142 2393 5200 εἶδέναι
2461 5151 2560 5214 τῆς
2615 5145 2750 5220 πρὸς
2808 5145 2874 5200 τᾶ
2934 5145 3212 5221 πνεύματα
3271 5150 3482 5224 μάχης.
3549 5149 3843 5220 Ἐννόησον

2196 5231 2288 5288 οὗν
2315 5233 2508 5288 ὁποῖόν
2537 5255 2657 5289 τινα
2716 5234 2848 5290 εἶναι
2911 5237 3022 5311 χρὴ
3080 5237 3171 5291 τὸν
3235 5235 3507 5311 μέλλοντα
3553 5239 3692 5313 πρὸς
3723 5258 3845 5314 χει-

2197 5327 2354 5396 μῶνα
2407 5327 2664 5380 τοσοῦτον
2719 5322 2956 5394 ἀνθὲζειν
3031 5325 3120 5380 καὶ
3195 5329 3456 5398 τοιαύτην
3517 5328 3693 5400 ζάλην
3750 5335 3851 5387 καὶ

1638 5446 2000 5506 XYLANDHI
2037 5453 2126 5507 ET
2154 5451 2368 5507 GOARi
2407 5452 2627 5506 ΝΟΤιΕ.

502 5563 612 5646 (liti)
641 5563 708 5646 Ῑξι
737 5563 1043 5646 [ιἰεὶςξζίῐιθ,Δ
1075 5562 1258 5646 epit");
1307 5561 1518 5621 δικαίου
1566 5571 1827 5642 κρείσσων
1868 5573 1904 5642 ἢ
1937 5576 2071 5646 τιμὴ

432 5632 933 5710 κακοῦτηξοῐιειιᾴιιε
965 5639 1073 5701 est,
1107 5632 1395 5710 indicans,
1425 5632 1704 5710 praestare
1737 5651 1801 5698 ut
1829 5632 2072 5702 su'cce'n:

436 5710 561 5761 seat
595 5703 698 5756 tibi
729 5702 947 5774 probus
979 5720 1156 5774 quam
1187 5712 1254 5760 ut
1283 5702 1475 5764 malus
1503 5717 1556 5765 te
1589 5713 1856 5772 honoret.
1891 5718 2070 5773 Item:

2185 5573 2707 5664 ξΛληθευτινκὸςΔγὰρ
2739 5576 2817 5664 ἦν,
2860 5574 2928 5664 ea.
2977 5573 3190 5664 ¹πολλὰ,
3224 5579 3306 5662 δτι
3336 5579 3633 5664 καὶ-στόμα
3664 5591 3833 5664 σοφοῦ

2185 5645 2439 5731 iam“:
2461 5645 2738 5731 ἀλήθειαν..
2778 5650 3092 5731 Yerltatem
3147 5651 3308 5731 enim
3357 5645 3610 5731 colebat,
3657 5645 3830 5731 juim

2184 5719 2365 5774 illud:
2399 5721 2467 5774 Os
2493 5722 2754 5789 sapientis
2785 5721 3041 5790 loquetur
3063 5723 3366 5780 veritatem.
3403 5727 3541 5780 XYL.
