4126 6296
370 388 489 457 θῆθ

1535 387 2089 455 HISTORIARUM
2133 387 2689 459 COMPENDIUM.

3653 393 3773 459 680

361 524 604 579 τοσαῦτα
661 521 901 594 κύματα,
984 522 1121 596 πρὸς
1185 522 1248 577 τὸ
1305 517 1549 598 γενέσθαι
1604 525 1723 582 τοῖς
1775 522 1904 577 πᾶσι
1955 516 2012 573 τὰ

2133 519 2383 593 imperio
2437 528 2722 595 utentem,
2769 527 3334 596 communicantem,
3411 527 3779 599 corruptelas

358 610 559 680 πάντα,
592 606 683 665 ’ίνα
728 610 932 675 πάντας
990 608 1255 687 κερδήσῃ·
1318 611 1411 667 Καὶ
1468 610 1570 692 γὰρ
1630 608 1823 682 σεμνὸν
1886 606 2022 664 εἶναι

361 694 448 757 δεῖ
480 698 572 757 τὸν
600 702 858 759 τοιοῦτον
887 699 977 759 καὶ
1007 698 1234 777 ἄτυφον,
1284 700 1373 761 καὶ
1429 692 1657 778 φοϐερὸν
1711 698 1801 755 καὶ
1850 715 2023 772 προσρ

360 793 496 860 ηνῆ,
548 786 643 847 καὶ
701 786 997 864 ἀρχονικὸν
1043 788 1131 849 καὶ
1185 788 1529 857 κοινωνικὸν,
1585 784 1677 843 καὶ
1730 783 2018 845 ἀδέκαστον

358 876 453 934 καὶ
486 877 901 955 θεραπευτικὸν²
944 878 1034 932 καὶ
1081 879 1329 937 ταπεινὸν
1389 876 1480 933 καὶ
1534 873 1870 946 ἀδούλωτον,
1929 874 2020 935 καὶ

361 962 591 1042 φαιδρὸν
621 967 712 1025 καὶ
747 963 977 1047 ἥμερον,
1005 962 1098 1027 ’ίνα
1143 966 1282 1042 πρὸς
1324 970 1493 1025 ταῦτα
1542 962 1786 1033 εὐκόλως
1843 961 2021 1040 μάχει-

364 1058 483 1115 σθαι
509 1051 754 1124 δύνηται.
788 1055 1000 1115 Οὐκοῦν
1047 1051 1131 1115 δεῖ
1175 1054 1269 1114 τὸν
1316 1053 1559 1132 ἐνάρετον
1611 1054 1702 1115 καὶ
1747 1050 2020 1133 ἐχέφρονα

364 1142 583 1225 φεύγειν
628 1144 690 1203 τὸ
747 1142 1067 1203 κολακεύειν
1122 1143 1212 1203 καὶ
1268 1141 1677 1214 κολακεύεσθαι,
1726 1141 1816 1200 καὶ
1878 1143 2020 1217 μήτε

365 1233 697 1303 ἀλαζονικὸν
728 1234 865 1291 εἶναι
901 1235 1040 1311 μήτε
1067 1232 1305 1309 κόλακα,
1359 1231 1487 1291 ἀλλ’
1534 1227 1857 1311 ἀμφοτέρων
1906 1235 2014 1291 τῶν

369 1328 552 1385 κακῶν
581 1325 788 1384 τούτων
819 1323 1068 1395 κολάζειν
1108 1327 1208 1397 τὴν
1267 1325 1546 1405 ἀμετρίαν,
1593 1326 1684 1381 καὶ
1733 1322 2013 1397 ἐλεύθερον

372 1413 532 1485 εἶναι,
570 1415 708 1488 μήτε
731 1413 808 1476 εἰς
838 1411 1124 1473 αὐθάδειαν
1164 1413 1529 1475 ἀποκλίνοντα
1579 1416 1715 1487 μήνε
1763 1412 1838 1475 εἷς
1889 1410 2017 1468 δουειο

368 1500 699 1576 λοπρέπειαν
750 1502 1169 1565 καταπίπτοντα.
1236 1504 1376 1579 Πρὸς
1434 1503 1527 1576 μὶν
1585 1502 1685 1578 γὰρ
1739 1502 2016 1579 χρηστοὺς

360 1591 618 1648 ταπεινὸν
677 1590 942 1670 ὑπάρχειν
1001 1593 1139 1670 χρὴ,
1191 1592 1328 1666 πρὸς
1387 1587 1444 1647 δὲ
1502 1593 1713 1665 θρασεῖς
1774 1590 2011 1664 ὕψηλον,

362 1679 582 1755 ἐπείπερ
615 1681 667 1736 οἱ
729 1682 823 1755 μὲν
881 1682 1076 1757 ἀρετήν
1135 1681 1270 1739 εἶναι
1317 1680 1418 1750 τὴν
1477 1680 1765 1741 ἐπιείκειαν
1806 1682 2010 1755 ἡγοῦν-

357 1789 468 1836 ται,
522 1770 574 1824 οἱ
635 1766 692 1827 δὲ
750 1767 964 1847 ἀνδρίαν
1019 1771 1119 1841 τὴν
1180 1770 1507 1845 θρασύτητα.
1566 1769 1850 1831 Κάκείνοις
1913 1768 2007 1841 μὶν

2131 618 2534 685 respuentem,
2567 616 2908 681 demorandi
2938 635 3210 691 gnarum,
3251 620 3560 693 humilem,
3593 619 3778 682 animi

2130 714 2509 775 nequaquam
2541 704 2801 776 obnoxii,
2836 707 3089 769 hilarem
3146 724 3215 771 eo
3264 712 3662 775 mansuetum,
3712 713 3777 772 ut

2130 795 2337 851 contra
2365 791 2479 852 ista
2507 810 2770 867 pugnare
2812 796 3084 867 expedite
3115 798 3321 869 possit.
3353 799 3500 870 Ergo
3534 797 3635 870 qui
3656 797 3774 858 viro

2131 882 2252 939 tute
2283 881 2567 951 praeditus
2598 888 2690 943 est
2716 901 2784 945 ao
2814 884 3113 955 cordatus,
3148 886 3198 947 is
3228 903 3431 947 cavere
3475 886 3652 950 debet
3698 903 3773 947 ne

2128 968 2217 1027 vel
2247 968 2476 1031 adulari
2511 988 2573 1031 se
2605 972 2764 1035 sinet
2790 973 2880 1035 vel
2909 973 3059 1035 alios
3116 974 3431 1039 adulatur:
3473 981 3533 1037 et
3577 991 3771 1047 neque

2126 1073 2407 1131 arrogans
2434 1078 2564 1121 esse
2594 1079 2790 1134 neque
2820 1064 3116 1133 adulator,
3148 1065 3253 1125 sed
3301 1065 3564 1127 medium
3611 1066 3771 1129 intra

2125 1152 2443 1220 utrumque
2474 1151 2684 1211 vitium
2716 1168 2948 1211 servare
2977 1153 3250 1213 libertate
3293 1159 3544 1219 retenta,
3595 1155 3677 1215 ita
3706 1160 3771 1213 ut

2125 1252 2317 1309 neque
2331 1238 2405 1296 ad
2424 1239 2809 1301 insolentiam
2833 1243 3091 1299 declinet
3112 1243 3770 1314 nequeservilesmores

2125 1324 2419 1383 admittat.
2455 1328 2679 1400 Quippe
2712 1348 2849 1403 erga
2878 1331 3063 1389 bonos
3098 1332 3482 1400 submissum,
3514 1348 3652 1403 erga
3686 1333 3769 1389 fe-

2122 1431 2290 1473 roces
2321 1416 2540 1475 elatum
2572 1435 2633 1477 se
2663 1427 2829 1491 gerat
2857 1438 3007 1493 opus
3038 1427 3148 1487 est,
3198 1437 3335 1481 cum
3385 1420 3474 1479 illi
3522 1422 3773 1491 mquita~

2122 1508 2241 1563 tem
2258 1522 2364 1579 pro
2384 1507 2619 1577 virtute,
2634 1509 2694 1565 hi
2710 1510 2991 1569 fereoiam
3004 1528 3108 1582 pro
3122 1510 3468 1573 fortitudine
3485 1511 3767 1574 habeant.

2118 1594 2257 1655 Ideo
2288 1596 2410 1653 illis
2439 1599 2762 1661 tractandis
2792 1600 3131 1662 adhibenda
3160 1607 3251 1661 est
3278 1602 3459 1663 animi
3493 1602 3766 1674 quaedam

2120 1685 2420 1754 demissio,
2454 1687 2547 1745 his
2605 1694 2803 1751 autem
2856 1690 3163 1759 fortitudo,
3224 1707 3356 1762 quia
3410 1708 3616 1751 eorum
3672 1692 3757 1749 fe.

2117 1791 2286 1835 roces
2316 1776 2560 1847 spiritus
2588 1779 2895 1849 reprimat,
2928 1797 3044 1850 quo
3076 1785 3134 1836 et
3164 1780 3287 1839 illis
3316 1781 3505 1852 prosit
3541 1786 3601 1842 et
3630 1782 3762 1840 ani-

355 1862 459 1930 τήν
517 1860 1019 1937 ταπεινοφροσύνην
1088 1858 1205 1917 δέον
1279 1859 1621 1937 προσφέρειν,
1677 1858 1893 1921 τούτοις
1954 1855 2012 1919 δὲ

406 1950 419 1965 1
503 1949 519 1965 9
567 1947 590 1965 ἢ
637 1948 649 1965 1
782 1945 812 1965 ο
919 1951 933 1965 l
1180 1950 1193 1965 τ
1341 1954 1359 1965 ι
1411 1950 1425 1965 1
1526 1948 1540 1965 9
1599 1948 1613 1965 \
1708 1954 1735 1965 ne
1813 1949 1837 1965 Δ
1959 1947 1972 1965 Ι

2122 1881 2248 1923 mos
2274 1865 2486 1923 horum
2504 1867 2931 1939 dejiciat.ldem
2948 1870 3196 1931 Basilius
3208 1873 3448 1943 Magnus
3468 1871 3761 1940 indicans,

359 1950 460 2018 τὴν
492 1947 715 2025 ἀνδρίαν
748 1945 1106 2007 σϐεννύουσαν
1135 1950 1313 2009 αὐτων
1340 1950 1466 2023 ίτὴν
1516 1948 1622 2009 ἀπὸ
1668 1954 1768 2018 τῆς
1812 1947 2011 2022 θρασύ-

362 2060 530 2109 τητος
560 2036 736 2110 δόξαν,
772 2037 854 2097 ἴνα
890 2037 1018 2101 τοὺς
1074 2040 1168 2113 μὶν
1221 2036 1507 2116 ὠφελήσῃ,
1559 2042 1663 2093 τῶν
1715 2033 1773 2095 δὲ
1823 2056 2009 2091 ταπει-

361 2127 510 2203 νώσῃ
541 2129 603 2184 τὸ
636 2130 911 2207 φρόνημα.
959 2129 1127 2202 Ὅπερ
1178 2128 1270 2184 οὗν
1328 2127 1417 2183 καὶ
1451 2129 1478 2182 ὁ
1511 2127 1675 2203 μέγας
1726 2125 2009 2191 Βασίλειος

360 2212 548 2289 δηλῶν
582 2214 683 2297 ἔφη
738 2219 800 2274 τὸ
844 2221 943 2275 τοῦ
1001 2217 1320 2294 σοφωτάτου
1371 2215 1755 2290 Σολομῶντος
1804 2215 2009 2288 Καιρὸς

357 2311 435 2379 τῷ
460 2312 620 2365 παντὶ
650 2305 951 2383 πράγματι,
1006 2303 1199 2363 εἰδέναι
1254 2307 1364 2381 χρὴ
1411 2304 1494 2365 ’ὁτι
1545 2304 1635 2363 καὶ
1683 2304 2010 2375 ταπεινότηά

358 2415 452 2457 τος
479 2394 572 2453 καὶ
604 2394 866 2469 ἐξουσίας,
893 2394 982 2451 καὶ
1012 2393 1246 2471 ἐλέγχου
1298 2397 1391 2459 καὶ
1451 2392 1869 2469 παρακλήσεως,
1919 2395 2011 2454 καὶ

363 2483 586 2560 φειδοῦς
616 2484 706 2541 καὶ
763 2484 1087 2560 παρρησίας,
1145 2483 1235 2541 καὶ
1292 2482 1676 2563 χρηστότητος
1731 2484 1819 2545 καὶ
1879 2484 2012 2541 ἀπο.

360 2574 589 2651 τομίας,
647 2573 742 2633 καὶ
798 2572 1130 2644 ἁπαξαπλῶς
1186 2573 1376 2649 καιρός
1445 2571 1556 2631 ἐστι
1612 2573 1814 2636 παντὸς
1871 2575 2009 2648 πρά·

359 2685 577 2739 γματος
612 2660 774 2735 ἴδιος,
829 2663 968 2721 ὥστε
1018 2664 1152 2721 ποτὶ
1202 2664 1298 2738 μὲν
1357 2661 1423 2721 τά
1476 2665 1575 2726 τῆς
1628 2662 2012 2731 ταπεινότητος

358 2750 624 2809 δεικνύειν
673 2753 762 2812 καὶ
856 2754 1144 2826 μιμεῖσθαι
1200 2751 1254 2811 ἂν
1329 2752 1650 2809 ταπεινώσει
1699 2751 1767 2805 τὰ
1821 2748 2014 2812 παιδία

358 2843 498 2901 κατά
528 2842 630 2913 τὴν
656 2842 928 2914 Κυριακὴν
979 2841 1185 2916 φωνὴν,
1242 2841 1376 2899 ποτὲ
1433 2838 1491 2896 δὲ
1544 2842 1612 2913 τῇ
1669 2838 1885 2916 ἐξουσίᾳ
1933 2860 2017 2899 κερ-

364 2933 635 3007 χρῆσθαι,
660 2929 726 3002 ἢν
766 2923 963 2985 ἔδωκεν
997 2929 1249 3002 ὁΚύριος
1297 2928 1373 2990 εἰς
1427 2925 1728 3002 οἰκοδομὴν
1775 2927 1865 2985 καὶ
1916 2928 2016 2985 οὐκ

364 3020 440 3082 εἷς
466 3020 804 3093 καθαιρεσιν,
865 3018 989 3074 ὅταν
1049 3019 1084 3087 ἡ
1146 3015 1595 3096 χρείαμέπιζητῇ
1652 3018 1751 3086 τὴν
1807 3014 2014 3090 παῤῥη-

367 3109 502 3180 οἷαν,
555 3108 644 3168 καὶ
705 3106 758 3163 ἐν
813 3111 987 3183 καιρῷ
1048 3106 1143 3181 μὶν
1192 3105 1590 3181 παρακλήσεως
1648 3105 1710 3160 τὰ
1768 3107 2011 3181 χρηστὸν

374 3196 749 3268 ἐνδείκνυσθαι,
784 3196 835 3258 ἐν
863 3201 1038 3274 καιρῷ
1091 3194 1149 3255 et
1201 3196 1509 3270 ἀποτομίας
1546 3197 1639 3255 τὸν
1691 3202 1862 3267 ζῆλον
1911 3195 2011 3265 ἐμ-

372 3285 587 3364 φαίνειν,
619 3287 710 3342 καὶ
741 3285 823 3361 ἐφ’
854 3285 1080 3345 ἑκάστου
1132 3290 1240 3341 τῶν
1286 3283 1475 3343 ἄλλων
1519 3284 1727 3358 ὁμοίως
1774 3286 1866 3343 τὸν
1920 3282 2004 3343 ἔκ.

364 3395 547 3447 κριτον
583 3375 675 3435 καὶ
733 3372 940 3432 δίκαιον
999 3373 1265 3451 λογισμὸν
1303 3371 1683 3451 ἀποφὲρεσθαυ
1749 3372 2011 3453 λογισμοί

361 3467 465 3545 γάρ
493 3461 720 3520 δικαίων
766 3464 1027 3542 κρίματα.
1080 3462 1184 3522 Καὶ
1236 3461 1303 3532 δὴ
1353 3462 1444 3519 καὶ
1491 3463 1519 3517 ὁ
1566 3463 1827 3541 θεοφόρὸς
1886 3461 2011 3525 Ἰσία-

360 3552 539 3630 δωρος
570 3554 779 3615 καὶτοῦ
839 3555 1110 3628 μακαρίου
1169 3553 1438 3630 φοιτητής
1485 3553 1622 3611 ποτὲ
1677 3551 1845 3629 λέγει·
1907 3553 2012 3611 Τὸν

360 3645 447 3719 [Ρ.
490 3645 619 3716 331]
652 3641 888 3718 ἄρχοντα
919 3641 1009 3696 καὶ
1041 3642 1244 3716 ἀγαθὸν
1290 3642 1426 3699 εἶναι
1479 3637 1561 3699 δεῖ
1613 3640 1704 3700 καὶ
1757 3636 2012 3719 φοϐερὸν,

358 3732 427 3788 ἳν⁹
458 3733 639 3804 οἱμὲν
667 3729 724 3786 εὗ
776 3731 1020 3807 βιοῦντες
1075 3730 1346 3807 θαρῥοῖεν,
1403 3730 1454 3785 ol
1510 3726 1568 3784 δὲ
1621 3731 2017 3806 ἁμαρτάνοντες

366 3820 601 3878 ὂκνοῖεν.
635 3821 867 3896 Θάτερον
901 3821 1005 3895 γὰρ
1066 3820 1292 3895 θατέρου
1350 3819 1526 3895 χωρὶς
1578 3817 1815 3895 ἀναρχία
1873 3818 2016 3893 μᾶλο-

365 3909 460 3967 λόν
503 3911 647 3971 ἐστιν
747 3911 918 3987 ἀρχή.
949 3911 1015 3969 Εἰ
1047 3911 1141 3984 μὲν
1165 3911 1271 3986 γάρ
1302 3911 1513 3975 ,πάντες
1562 3910 1698 3980 ἦσαν
1750 3909 2015 3974 εὐπειθεῖς

363 4000 456 4059 καὶ
500 3998 812 4079 φιλάρετοι,
869 3999 1208 4075 ἀγαθότητος
1264 3996 1372 4056 ἔδει
1429 3999 1620 4071 μόνης,
1675 3998 1725 4060 εἴ
1783 3997 1840 4057 δι
1896 4000 2017 4076 φιλς

365 4091 778 4166 αμαρτήμονες,
806 4084 1001 4166 φόϐου.
1065 4085 1286 4157 Ἐπειδή
1339 4085 1396 4149 δὲ
1433 4086 1670 4165 ἀγαθοὺς
1714 4088 1805 4147 καὶ
1842 4109 2015 4160 πονη-

370 4179 498 4255 ροὺς
555 4180 759 4256 ἀνάγκη
821 4177 873 4239 ἐν
933 4182 1049 4242 τοῖς
1105 4175 1439 4253 ἀρχομένοις
1515 4176 1672 4247 εἶναι,
1733 4179 2017 4254 ἀμφότερα

370 4274 812 4347 μεταχειριστέον
858 4272 937 4341 τῷ
983 4265 1212 4342 ἄρχοντι
1268 4265 1359 4325 καὶ
1415 4266 1823 4339 προϊσταμένῳ,
1878 4265 1948 4325 ’ἶν’
1980 4270 2014 4337 ἡ

372 4358 465 4431 μὲν
500 4359 771 4438 ἀγαθότης
801 4355 1032 4432 στηρίζῃ
1091 4355 1219 4417 τοὺς
1276 4354 1515 4429 ἀγαθοὺς
1572 4353 1664 4415 καί
1713 4356 2014 4431 σώφρονας,

368 4444 484 4503 ὁδὶ
532 4442 701 4526 φόϐος
757 4443 1174 4520 προαναστέλλο
1231 4447 1340 4503 τῶν
1399 4441 1665 4505 κακίστων
1731 4445 1800 4505 τὰ
1853 4447 2018 4506 πταίς

2122 1955 2455 2017 Salomonis
2484 1957 2677 2013 verbis
2704 1964 2907 2017 monet
2941 1960 3003 2015 in
3034 1960 3198 2021 omni
3227 1977 3291 2019 re
3322 1977 3488 2019 suam
3512 1977 3640 2017 esse
3672 1960 3765 2021 vel

2118 2044 2495 2113 humilitatis,
2514 2047 2605 2105 vel
2628 2047 2925 2117 elationis,
2941 2049 3033 2109 vel
3053 2049 3147 2121 obj
3158 2050 3484 2121 urgationis
3505 2050 3591 2111 vel
3621 2066 3770 2109 oon-

2119 2133 2449 2203 solationis,
2482 2135 2571 2193 vel
2601 2136 2987 2208 indulgentias
3012 2139 3102 2197 vel
3125 2139 3476 2206 severitatis,
3499 2139 3588 2199 vel
3613 2138 3764 2199 lenia

2121 2224 2257 2284 tatis
2305 2223 2391 2283 vel
2447 2225 2831 2295 austeritatis,
2881 2227 3038 2285 etin
3088 2244 3323 2287 summa
3361 2228 3622 2300 cujusvis
3674 2229 3761 2287 rei

2121 2328 2288 2373 suam
2319 2315 2840 2384 opportunitatem,
2874 2318 3079 2387 Itaque
3110 2332 3535 2387 nonnunquam
3588 2323 3764 2377 utens-

2121 2401 2262 2461 dum
2292 2407 2383 2462 est
2410 2402 2772 2463 demissione
2802 2406 3010 2473 animi,
3069 2407 3577 2476 puerulorumque
3626 2406 3767 2464 imis

2122 2489 2302 2551 tande
2367 2491 2695 2561 humilitas,
2762 2493 2916 2554 sicut
2990 2494 3277 2553 Dominus
3353 2494 3590 2553 monuit
3648 2495 3691 2530 "
3753 2511 3767 2554 :

2121 2579 2442 2650 aliquando
2470 2585 2761 2651 potestate
2791 2582 3081 2641 utendum
3114 2587 3203 2641 est
3250 2598 3430 2654 quam
3479 2584 3769 2643 Dominus

2123 2669 2436 2738 concessit,
2468 2670 2543 2729 ad
2572 2671 3011 2739 mdiﬂoandum,
3044 2688 3167 2731 non
3198 2672 3274 2731 ad
3302 2672 3772 2742 demoliendum,

2123 2774 2259 2817 cum
2293 2757 2568 2817 libertate
2589 2775 2739 2830 opus
2760 2765 2868 2817 est.
2903 2762 2990 2818 Ita
3047 2765 3105 2820 et
3152 2760 3253 2819 ubi
3302 2760 3770 2823 consolationem

2127 2851 2358 2917 tempus
2388 2847 2670 2917 requiret,
2706 2847 3040 2920 benignitas
3069 2849 3419 2915 exercenda,
3461 2855 3521 2906 et
3550 2851 3772 2911 severi-

2127 2940 2305 2995 tatem
2319 2936 2629 2993 occasione
2642 2936 3231 3006 postulante,serium
3249 2936 3486 3008 pietatis
3504 2939 3767 2997 studium

2124 3023 2657 3084 demonstrandum
2716 3025 2871 3085 580
2919 3031 3045 3085 est:
3095 3025 3488 3096 similiterque
3537 3028 3767 3087 caeteris

2126 3111 2404 3169 omnibus
2428 3128 2489 3167 re
2519 3117 2791 3173 accurate
2809 3117 2869 3171 et
2889 3113 3053 3184 juste
3074 3113 3448 3175 considerata
3476 3115 3766 3177 utendum

2127 3206 2235 3259 est.
2259 3202 2404 3259 Nam
2433 3200 2821 3272 cogitationes
2844 3202 3145 3273 justorum
3167 3203 3399 3273 judicia
3428 3210 3588 3267 sunt.
3649 3205 3763 3262 Sed

2078 3288 2086 3320 '
2125 3296 2185 3349 et
2211 3290 2444 3349 divinus
2474 3289 2757 3357 Isidorus.
2790 3293 2892 3363 qui
2922 3292 3241 3363 aliquando
3271 3292 3599 3365 discipulus
3654 3294 3769 3353 fuit

2117 3380 2539 3451 Chrysostomi,
2616 3381 2974 3451 Principem,
3050 3380 3246 3452 inquit
3318 3387 3378 3437 et
3448 3382 3764 3455 benignum

2119 3485 2249 3528 esse
2281 3473 2514 3540 oportet
2559 3472 2619 3527 et
2649 3469 2997 3538 terribilem,
3058 3475 3125 3528 ut
3177 3471 3279 3541 qui
3322 3476 3480 3529 recte
3531 3472 3758 3542 vivunt,

2117 3558 2297 3617 rebus
2327 3557 2726 3629 ﬂdant,etqui
2746 3558 2885 3618 mali
2903 3564 3061 3627 sunt,
3084 3559 3433 3630 delinquere
3464 3567 3757 3620 metuant.

2121 3650 2265 3705 Nam
2297 3647 2346 3707 si
2385 3647 2600 3707 horum
2655 3648 3010 3708 alterutrum
3053 3648 3228 3718 absit,
3274 3666 3396 3705 non
3444 3652 3762 3722 imperium

2120 3741 2230 3804 est,
2289 3735 2395 3794 sed
2450 3734 2744 3796 confusio.
2805 3737 2862 3794 Si
2924 3736 3085 3794 enim
3140 3753 3349 3793 omnes
3420 3738 3768 3795 obedientes

2120 3828 2321 3883 essent
2350 3839 2418 3883 ac
2448 3823 2647 3883 virtuti
2678 3823 2885 3893 dediti,
2929 3822 3038 3881 soli
3067 3823 3234 3881 locus
3262 3824 3768 3898 fuissetbenigni.

2121 3915 2262 3974 tati:
2297 3913 2347 3968 si
2377 3928 2586 3973 omnes
2616 3912 2828 3983 vitiosi,
2862 3912 2984 3970 solo
3018 3917 3242 3971 terrore
3272 3929 3422 3984 opus
3451 3920 3597 3970 erat.
3623 3916 3772 3981 Quia

2120 4007 2320 4059 autem
2349 4017 2591 4061 necesse
2621 4006 2713 4059 est
2756 4000 3131 4061 subditorum
3177 4002 3326 4058 alios
3378 4019 3506 4063 esse
3556 4004 3770 4078 bonos,

2121 4091 2269 4147 alios
2298 4090 2507 4158 malos,
2541 4094 2775 4161 oportet
2803 4091 3134 4162 principem
3168 4097 3418 4163 utraque
3448 4110 3513 4149 re
3549 4095 3770 4150 instru.

2122 4186 2282 4240 ctum
2313 4195 2463 4248 esse,
2491 4185 2557 4237 ut
2584 4185 2643 4238 et
2670 4180 3035 4252 benignitate
3068 4198 3175 4237 sua
3216 4182 3403 4237 bonos
3433 4200 3501 4245 ac
3561 4185 3765 4241 mode-

2123 4275 2245 4328 stos
2275 4270 2609 4337 conﬁrmet,
2642 4273 2699 4326 et
2727 4285 2764 4329 ιι
2792 4269 3092 4340 peccando
3140 4271 3283 4326 mali
3330 4272 3763 4331 deterreantur.

2122 4361 2275 4428 Haec,
2306 4364 2373 4418 ut
2400 4364 2664 4430 apparet,
2699 4363 2758 4417 et
2809 4358 3023 4417 horum
3066 4359 3286 4415 similia
3326 4361 3667 4432 ignorantes
3706 4371 3767 4420 et

2121 4455 2281 4507 recte
2303 4449 2640 4507 discernere
2671 4465 2741 4507 ac
2771 4448 2927 4506 inter
2955 4465 3017 4504 se
3039 4466 3383 4521 comparare
3406 4453 3761 4523 nescientes,

366 4557 565 4610 σματα.
596 4544 774 4594 Ταῦτα
819 4535 1019 4604 τοίνυν,
1075 4534 1150 4596 ὡς
1203 4530 1396 4603 ἔοικεν,
1439 4534 1758 4607 ἀγνοοῦντες
1819 4535 1909 4595 καὶ
1951 4536 2012 4597 τὰ

2124 4539 2351 4601 inimici
2397 4538 2640 4600 Joannis
2684 4537 3088 4609 Chrysostomi
3146 4538 3400 4596 absurde
3458 4547 3517 4596 et
3563 4544 3763 4615 inepte

364 4632 574 4687 τούτων
606 4630 776 4704 ’ὁμοια
835 4627 913 4700 μή
971 4623 1155 4686 καλῶς
1210 4621 1562 4697 ἐπιστάμενοι
1624 4620 1893 4703 διακρῖναι
1927 4641 2012 4703 καῖ

2128 4644 2266 4684 eum
2325 4626 2458 4682 odio
2518 4626 2875 4698 habuerunt,
2933 4642 3001 4687 ac
3048 4627 3394 4691 calumniati
3446 4638 3585 4693 sunt
3637 4590 3769 4696 tan-

370 4724 652 4800 συγκρῖναι
684 4718 736 4780 οἱ
785 4714 977 4795 ἐχθροὶ
1032 4716 1128 4768 τοῦ
1171 4709 1454 4800 θεσπεσίου
1489 4713 1752 4800 ΔἸωάννου
1802 4712 2019 4795 ἀλόγως

363 4793 458 4871 καί
486 4809 734 4881 ἀνοήτως
766 4793 989 4882 ἐμίσουν
1018 4802 1178 4861 αὐτὸν
1212 4800 1301 4863 καὶ
1333 4793 1624 4863 διέϐαλλον
1683 4804 1759 4873 ὡς
1807 4793 2018 4883 τραχύν

361 4920 481 4956 τινα
508 4898 601 4954 καὶ
633 4893 879 4973 ὀργίλον.

432 4988 525 5044 Διὸ
554 4985 623 5057 δὴ
669 4984 760 5039 καὶ
815 4983 952 5038 κατά
1004 4985 1275 5060 γυναικῶν
1306 4983 1623 5057 ὁἸωάννης
1675 4982 1758 5039 ἐπ’
1813 4982 2007 5063 ἐκκλη-

360 5077 476 5143 σίας
510 5075 676 5155 λόγον
707 5070 1040 5147 ἐπεδείξατο,
1071 5071 1128 5127 ’ὸν
1163 5072 1216 5126 οἱ
1248 5068 1530 5151 δυσμενεῖς
1578 5074 1697 5135 κατ’
1746 5071 2005 5152 Εὐδοξίας

361 5166 611 5243 εἰρῆσθαι
657 5161 1024 5238 θρυλήσαντες
1085 5159 1254 5235 ταύτῃ
1314 5160 1406 5221 τὸν
1467 5159 1633 5238 λόγον
1693 5163 2003 5241 εἰσήγαγον.

357 5256 426 5313 Ἡ
482 5251 542 5309 δὲ
596 5252 735 5326 πρὸς
792 5245 1074 5324 Ἀρκάδων
1133 5248 1221 5305 καὶ
1280 5247 1472 5313 δεινῶς
1535 5252 1858 5316 πεπονθέναι
1916 5249 2005 5307 λὲ.

359 5364 533 5420 γουσα
585 5341 726 5397 κατὰ
809 5339 1064 5395 Ἰωάννου
1127 5340 1320 5393 τοῦτον
1403 5338 1736 5414 παρώτρυνε.
1828 5343 2005 5423 Παρα-

360 5434 607 5501 σκευάζει
667 5426 725 5484 tt
776 5426 1175 5501 μετασταλῆναι
1258 5423 1528 5506 Θεόφελον
1580 5428 1654 5495 ὡς
1721 5427 2005 5507 πρόδηλον

366 5520 567 5597 ἐχθρὸν
595 5522 695 5579 τοῦ
756 5518 1006 5576 Ἰωάννου
1064 5516 1398 5593 ὑπάρχοντα*
1456 5513 1515 5580 ὅς
1576 5513 2009 5593 παραγενόμενος

359 5612 413 5667 ἰν
444 5615 514 5686 τῇ
544 5610 696 5682 Δρυῖ,
728 5610 797 5680 τῇ
828 5610 921 5661 νῦν
949 5607 1369 5684 Ῥουφινιαναῖς,
1416 5608 1518 5675 τήν
1569 5609 1706 5663 κατά
1753 5609 2009 5667 Ἰωάννου

436 5711 483 5745 ’σθ
516 5711 672 5767 Matt.
706 5721 871 5763 xvm.

2129 4735 2307 4793 quam
2333 4733 2608 4788 asperum
2640 4720 2698 4776 et
2727 4714 3099 4777 iracundum.

2189 4989 2464 5049 Oratione
2495 4987 2558 5046 in
2578 4985 2857 5045 mulieres
2881 4985 3147 5042 invectus
3172 5002 3278 5062 pro
3299 5003 3465 5045 sacra
3480 4991 3764 5053 concione

2115 5080 2310 5139 fuerat
2331 5077 2804 5149 Chrysostomus.
2838 5075 2981 5131 Eam
3031 5074 3229 5133 aemuli
3282 5075 3586 5147 vulgantes
3630 5096 3762 5139 esse

2115 5171 2178 5224 in
2207 5167 2532 5227 Eudoxiom
2558 5164 3046 5231 iustitutam,rem
3070 5162 3145 5218 ad
3166 5164 3354 5234 ipsam
3377 5164 3722 5225 detulerunt
3747 5190 3760 5228 :

2116 5263 2293 5329 atque
2325 5271 2394 5311 ea
2422 5253 2578 5329 apud
2600 5253 2880 5315 maritum
2909 5251 3225 5309 Arcadium
3257 5258 3466 5322 questa
3487 5257 3760 5328 gravibus

2117 5361 2178 5401 se
2200 5346 2472 5405 affectam
2500 5341 2735 5416 injuriis
2757 5350 2893 5401 eum
2916 5338 2977 5400 in
3009 5340 3496 5415 Chrysostomum
3518 5362 3770 5421 exaspe-

2116 5434 2285 5501 ravit,
2331 5430 2609 5505 deditque
2675 5444 2918 5501 operam
2974 5433 3040 5489 ut
3095 5429 3458 5501 Theophilus
3501 5451 3766 5496 accerse.

2119 5529 2236 5591 tur,
2268 5520 2619 5578 manifestus
2649 5517 3051 5588 Chrysostomi
3082 5517 3291 5574 hostis.
3325 5521 3379 5575 Is
3409 5539 3544 5579 cum
3585 5527 3764 5583 adve-

2125 5612 2331 5683 nisset,
2365 5611 2424 5664 in
2456 5610 2706 5677 Quercu,
2737 5606 2837 5679 qui
2869 5604 3030 5661 locus
3061 5620 3219 5665 nunc
3266 5609 3596 5669 Rufinianus
3647 5616 3763 5675 dici
