4126 6296
390 404 501 463 631

1747 396 2064 460 GEORGII
2109 395 2444 457 CEDREN]

3691 399 3819 460 632

389 541 506 604 tur,
539 539 744 590 contra
771 534 1058 588 Joannem
1109 532 1358 588 insidias
1405 535 1725 602 comparat.
1773 528 2032 601 Populus

2156 520 2446 598 ἐπιϐουλὴν
2474 529 2883 604 κατειργάσατο.
2913 529 3087 604 Ὅπερ
3137 526 3297 605 γνοὺς
3347 529 3375 582 ὁ
3422 527 3568 592 λαὸς
3623 529 3813 584 στασιν

386 641 450 680 re
509 623 742 696 cognita
793 637 1070 694 magnum
1121 622 1440 678 concitavit
1479 621 1822 688 tumultum,
1881 617 2026 675 581

387 729 510 769 non
538 711 876 768 concedens
904 717 971 766 ut
997 713 1255 767 Joannes
1284 711 1432 766 urbe
1478 709 1820 782 pelleretur.
1852 709 2037 763 Caate-

387 817 522 858 rum
552 801 818 857 Eudoxia
846 801 1126 856 lamentis
1165 799 1369 872 papuli
1404 799 1559 855 ﬂexa
1586 799 1768 854 misso
1796 797 2034 853 Brisone

390 891 665 946 eunucho
694 891 981 945 Joannem
1011 889 1280 944 Prmneto
1310 892 1581 955 revocat;
1615 903 1732 958 qua
1762 903 1824 942 re
1845 885 2034 940 territi

389 979 748 1051 Theophilus
781 984 839 1033 et
876 979 1007 1049 ejus
1036 977 1498 1048 conspirationis
1536 976 1850 1048 populares
1901 975 2038 1046 fuga

391 1069 646 1124 salutem
687 1067 1106 1138 quasiverunt.
1133 1083 1205 1120 ιι
1257 1072 1454 1122 autem
1503 1065 1765 1136 episcopi
1815 1063 2036 1119 inventi

393 1165 532 1213 sunt
560 1158 663 1229 qui
695 1157 1081 1212 convenirent
1111 1162 1170 1210 et
1198 1161 1329 1212 acta
1357 1157 1419 1211 in
1450 1157 1680 1222 Quercu
1735 1154 2039 1210 rescinde-

399 1253 534 1302 rent
561 1245 888 1316 Joannique
920 1246 1324 1316 episcopatum
1349 1245 1526 1316 justis
1549 1245 1836 1300 sententis
1867 1243 2039 1314 adju-

393 1336 683 1391 dicarent.
718 1335 1010 1390 Novarum
1067 1334 1206 1389 inde
1263 1334 1536 1390 odiorum
1588 1341 1764 1404 atque
1813 1333 2037 1387 irarum

391 1425 700 1481 materiam
721 1424 1108 1496 prmbuerunt
1135 1430 1415 1496 argentea
1442 1423 1718 1479 Eudoxiw
1744 1427 1965 1478 statuta
1981 1426 2040 1476 et

389 1515 562 1570 vinea
587 1513 801 1570 viduae.
835 1514 1178 1584 Rursusque
1211 1513 1542 1568 orationem
1601 1513 1810 1568 habuit
1854 1512 2040 1583 Chry-

392 1601 1166 1674 sostomus,cujusinitium:
1199 1623 1227 1652 «
1249 1604 1500 1657 Rursum
1515 1601 1798 1656 Herodias
1815 1600 1978 1656 furit.
2009 1621 2036 1650 ι»

389 1691 532 1746 Inde
563 1691 665 1762 qui
697 1691 768 1746 ab
795 1691 982 1762 ipsius
1008 1690 1244 1746 stabant
1272 1691 1539 1762 partibus
1571 1690 1853 1762 episcopi,
1884 1706 2038 1760 prae-

387 1782 654 1836 videntes
684 1779 810 1835 fore
849 1785 915 1835 ut
943 1779 1327 1852 relegaretur,
1359 1781 1432 1835 ad
1456 1796 1590 1835 eum
1612 1783 2036 1846 convenerunt,

2146 612 2389 688 μεγάλην
2439 614 2683 686 ἐποὶησε,
2744 619 2820 690 μὴ
2882 621 3184 694 συγχωρῶν
3237 617 3399 674 αὑτὸν
3452 611 3818 689 ἐκϐληθῆναι

2141 704 2239 771 τῆς
2269 701 2510 768 πόλεως.
2543 706 2977 782 Ἐπικαμφθεῖσα
3006 703 3065 760 δὲ
3093 701 3324 775 Εὖδοξία
3352 711 3467 767 τοῖς
3531 703 3821 780 ὀδυρμοῖς

2139 798 2238 848 τοῦ
2270 793 2426 864 λαοῦ,
2459 795 2722 871 πέμψασα
2751 797 3001 872 Βρίσωνα
3027 796 3118 852 τὸν
3152 797 3412 876 εὐνοῦχον
3466 796 3590 852 ἀπὸ
3642 802 3820 873 Πραι-

2141 882 2297 940 νέτου
2353 885 2444 941 τὸν
2503 888 2760 958 Ἰωάννην
2821 887 3133 965 εἰσήγαγεν,
3220 887 3296 950 ὦς
3383 889 3668 965 Θεόφιλον
3726 888 3820 943 καὶ

2140 973 2268 1034 τοὺς
2299 973 2393 1028 σὺν
2433 975 2584 1048 αὖτῷ
2629 971 2968 1050 φοϐηθέντας
3014 982 3160 1056 φυγῇ
3213 977 3311 1045 τῆν
3360 977 3652 1051 σωτηρίαν
3709 997 3814 1032 πο-

2144 1060 2412 1135 ρίσασθαι.
2469 1065 2760 1135 Ἐξηκοντα
2813 1063 2870 1120 δὲ
2935 1063 3227 1121 ἐπίσκοποι
3313 1065 3627 1140 εὖρεθέντες
3689 1087 3814 1120 συν-

2147 1149 2333 1222 ῆλθον,
2381 1153 2471 1208 καὶ
2529 1150 2700 1228 ἄκυρα
2754 1155 2821 1211 τὰ
2873 1153 2927 1209 ἐν
2985 1159 3054 1229 τῇ
3115 1153 3248 1229 Δρυΐ
3305 1155 3421 1228 (47)
3480 1155 3818 1228 πραχθέντα

2143 1236 2350 1295 ἅπαντα
2379 1242 2752 1318 ψηφισάμενοι
2785 1244 3008 1316 Ἰωᾶννῃ
3065 1245 3166 1313 τήν
3215 1241 3523 1312 ἐπισκοπὴν
3580 1239 3816 1306 δικαίως

2143 1325 2441 1404 ἐκύρωσαν.
2477 1331 2628 1388 Ἐπεὶ
2660 1328 2718 1386 δὲ
2764 1332 2921 1396 αὗθις
2969 1327 3168 1401 συνέϐη
3225 1331 3294 1386 τὰ
3344 1331 3484 1386 κατὰ
3547 1333 3656 1401 τὴν
3719 1331 3812 1406 ἀρ-

2141 1421 2307 1492 γυρᾶν
2338 1417 2553 1489 στήλην
2583 1426 2685 1489 τῆς
2712 1417 2977 1492 Εὐδοξίας
3022 1421 3114 1476 καὶ
3163 1421 3256 1476 τὸν
3302 1426 3406 1490 τῆς
3451 1421 3648 1495 χήρας
3706 1421 3814 1494 ἄμ-

2143 1506 2388 1577 πελῶνα,
2419 1505 2586 1562 πάλιν
2623 1507 2783 1582 μίσος
2807 1509 2900 1563 καὶ
2961 1507 3128 1564 πάλιν
3184 1508 3347 1588 ὀργὴ,
3405 1507 3581 1564 πάλιν
3641 1505 3818 1584 ἔχθρα

2142 1595 2235 1649 καὶ
2301 1595 2476 1670 λόγου
2533 1595 2806 1670 ἐπίδειξις,
2869 1595 2933 1652 οὗ
2961 1599 2996 1668 ἡ
3029 1598 3200 1674 ἆρχψ
3263 1620 3292 1650 ι(
3321 1596 3496 1653 Πάλιν
3529 1594 3814 1673 ἹῙρωδιᾶς

2149 1683 2414 1756 μαίνεται.
2441 1707 2469 1736 ι)
2493 1684 2785 1750 Κάντεῦθεν
2811 1689 2863 1740 οἱ
2901 1690 3000 1742 τοῦ
3047 1685 3247 1762 μέρους
3292 1686 3461 1743 αὐτοῦ
3513 1684 3816 1741 ἐπίσκοποι

2143 1774 2242 1841 τήν
2273 1773 2484 1846 ἒξορίαν
2535 1773 2684 1847 αὐτῷ
2747 1773 2970 1847 μέλλειν
3029 1770 3236 1832 ἔσεσθαι
3302 1774 3636 1852 βλέποντες,
3697 1796 3816 1830 συν-

393 1872 699 1944 multoque
731 1887 866 1926 cum
897 1870 1042 1926 ﬂetu
1073 1871 1351 1926 dixerunt
1383 1887 1398 1925 :
1431 1871 1726 1944 Cogimur,
1777 1870 2038 1938 domine,

2156 1862 2521 1937 ιιθροισθέντες
2553 1863 2690 1938 πρὸς
2727 1863 2887 1920 αὐτὸν
2924 1865 3060 1938 μετᾶ
3099 1863 3326 1920 πολλῶν
3375 1861 3636 1938 δακρύων
3687 1862 3818 1918 EA:-

394 1964 494 2034 qui
532 1961 815 2018 ecclesias
865 1961 1226 2028 obtinemus,
1277 1962 1596 2032 participes
1639 1961 1769 2016 ﬁeri
1819 1961 2041 2016 decreti

2156 1970 2264 2026 γον·
2299 1951 2632 2028 Ἐπάναγκες
2661 1955 2820 2027 ἡμῖν,
2853 1951 2898 2008 ὦ
2957 1952 3212 2022 δέσποτα,
3262 1953 3396 2023 ἐστὶ,
3446 1955 3552 2016 τὰς
3607 1951 3814 2024 ἐκκλη-

398 2051 710 2109 adversum
745 2056 822 2118 te,
856 2051 1028 2121 eique
1057 2050 1448 2106 subscribere.
1496 2049 1820 2122 Respondit
1869 2051 2046 2105 Joan-

398 2142 761 2197 neszEstote
809 2139 1150 2210 participes,
1181 2155 1258 2194 ne
1306 2138 1650 2210 disceptatis
1697 2138 2042 2194 Ecclesiam.

398 2229 781 2286 Subscribere
809 2232 1009 2284 autem
1037 2227 1224 2283 nolite
1251 2245 1265 2283 :
1297 2227 1522 2283 nullius
1553 2228 1716 2282 enim
1763 2227 1910 2283 mihi
1959 2227 2045 2281 rei

401 2336 532 2376 sum
563 2318 860 2383 conscius,
919 2333 1038 2388 qua
1081 2317 1402 2372 meruerim
1451 2317 1794 2388 episcopatu
1847 2315 2044 2387 dejici.

401 2405 734 2478 Discipulos
766 2405 973 2460 habuit
1003 2405 1103 2474 qui
1137 2405 1395 2476 episcopi
1421 2405 1968 2468 fuerunt,Proctum
1991 2407 2050 2458 et

405 2495 740 2552 Palladium
771 2499 829 2548 et
857 2494 1164 2549 Brisonem
1197 2499 1256 2548 et
1283 2493 1716 2548 Theodoretum
1743 2509 1756 2558 ;
1791 2493 1891 2563 qui
1921 2509 2051 2548 mo-

401 2586 600 2651 nachi,
627 2587 905 2654 Marcum,
924 2583 1116 2638 Nilum
1136 2587 1192 2637 et
1217 2582 1507 2638 Isidorum
1539 2581 1918 2636 Pelusiotam.
1953 2583 2050 2636 In-

398 2675 574 2730 terim
604 2673 970 2746 Epiphanius
994 2689 1244 2744 magnus
1275 2673 1448 2744 Cypri
1483 2673 1798 2744 episcopus
1821 2672 2048 2727 Hebdo-

398 2780 564 2820 mum
595 2763 776 2830 venit,
809 2778 878 2817 ac
917 2766 1125 2816 contra
1169 2761 1412 2816 Joannis
1461 2761 1814 2816 sententiam
1867 2765 2052 2816 cmtus

399 2853 516 2926 egit
545 2869 612 2906 ac
643 2850 928 2923 suffragia
956 2851 1202 2920 accepit.
1236 2850 1340 2904 Cui
1373 2866 1507 2904 cum
1536 2850 1793 2904 Joannes
1841 2849 2050 2904 cedere

398 2941 596 3008 vellet,
628 2941 1085 3010 hortareturque
1117 2955 1253 2993 cum
1282 2943 1348 2993 ut
1378 2938 1450 2993 ad
1480 2955 1544 2993 se
1574 2938 1636 2992 in
1685 2938 2052 3010 episcopales

402 3030 559 3086 mdes
589 3029 1028 3102 commigraret,
1062 3027 1429 3100 Epiphanius
1473 3028 1692 3094 renuit,
1750 3044 2051 3099 praeoccu-

402 3124 576 3190 patus
605 3117 912 3188 Theophili
936 3115 1274 3171 calumniis.
1303 3115 1554 3171 Proinde
1577 3115 2052 3186 Chrysostomus,

405 3219 541 3258 cum
573 3201 980 3272 episcopatum
1009 3199 1164 3256 582
1197 3215 1388 3255 annos
1419 3200 1686 3271 quinque
1717 3205 1777 3255 et
1819 3199 2053 3255 bessem

405 3291 704 3364 gessisset,
727 3290 790 3344 in
811 3291 1105 3345 Cucusum
1127 3295 1218 3344 est
1236 3289 1736 3360 relegatus,atque
1762 3289 1900 3344 inde
1923 3293 2058 3361 post

409 3379 738 3434 triennium
769 3378 828 3432 et
871 3377 1022 3432 duos
1079 3393 1316 3432 menses
1365 3377 1748 3448 Pityuntem;
1800 3393 2055 3448 cumque

410 3467 602 3523 obiter
630 3465 890 3521 Comana
917 3464 1194 3530 venisset,
1223 3471 1492 3521 mortuus
1514 3471 1604 3520 est
1632 3466 1714 3520 ibi
1737 3467 1798 3521 in
1827 3466 2056 3538 magnis

410 3552 871 3620 calamitatibus,
903 3569 1095 3608 annos
1125 3559 1299 3608 natus
1329 3553 1761 3626 quinquaginta
1790 3555 1958 3610 duos.
1982 3556 2054 3608 At

409 3659 564 3716 papa
578 3645 878 3698 Romanus
891 3640 1292 3709 Innocentius,
1308 3642 1553 3697 Joannis
1565 3642 1626 3696 in
1640 3643 1848 3697 exsilio
1863 3647 2051 3696 morte

391 3737 691 3805 percepta,
725 3731 788 3786 in
820 3731 973 3787 hanc
1011 3732 1371 3787 sententiam
1421 3731 1496 3787 ad
1544 3731 1861 3788 Arcadium
1903 3732 2050 3786 scri-

399 3823 555 3893 psit:
586 3823 706 3876 Vox
735 3821 1044 3894 sanguinis
1074 3821 1275 3877 fratris
1302 3821 1420 3878 mei
1451 3821 1691 3877 Joannis
1731 3827 1940 3876 contra
1971 3825 2046 3886 te,

399 3912 744 3983 imperator,
779 3911 964 3965 Deum
997 3908 1274 3982 appellat,
1325 3909 1622 3982 quomodo
1681 3909 1826 3964 olim
1880 3909 2049 3964 Abeli

387 3999 538 4070 justi
566 3999 804 4070 sanguis
835 3999 1116 4054 adversus
1145 3999 1392 4055 Cainum
1423 3998 1808 4055 fratricidam.
1871 4000 2048 4056 Dabis

393 4093 593 4144 autem
615 4088 860 4143 omnino
891 4089 1224 4160 pmnas,qui
1241 4089 1527 4161 injustam
1549 4089 1830 4146 adversus
1852 4091 2047 4146 Eccle-

398 4178 545 4233 siam
569 4177 672 4233 Dei
705 4179 1182 4250 persecutionem
1214 4179 1456 4234 molitus
1489 4196 1550 4234 es
1583 4185 1640 4234 et
1677 4185 1884 4235 contra
1915 4180 2070 4251 ejus

393 4266 756 4332 sacerdotes,
789 4267 1187 4338 expulistique
1213 4267 1362 4324 solio
1405 4268 1779 4340 episcopatus
1827 4269 1917 4324 sui
1948 4268 2042 4323 in-

382 4355 553 4428 juste
581 4361 642 4411 et
668 4355 894 4411 indicta
924 4373 1102 4412 causa
1131 4355 1510 4412 deturbatum
1555 4373 1834 4428 magnum
1884 4355 2044 4411 orbis

393 4447 690 4501 terrarum
721 4444 1194 4500 illuminatorem
1225 4461 1293 4500 ac
1315 4445 1885 4516 doctorem,unaque
1909 4460 2044 4499 cum

2085 3244 2134 3309 C

2149 2039 2266 2101 σίας
2327 2039 2682 2117 κατέχοντας,
2735 2043 3132 2118 ἀναγκασθῆναι
3181 2043 3270 2098 καὶ
3323 2046 3674 2113 κοινωνῆσαι
3722 2043 3818 2098 καὶ

2153 2129 2485 2204 ὑπογράψαι.
2517 2131 2578 2188 Ὁ
2611 2127 2668 2185 δὲ
2727 2132 2992 2205 μακάριος
3047 2132 3182 2208 πρὸς
3232 2131 3446 2194 αὐτούς·
3515 2133 3818 2202 Κοινωνή-

2159 2237 2286 2272 σατε
2344 2221 2462 2292 μὲν,
2519 2219 2612 2274 ἳνα
2673 2222 2748 2293 μὴ
2811 2220 3044 2295 σχίσητε
3099 2223 3198 2291 τὴν
3285 2220 3653 2292 Ἐκκλησίαν,
3739 2222 3816 2294 μὴ

2152 2307 2509 2382 ὑπογράψητε
2567 2306 2642 2363 δέ·
2705 2307 2858 2364 οὐδὲν
2917 2311 3019 2386 γὰρ
3078 2310 3298 2385 ἐμαυτῷ
3376 2309 3611 2366 σύνοιδα
3671 2308 3815 2384 ἄξιον

2151 2397 2537 2470 καθαιρέσεως.
2567 2396 2708 2472 Εἶχε
2741 2395 2798 2453 δὲ
2837 2399 3084 2470 μαθητὰς
3134 2398 3462 2462 ἐπισκόπους
3525 2399 3622 2472 μὲν
3673 2398 3816 2474 Πρό-

2151 2483 2285 2540 κλον
2309 2485 2398 2539 καὶ
2441 2483 2755 2541 Παλλάδιον
2823 2487 2914 2543 καὶ
2973 2487 3218 2562 Βρίσωνα
3273 2488 3364 2542 καὶ
3423 2485 3810 2564 Θεοδὼρητον,

2151 2571 2392 2642 ἀσκητᾶς
2420 2569 2480 2627 δὲ
2539 2574 2766 2649 Μάρκον
2822 2573 2913 2630 καί
2974 2575 3174 2632 Νεῖλον
3232 2575 3323 2630 καὶ
3379 2573 3676 2652 Ἰσίδωρον
3719 2576 3808 2632 τὸν

2162 2659 2586 2733 Πηλουσιώτην.
2619 2663 2680 2720 Ὁ
2712 2661 2768 2718 δὲ
2800 2665 2963 2741 μέγας
3017 2668 3104 2738 [Ρ.
3156 2667 3282 2739 332]
3332 2666 3660 2743 Ἐπιιράνιος
3709 2665 3810 2721 Κύ-

2153 2771 2292 2824 πρου
2351 2749 2402 2805 έν
2462 2755 2540 2823 τῷ
2591 2747 2847 2826 Ἑϐδόμῳ
2909 2757 3020 2828 (48)
3085 2753 3258 2810 ἐλθὼν
3318 2753 3671 2830 χειροτονίας
3724 2753 3807 2808 καὶ

2155 2839 2392 2909 συνᾶξεις
2447 2841 2595 2914 παρὰ
2659 2842 2760 2909 τήν
2817 2843 3072 2898 Ἰωάννου
3117 2843 3342 2918 γνώμην
3401 2843 3652 2916 ἐποίησε.
3707 2840 3800 2898 Kal?
3859 2899 3868 2904 .

2153 2931 2248 2982 τοῦ
2313 2929 2566 2984 Ἰωάννου
2620 2928 2800 3002 τούτῳ
2859 2933 3217 3007 συγχωρῆσαι
3303 2931 3655 3003 θελήσαντος,
3708 2927 3790 2984 καί

2153 3015 2600 3092 προτρεψαμένου
2654 3017 2816 3074 αὐτὸν
2878 3017 3154 3094 συμϐῆναι
3213 3021 3362 3094 αὖτῷ
3419 3021 3502 3084 είς
3559 3023 3650 3092 τὴν
3686 3019 3790 3074 ἐπι-

2155 3106 2425 3174 σκοπικὴν
2511 3111 2858 3184 καταγωγήν,
2946 3110 3052 3186 οὐχ
3129 3107 3306 3166 ε’ίλετο
3359 3115 3529 3166 τοῦτο
3586 3115 3798 3178 ποιῆσαι

2162 3195 2498 3271 Ἐπιφάνιος·
2532 3201 2652 3258 ταῖς
2713 3197 2818 3273 γὰρ
2875 3197 2978 3252 ὑπὸ
3033 3197 3300 3276 Θεοφίλου
3350 3193 3644 3260 διαϐολαῖς
3687 3216 3809 3273 προ-

2162 3281 2526 3354 κατείληπτο.
2557 3285 2619 3342 Ὁ
2649 3289 2779 3360 γοῦν
2809 3284 3063 3360 ἀοίδιμος
3107 3289 3368 3360 Ἰωάννης
3421 3286 3810 3350 ἐπισκοπεῦσας

2165 3369 2258 3442 ἔτη
2291 3375 2446 3428 πέντε
2499 3374 2590 3428 καὶ
2647 3371 2822 3447 ἥμισυ
2882 3374 3144 3452 ἐξωρίσθη
3206 3377 3282 3440 εἰς
3341 3379 3680 3434 Κουκουσόν·
3719 3375 3810 3430 κά·

2163 3466 2340 3525 κεῖθεν
2393 3464 2528 3537 μετὰ
2585 3460 2680 3533 ἔτη
2748 3467 2796 3540 γ’
2845 3465 2936 3520 καὶ
2999 3472 3172 3538 μῆνας
3337 3466 3682 3542 μετενεχθεὶς
3739 3463 3810 3526 εἷς

2163 3554 2488 3620 Πιτυοῦντα,
2518 3553 2607 3606 καὶ
2639 3552 2934 3628 γενόμενος
2963 3555 3100 3610 κατὰ
3129 3553 3367 3630 πάροδον
3427 3553 3480 3610 ἐν
3533 3555 3808 3629 Κομάνοις

2162 3640 2275 3712 (49)
2309 3637 2655 3711 ἐτελεύσησεν
2711 3641 2764 3697 ἐν
2820 3641 3008 3718 πολλῇ
3049 3645 3234 3718 θλίψει
3291 3665 3350 3700 τε
3403 3645 3496 3700 καὶ
3561 3643 3812 3712 κακώσει,

2163 3727 2422 3810 ρπόίρχων
2477 3727 2612 3784 ἐτῶν
2693 3729 3154 3802 πεντηκονταδύο.
3238 3734 3300 3791 Ὀ
3384 3730 3443 3788 δέ
3498 3755 3567 3810 γε
3632 3733 3811 3792 πάπας

2157 3804 2378 3888 Ῥώμης
2403 3819 2748 3880 Ἰννοκέντιος
2779 3820 3013 3885 ἀκούσας
3061 3824 3160 3892 τήν
3210 3821 3264 3878 ἐν
3319 3804 3522 3899 ἐξορίᾷ
3551 3822 3807 3889 τελευτὴν

2157 3905 2324 3960 αὐτοῦ
2353 3907 2546 3984 γράφει
2576 3909 2714 3984 πρὸς
2756 3907 3046 3985 Ἀρκάδων
3097 3909 3301 3969 τοιάδε.
3351 3914 3518 3984 Φωνή
3578 3911 3808 3984 αἵματος

2154 3998 2252 4050 τοῦ
2291 3991 2531 4072 ἀδελφοῦ
2567 4018 2671 4070 μου
2711 3999 2968 4055 Ἰωάννου
3028 4003 3130 4076 βοᾷ
3177 4004 3312 4076 πρὸς
3359 4002 3452 4057 τὸν
3491 4004 3626 4058 Θεὸν
3674 3997 3807 4056 κατὰ

2157 4091 2276 4156 σοῦ,
2313 4087 2558 4164 βασιλεῦ,
2593 4089 2668 4154 ὣς
2710 4114 2842 4148 ποτε
2890 4089 3060 4150 Ἀϐελ
3113 4097 3210 4149 τοῦ
3263 4091 3475 4150 δικαίου
3520 4095 3662 4150 κατὰ
3713 4093 3805 4146 τοῦ

2157 4172 2556 4252 ἀδελφοκτόνου
2607 4179 2760 4238 Καΐν.
2795 4181 2897 4238 Καὶ
2955 4183 3170 4245 παντως
3219 4180 3638 4254 ἐκδικηθήσεται
3685 4199 3810 4236 παν-

2153 4265 2288 4338 τοίῳ
2318 4267 2525 4341 τρόπῳ,
2558 4269 2642 4324 ’ὁτι
2684 4267 2930 4345 διωγμὸν
2963 4269 3146 4327 ἄδικον
3177 4272 3313 4327 κατᾶ
3342 4279 3443 4342 τῆς
3476 4268 3798 4340 Ἐκκλησίας

2153 4358 2250 4408 τοῦ
2273 4359 2406 4410 Θεοῦ
2427 4357 2516 4412 καὶ
2546 4361 2654 4414 τῶν
2679 4359 2866 4434 ἱερέων
2895 4360 3058 4416 αὐτοῦ
3089 4363 3420 4432 συνεστήσω,
3452 4361 3543 4416 καὶ
3579 4359 3794 4430 ἐξέωσας

2157 4443 2250 4498 τὸν
2286 4445 2452 4522 μέγαν
2482 4454 2585 4517 τῆς
2617 4447 2950 4522 οἰκουμένης
2982 4451 3244 4525 φωστῆρά
3275 4471 3332 4506 τε
3351 4451 3443 4506 καὶ
3474 4446 3790 4506 διδάσκαλον

1587 4543 1956 4599 XYLANDRI
1993 4543 2080 4596 ET
2117 4543 2337 4600 GOARI
2378 4547 2602 4605 ΝΟΤίΕ.

468 4657 574 4728 (47)
600 4655 954 4732 βαιοθάοιιὶδ
986 4662 1112 4732 erat
1141 4657 1512 4732 suburbium.
1547 4659 1772 4714 Sozom.
1807 4675 1924 4732 vm,
1959 4658 2044 4732 l7.
2080 4659 2126 4725 D
2158 4658 2306 4732 siam
2338 4661 2528 4732 primo
2556 4679 2619 4718 se
2649 4663 2964 4732 conferret,
2998 4682 3034 4722 a
3063 4681 3126 4722 se
3166 4682 3433 4722 sororem
3484 4665 3778 4722 Macrinam

394 4726 717 4799 Ex'eodem
750 4734 808 4782 et
837 4728 1080 4799 Niceph.
1131 4745 1256 4794 xm,
1312 4730 1397 4785 16.
1447 4731 1757 4784 Prametum
1811 4729 2046 4799 scripsi.

397 4815 534 4854 cum
565 4797 748 4870 codex
784 4797 1007 4870 habeat
1031 4800 1342 4870 Πραινέτου⁴
1375 4799 1488 4854 fuit
1526 4800 1815 4870 Bithyniae
1842 4797 2048 4870 em‘po-

395 4872 576 4926 rium.
613 4869 724 4924 Sed
755 4875 813 4924 et
844 4869 1165 4924 sub‘ﬁnem
1201 4870 1413 4925 Leonis
1445 4869 1817 4926 lconomachi
1842 4869 2048 4925 rursus

404 4945 711 4998 Prmnetum
737 4941 1022 5012 scriptum
1055 4948 1143 4996 est
1193 4942 1256 4997 in
1309 4943 1516 4996 Nostro
1576 4945 1718 4997 XYL.
1776 4973 1844 4982 —
1879 4941 2048 4996 Urbis

405 5015 513 5069 ΟΡ.
540 5030 662 5068 non
693 5011 1104 5084 ChalCedonis,
1135 5019 1202 5068 ut
1229 5013 1702 5068 comminiscitur
1730 5013 2048 5084 Xylander,

402 5085 788 5141 suburbium:
821 5083 1200 5156 Ruﬁnianum
1234 5085 1391 5140 enim
1425 5085 1712 5156 palatium
1735 5083 1839 5138 ΟΡ.
1866 5084 2050 5156 fuisse

399 5157 662 5228 produnt
691 5154 976 5228 historiis.
1010 5154 1466 5228 Chrysostomu—s
1514 5157 1640 5228 ipse
1675 5173 1767 5228 ep.
1801 5173 1818 5210 ι
1847 5155 2048 5228 adfln-

401 5174 662 5228 proount
691 5174 976 5212 mstorua.
1010 5174 1466 5227 unrysostomus
1514 5174 1530 5210 ι
1579 5174 1640 5213 se
1675 5174 1767 5228 ep.
1801 5174 1818 5210 ι
1847 5174 1922 5212 aa
1953 5174 2048 5210 ιιι-

401 5244 592 5308 noce_n
601 5228 745 5283 tium
763 5227 836 5282 de
849 5229 890 5282 Τ
897 5227 1046 5308 h_e_op
1055 5226 1175 5282 hilo
1191 5174 2054 5308 quamplurigusconqueritur

403 5299 562 5422 quod
597 5314 867 5370 magnam
919 5298 1236 5370 divinoque
1295 5299 1479 5354 cultui
1528 5299 1788 5355 deditam
1842 5298 2050 5354 urbem

449 5369 510 5422 P.
546 5369 864 5422 inaressus.
898 5369 1063 5422 iuxta
1090 5371 1501 5422 nrmscrintum
1535 5371 1768 5422 clericis
1800 5386 2048 5422 morem.

449 5369 510 5441 Ρ,
546 5369 864 5441 ingressus,
891 5369 1063 5441 juxta
1090 5371 1502 5441 praescriptum
1535 5371 1768 5428 clericis
1800 5386 2048 5433 morem,

405 5437 480 5493 ad
513 5437 824 5516 ecclesiam
854 5437 972 5516 non
1013 5457 1076 5496 se
1093 5437 1478 5516 contulisset,
1514 5443 1618 5498 sed
1650 5444 1778 5516 ejus
1813 5449 2052 5514 printer-

407 5509 598 5586 cu_rsis
628 5510 934 5586 vestibulis
964 5528 996 5586 e
1025 5513 1159 5567 navi
1201 5529 1473 5586 egressus
1521 5509 1836 5571 confestim
1889 5520 2054 5586 extra

405 5579 617 5663 urbem
636 5597 698 5636 se
715 5579 1272 5663 proripuisset-eum
1291 5585 1352 5663 in
1370 5585 1716 5663 lo_cum_quo
1747 5585 1961 5642 deinde
1993 5584 2054 5638 in

404 5652 692 5707 Joannem
714 5651 999 5706 nefariam
1024 5653 1161 5708 tulit
1180 5651 1810 5713 sententiam.Sacrum
1825 5671 2050 5711 morem

405 5722 580 5778 illum
613 5739 728 5794 quo
760 5722 1076 5794 episcopus
1106 5725 1399 5780 civitatem
1432 5727 1731 5798 ingressus
1761 5731 1834 5784 ad
1865 5730 2056 5784 eccle-

2159 4729 2737 4808 afilictavaletudine
2761 4729 3046 4808 jactatam
3100 4737 3390 4793 invisente
3432 4737 3781 4808 observatum

2155 4801 2339 4880 refert
2365 4805 2665 4880 Nyssenus
2693 4801 2914 4880 in'ejus
2945 4809 3094 4880 Vita,
3125 4824 3194 4880 ex
3224 4825 3340 4878 quo
3361 4807 3660 4880 Theophili
3692 4819 3782 4856 ex-

2160 4874 2500 4930 scendentis
2532 4892 2563 4932 e
2592 4879 2727 4932 navi
2760 4874 2832 4934 et'
2847 4879 2921 4934 ad
2951 4874 3332 4934 Ruﬁnianum
3363 4874 3541 4936 extra'
3569 4877 3782 4940 urbem,

2159 4949 2225 5017 ut
2253 4945 2669 5017 Chrysostomo
2731 4955 2986 5005 strueret
3033 4950 3303 5016 insidias,
3351 4957 3514 5007 recta
3566 4954 3789 5008 conten-

2160 5015 2786 5089 dentis‘improbitatis
2820 5022 3248 5077 manifestatur.
3278 5015 3454 5078 Cosa.

2231 5088 2342 5169 (48)
2369 5087 2736 5169 ﬂebdompm
2759 5098 2978 5169 autem,
3003 5094 3172 5169 cujus
3193 5093 3416 5169 mentio
3438 5093 3596 5169 haud
3617 5087 3790 5169 niuth

2159 5165 2296 5240 post
2323 5160 3182 5240 inferturtl‘uissesuburbium
3212 5164 3407 5236 Cpolis
3439 5181 3532 5240 ex__
3558 5160 3792 5239 Cedreni

2160 5232 2346 5299 ipsius
2373 5233 2575 5288 multis
2603 5232 2747 5290 locis
2775 5235 3150 5291 observatum
3181 5232 3290 5301 est,
3333 5251 3408 5291 ne
3457 5235 3604 5292 alios
3652 5232 3784 5287 scri-

2160 5306 2362 5372 ptores
2391 5303 2662 5378 allegem.
2697 5308 2898 5378 Itaque
2929 5311 2996 5378 ut
3045 5306 3350 5378 proprium
3397 5307 3643 5378 retinui,
3681 5313 3790 5378 ηριι

2163 5321 2362 5372 ριοΓθε
2391 5321 2506 5358 aue
2550 5321 2662 5360 em.
2698 5321 2898 5376 itaque
2929 5321 2996 5360 ut
3045 5323 3350 5378 proprium
3397 5321 3634 5373 retinui,
3681 5321 3790 5357 non

2163 5374 2470 5449 convertit.
2500 5321 2637 5431 ΞΗ..
2671 5371 2946 5449 Ἕϐδομον
2980 5377 3144 5434 locus
3175 5378 3428 5449 septimo
3457 5377 3530 5434 ab
3560 5375 3697 5433 urbe
3717 5371 3792 5426 la-

2162 5443 2298 5516 pide
2330 5445 2473 5500 dissi
2483 5453 2592 5501 tus.
2628 5449 2800 5503 Gon.

2232 5517 2342 5585 (49)
2375 5517 2634 5573 Comana
2661 5519 2956 5575 Armeniae
2986 5520 3128 5576 urbs
3159 5525 3268 5576 est.
3329 5519 3643 5575 Sozomeno
3681 5514 3788 5568 fine

2163 5585 2204 5660 l_.
2237 5603 2329 5660 νιιι
2378 5603 2446 5642 ac
2491 5589 2819 5660 Nicephoro
2867 5607 2982 5658 xm,
3041 5592 3128 5646 37.
3188 5591 3352 5656 Quod
3401 5586 3784 5660 adnotandum

2161 5657 2324 5724 duxi,
2355 5664 2420 5713 ut
2446 5657 2682 5714 Zonarie
2713 5661 2843 5717 loco
2892 5657 3166 5718 mutilato
3213 5678 3636 5718 succurrerem.
3683 5657 3775 5710 SO'

2165 5735 2357 5784 crates
2386 5730 2460 5785 ad
2490 5731 2785 5788 Euxinum
2815 5738 3062 5804 pontum
3096 5733 3349 5790 collocat
3375 5749 3451 5800 vi,
3481 5736 3570 5788 2i.
3603 5732 3730 5786 XvL.
