4124 6312
281 418 398 479 633

1403 412 1765 474 HISTORIA
1780 412 1943 473 RUM
1993 408 2544 473 GOMPENDIUM.

3590 407 3710 468 634

282 549 345 605 ἐκ
373 553 471 604 τοῦ
514 547 710 623 Θρόνου
765 553 870 616 τῆς
917 544 1217 613 ἐπισκοπῆς
1278 546 1442 597 αὐτοῦ
1499 543 1827 618 παρανόμως
1880 564 1927 597 τε

2052 560 2121 598 eo
2154 544 2453 599 Christum
2484 543 2752 616 abegisti.
2783 544 2940 598 Nova
2972 546 3171 598 autem
3222 541 3336 596 ista
3366 540 3557 596 Dalila
3586 543 3704 597 Eu-

282 639 371 694 καὶ
408 637 667 709 ἀκρίτως,
712 631 1004 705 συνδιώξας
1061 632 1209 704 αὐτῷ
1262 631 1354 687 καὶ
1417 632 1507 687 τὸν
1565 631 1814 706 Χριστόν.
1872 632 1935 688 Ἦ

287 725 345 782 δὲ
371 727 466 781 νέα
507 723 719 782 Δαλιλᾶ
748 720 1011 794 Εὗδοξία,
1067 723 1204 776 κατὰ
1257 721 1452 796 μικρὸν
1507 724 1586 793 τῷ
1642 720 1785 795 ξυρῷ
1839 723 1939 789 τῆς

286 816 506 885 ἀπάτης
540 815 814 889 ξυρήσασά
869 833 947 880 σε,
1007 809 1241 883 κατάραν
1297 809 1569 884 ἐπήγαγεν
1629 812 1788 883 ἰαυτῇ
1850 808 1938 863 καὶ

285 911 471 978 μῖσος,
502 901 712 959 ἔνδικόν
740 923 798 956 τε
854 900 944 955 καὶ
1002 898 1384 971 ἇνεξάλειπτον
1444 895 1777 970 δεσμεύσασα
1803 918 1940 975 φορ-

278 992 398 1049 τίον
481 990 893 1067 ἁμαρτημάτων
976 982 1398 1056 δυσϐάστακτον,
1484 988 1574 1043 καὶ
1644 991 1943 1062 προσθεῖσα

279 1089 402 1147 τοῖς
430 1083 625 1158 πρώην
656 1080 825 1149 αὐτῆς
857 1077 1053 1142 δεινοῖς
1083 1079 1173 1133 καὶ
1229 1075 1466 1139 πολλοῖς
1527 1079 1935 1153 ἁμαρτήμασιν.

276 1172 341 1229 Ὀ
402 1168 461 1226 δὲ
523 1170 686 1246 μέγας
742 1167 1022 1244 Ἰσίδωρος
1110 1167 1247 1242 πρός
1301 1188 1423 1222 τινα
1481 1169 1700 1244 γράφων
1761 1167 1938 1228 οὕτως

278 1260 466 1338 φησίν·
533 1261 772 1333 Ἑρωτᾷς
827 1259 926 1327 τήν
983 1254 1107 1330 περί
1163 1255 1256 1310 τὸν
1343 1255 1622 1319 θεσπέσιον
1682 1256 1937 1326 Ἰωάννην

277 1347 608 1427 τραγῳδίαν,
670 1346 817 1403 ἀλλὰ
874 1346 1072 1423 φράσαι
1126 1340 1337 1416 ταύτην
1382 1345 1593 1420 ἀπορῶ·
1660 1349 1783 1415 νικᾷ
1837 1345 1936 1420 γὰρ

274 1438 376 1493 τὸν
403 1442 528 1493 νοῦν
559 1440 594 1508 ἡ
630 1436 766 1512 μέθη
797 1440 896 1492 τοῦ
950 1437 1291 1512 πράγματος.
1327 1435 1511 1510 Μικρὰ
1569 1431 1625 1489 δὲ
1682 1436 1936 1508 μάνθανε,

276 1529 421 1602 ἅπερ
451 1529 486 1597 ἡ
517 1524 791 1603 Αἴγυπτος
819 1525 1044 1595 ἠνόησε,
1078 1524 1314 1581 Μωϋσέα
1356 1524 1451 1597 μὲν
1511 1523 1935 1597 παραιτουμένη,

272 1616 373 1670 τὸν
399 1611 458 1670 δὲ
515 1615 718 1691 Φαραὼ
778 1610 1144 1687 οἰκειουμένη,
1202 1612 1329 1673 τοὺς
1394 1613 1677 1674 ταπεινοὺς
1740 1613 1936 1687 μαστί-

290 1711 460 1776 ζουσα
489 1705 578 1761 καὶ
607 1705 734 1767 τοὺς
773 1704 1147 1778 κοπουμένους
1201 1698 1487 1773 θλίϐουσα,
1540 1702 1731 1766 πόλεις
1788 1704 1939 1759 οἷκο-

283 1793 539 1870 δομοῦσα
565 1796 653 1851 καὶ
684 1794 812 1856 τοὺς
874 1793 1101 1868 μισθοὺς
1154 1793 1546 1869 ἀποστεροῦσα.
1609 1794 1703 1848 Καὶ
1768 1792 1938 1873 μέχρι

2048 633 2238 699 doxia,
2275 651 2409 705 quaa
2444 638 2497 687 te
2527 633 2814 704 paulatim
2847 631 3134 686 novacula
3163 631 3506 702 imposturm
3534 632 3699 698 rasit,

2047 724 2193 778 diris
2226 739 2287 778 se
2310 723 2500 795 ipsam
2533 720 3043 777 exsecrationibus
3074 719 3329 791 subjecit
3356 725 3535 791 atque
3565 720 3702 775 odio

2037 813 2202 884 justo
2235 818 2294 867 et
2324 812 2708 883 sempiterno.
2732 812 2814 864 Ea
2835 810 3055 864 fascem
3082 815 3455 879 peccatorum
3475 814 3706 881 gestatu

2045 901 2460 957 difﬁcillimam
2488 900 2804 973 colligavit,
2840 915 3095 969 eumque
3127 899 3395 970 pristinis
3428 900 3551 954 suis
3573 916 3703 971 gra-

2045 991 2212 1046 vibus
2245 1008 2311 1046 ac
2343 991 2617 1062 plurimis
2675 988 2934 1061 peccatis
2979 988 3407 1058 superaddidit.
3455 988 3704 1060 Magnus

2046 1087 2243 1136 autem
2271 1081 2531 1134 Isidorus
2562 1078 2799 1134 cuidam
2835 1076 3101 1132 scribens
3132 1077 3303 1148 (49‘):
3338 1077 3580 1146 Quaeris,
3610 1078 3703 1132 in-

2046 1170 2545 1241 quit,tragmdiam
2576 1168 2735 1225 beati
2757 1166 3160 1237 Chrysostomi
3179 1166 3206 1220 εἴ
3228 1165 3403 1235 Atqui
3428 1182 3559 1220 eam
3574 1184 3699 1221 ver-

2044 1259 2135 1314 bis
2166 1258 2460 1330 explicare
2482 1275 2601 1312 non
2622 1273 2865 1328 possum
2885 1273 2898 1322 ;
2915 1255 3168 1310 ebrietas
3203 1255 3359 1309 enim
3381 1253 3517 1309 facti
3535 1271 3701 1309 men-

2044 1352 2163 1403 tem
2199 1352 2458 1418 superat.
2493 1347 2645 1401 Audi
2681 1352 2881 1401 tamen
2913 1360 3103 1416 pauca
3154 1344 3431 1415 Egyptiae
3464 1343 3702 1415 ignora-

2042 1438 2222 1493 tionis
2278 1437 2561 1492 facinora.
2645 1438 2844 1490 Mosen
2900 1434 3252 1505 repudiavit,
3329 1434 3702 1489 Pharaonem

2042 1526 2287 1582 adscivit
2310 1544 2322 1581 :
2354 1525 2610 1581 humiles
2629 1524 2907 1597 ﬂagellat,
2932 1528 2989 1579 et
3008 1524 3211 1579 labore
3226 1523 3458 1578 attritos
3476 1523 3660 1595 affigit
3686 1540 3699 1591 ;

2042 1615 2220 1670 urbes
2250 1614 2522 1681 exstruit,
2550 1612 2823 1669 mercede
2853 1612 3198 1679 defraudat;
3234 1616 3411 1684 atque
3443 1612 3504 1665 in
3535 1611 3695 1666 hunc

2042 1721 2230 1775 usque
2261 1704 2418 1759 diem
2449 1704 2541 1758 his
2570 1702 2782 1758 studiis
2823 1701 3051 1757 intenta
3103 1700 3493 1773 Theophilum
3542 1701 3693 1756 583

2045 1796 2172 1851 auri
2202 1796 2412 1851 insano
2435 1811 2637 1851 amore
2678 1799 2854 1865 atque
2894 1793 3057 1848 cultu
3089 1798 3441 1864 occupatum
3473 1792 3692 1865 produ-

272 1890 370 1940 νῦν
399 1886 613 1947 τούτοις
648 1884 1029 1958 ἐμμελετῶσα,
1069 1884 1161 1939 τὸν
1200 1888 1527 1960 χρυσομανῆ
1576 1883 1666 1938 καὶ
1725 1903 1927 1962 χρυσο-

2044 1886 2149 1956 xit,
2174 1891 2427 1956 quatuor
2457 1885 2633 1940 sociis
2662 1884 2869 1955 flagitii
2921 1888 3099 1954 atque
3131 1882 3486 1937 desertionis
3519 1882 3701 1954 stipa-

271 1973 487 2048 Λάτρην
542 1970 937 2047 προϐαλομένη
1016 1971 1280 2052 Θεόφιλον
1336 1972 1586 2046 τέσσαρσι
1648 1978 1929 2047 συνεργοῖς

268 2065 365 2118 καὶ
429 2064 854 2125 συναποστάταις
913 2061 1284 2139 ὀχυρωθέντα,
1330 2063 1421 2117 τὸν
1476 2060 1643 2124 ὅντως
1697 2062 1925 2137 θεοφιλῆ

266 2153 363 2207 καὶ
441 2152 706 2227 θεολόγον
765 2152 1209 2224 κατεπολέμησεν
1266 2150 1572 2226 ἄνθρωπον,
1643 2154 1743 2222 τὴν
1801 2152 1927 2227 περὶ

264 2242 363 2297 τὸν
402 2240 533 2315 ἐμὸν
588 2243 886 2316 ὁμώνυμον
944 2244 1058 2315 (50)
1115 2241 1421 2316 ἀπέχθειαν,
1459 2242 1547 2296 καὶ
1610 2238 1924 2313 δυσμένειαν

269 2333 623 2405 ὁρμητήριον
710 2338 811 2400 τῆς
894 2329 1096 2392 οἰκείας
1174 2330 1439 2406 εὑρηκότα
1525 2327 1921 2404 σκληρότητος.

269 2418 432 2476 Ἀλλ’
463 2421 492 2475 6
528 2420 621 2493 μὲν
655 2421 810 2481 οἶκος
843 2415 1011 2474 Δαόἱδ
1064 2423 1417 2494 κραταιοῦται
1467 2419 1554 2473 καὶ
1613 2418 1919 2494 πορεύεται,

272 2511 299 2563 6
381 2506 440 2564 δὲ
497 2508 649 2572 οἶκος
704 2509 886 2565 Σαοὺλ
945 2509 1155 2572 ἀσθενεῖ
1210 2509 1302 2563 καὶ
1356 2508 1772 2582 καταισχύνεται
1829 2507 1919 2561 καὶ

272 2595 688 2669 συμποδίζεται,
747 2609 927 2663 καθως
984 2600 1133 2672 ὁρᾷς,
1195 2597 1240 2652 εί
1296 2597 1385 2652 καὶ
1441 2604 1543 2667 τῆς
1591 2595 1763 2668 ζάλης
1818 2597 1921 2651 ὑπ-

2045 1981 2191 2043 tum,
2223 1975 2555 2045 horumque
2589 1989 2770 2045 opera
2819 1989 2952 2027 vere
3011 1973 3128 2027 Deo
3178 1972 3422 2026 charum
3476 1975 3534 2025 et
3563 1972 3694 2042 ejus

2040 2065 2333 2137 insignem
2380 2064 2717 2137 cognitione
2749 2062 2942 2117 virum
2977 2062 3328 2128 debellavit;
3364 2060 3463 2132 qui
3496 2077 3692 2116 arcem

2040 2170 2159 2209 sua-3
2191 2152 2429 2209 duritiei
2461 2152 2689 2208 invenit
2717 2152 2920 2207 odium
2975 2167 3041 2206 ac
3073 2150 3551 2206 malevolentiam
3591 2150 3690 2205 ad-

2034 2258 2238 2297 versus
2268 2242 2415 2296 mihi
2445 2241 2879 2314 cognominem.
2902 2242 3115 2295 Verum
3147 2240 3445 2296 enimvero
3479 2238 3689 2294 domus

2034 2329 2310 2385 Davidica
2340 2329 2729 2385 conﬁrmatur
2757 2333 2817 2383 et
2840 2329 3075 2397 crescit,
3108 2328 3268 2383 Sauli
3300 2332 3498 2383 autem
3530 2327 3691 2380 infir-

2033 2426 2230 2475 matur
2259 2424 2317 2474 et
2344 2419 2571 2491 pudeﬁt
2600 2424 2777 2488 atque
2809 2418 3227 2490 impeditur,ut
3249 2417 3429 2485 vides,
3458 2422 3691 2477 tametsi

2030 2509 2207 2563 homo
2229 2508 2332 2564 Dei
2360 2507 2696 2579 tempestati
2731 2507 2784 2561 ei
2817 2506 3142 2562 subductus
3175 2511 3262 2561 est
3293 2512 3352 2561 et
3376 2511 3693 2561 coronatuS

2030 2598 2331 2653 ccelestem
2353 2596 2501 2653 adiit
2529 2596 3045 2667 tranquillitatem.

283 2686 511 2757 εξῆλθεν
576 2688 605 2742 6
664 2689 949 2763 ἄνθρωπος
1003 2692 1100 2742 τοῦ
1184 2691 1318 2742 Θεοῦ
1384 2686 1704 2761 στεφανίτης
1786 2686 1877 2741 καὶ
1960 2686 2280 2763 νικηφόρος,
2357 2685 2447 2739 καὶ
2506 2685 2643 2761 πρὸς
2697 2685 2797 2752 τήν
2858 2681 2966 2737 ἅνω
3041 2684 3292 2759 γαλήνην
3358 2683 3683 2758 μετεχώρη-

289 2798 400 2834 σεν.

337 2863 806 2945 Ύποστρέφοντος
893 2863 951 2920 δὲ
1028 2864 1347 2943 Ἐπιφανίου
1434 2862 1486 2919 ἐν
1547 2864 1776 2937 Κύπρῳ,
1832 2864 1923 2919 καὶ

271 2957 371 3024 τήν
402 2955 601 3010 ἑαυτοῦ
628 2954 889 3024 τελευτὴν
936 2954 1083 3028 παρᾶ
1139 2958 1272 3009 Θεοῦ
1335 2953 1720 3027 μεμαθηκότος
1778 2951 1926 3023 πλη-

278 3047 584 3116 σιάζουσαν,
633 3043 851 3122 λέγεται
912 3042 1186 3117 εἰρηκέναι
1240 3049 1359 3105 τοῖς
1419 3043 1580 3099 αὐτὸν
1636 3041 1925 3118 παραπέμ-

285 3155 453 3189 πουσι·
504 3131 734 3189 Σπεύδω
784 3131 914 3210 ἐγὼ,
986 3130 1222 3203 σπεύδω,
1284 3131 1485 3211 ἀφίημι
1546 3130 1604 3187 δὲ
1660 3135 1742 3206 [Ρ.
1803 3134 1927 3206 333]

292 3221 419 3294 ὑμῖν
444 3223 505 3276 τὰ
546 3219 817 3296 βασίλεια,
849 3222 947 3289 τήν
977 3218 1140 3276 πόλιν
1184 3220 1274 3275 καὶ
1330 3221 1428 3288 τήν
1502 3219 1806 3295 ὑπόκρισιν.
1833 3222 1928 3283 Ὃς

2113 2864 2476 2936 Epiphanius
2506 2864 2569 2919 in
2603 2866 2858 2935 Cyprum
2893 2881 3330 2934 reversus,cum
3354 2880 3388 2919 a
3408 2865 3524 2919 Deo
3543 2868 3702 2918 esset

2038 2954 2302 3008 monitus
2330 2952 2443 3008 sibi
2477 2953 3257 3017 ﬁnemvitaainstarefertur
3285 2953 3359 3006 iis
3382 2953 3480 3022 qui
3498 2953 3693 3023 ipsum

2038 3044 2301 3099 comitati
2334 3043 2572 3098 fuerant
2602 3042 2822 3098 dixisse
2849 3061 2861 3097 :
2896 3044 3131 3098 Festino
3164 3060 3292 3115 ego,
3314 3041 3554 3097 festino.
3583 3044 3692 3097 Re-

2039 3132 2249 3203 linquo
2271 3135 2469 3187 autem
2498 3131 2663 3187 vobis
2694 3132 3011 3203 imperium
3044 3138 3101 3186 et
3130 3131 3338 3187 urbem
3377 3136 3436 3185 et
3476 3130 3693 3186 fabulae

2040 3222 2362 3277 actionem.
2386 3220 2572 3275 Simul
2604 3221 2782 3276 etiam
2814 3220 2887 3275 iis
2916 3220 3161 3276 Joannis
3193 3220 3255 3274 in
3288 3219 3501 3274 exsilio
3524 3219 3701 3274 victo-

282 3310 453 3384 γεκαὶ
508 3311 765 3367 Ἰωάννου
820 3311 919 3379 τήν
976 3307 1029 3364 ἐν
1088 3308 1267 3383 ἒξορίᾳ
1322 3306 1582 3379 τελευτὴν
1642 3309 1732 3364 καὶ
1779 3309 1927 3380 νίκην

2042 3310 2260 3366 riosam
2308 3316 2564 3366 mortem
2618 3311 2939 3381 exposuit;
2995 3317 3053 3365 et
3116 3310 3392 3365 similiter
3446 3311 3700 3364 Joannes

277 3397 571 3471 ἐδήλωσεν,
618 3400 710 3455 καὶ
768 3399 1024 3469 Ἰωάννης
1092 3400 1301 3473 ὁμοίως
1357 3399 1661 3473 Ἐπιφανίῳ
1715 3401 1814 3470 τὴν
1876 3399 1927 3455 ἐν

272 3493 349 3561 τῷ
377 3489 564 3562 πλοίῳ
591 3489 873 3563 κοίμησιν,
916 3487 976 3543 ἐκ
1030 3488 1176 3553 Θείας
1232 3488 1514 3553 ἐπιπνοίας
1563 3493 1732 3544 ταῦτα
1786 3510 1925 3564 προ-

277 3577 573 3652 μυηθέντες
606 3580 658 3632 οἳ
684 3576 964 3651 μακάριοι,
994 3577 1084 3632 ἳνα
1112 3581 1295 3650 μήτις
1326 3572 1524 3654 ἔχθραν
1555 3572 1702 3653 ἔχειν
1734 3578 1929 3644 αὐτοὺς

270 3667 387 3721 κατ’
419 3664 689 3737 ἀλλήλων
712 3665 1119 3724 ὺποτοπάσειεν.
1145 3666 1217 3720 Οὐ
1239 3666 1343 3742 γὰρ
1373 3664 1433 3721 ἄν
1457 3668 1507 3721 οἱ
1539 3671 1779 3722 τοιοῦτοι
1800 3670 1924 3738 θεη-

269 3756 430 3832 γόροι
462 3754 554 3809 καὶ
584 3756 855 3834 θεοφιλεῖς
886 3753 1165 3831 ἅνθρωποι
1197 3755 1287 3811 καὶ
1320 3753 1641 3811 διδάσκαλοι
1698 3755 1787 3811 καὶ
1827 3761 1925 3812 τοῦ

267 3840 629 3918 εἰρηνοποιοῦ
660 3846 896 3917 Χριστοῦ
940 3845 1178 3915 μαθηταὶ
1233 3845 1468 3919 γνήσιοι,
1529 3842 1624 3900 τοῦ
1681 3845 1923 3922 φάσκον-

271 3949 389 3995 τος’
425 3932 517 3989 Ἐν
548 3931 727 4004 τούτῳ
779 3931 1076 4007 γνώσονται
1133 3932 1328 3995 πάντες
1392 3934 1476 3989 ὅτι
1539 3936 1772 4007 μαθηταί
1819 3933 1923 4007 μού

276 4020 427 4092 ἰστε,
460 4020 550 4076 ἐὰν
589 4020 807 4095 ἀγάπην
860 4016 1030 4095 ἔχητε
1091 4024 1206 4093 μετ’
1236 4020 1525 4093 ἀλλήλων,
1583 4018 1779 4099 ἔχθραν
1833 4023 1923 4079 καὶ

266 4107 466 4163 κακίαν
519 4101 741 4187 ἔχοντες
812 4106 1184 4179 ἐτελεύτησαν.
1241 4109 1471 4186 Ἄπαγεο
1558 4109 1603 4163 εἰ
1680 4109 1779 4184 γάρ
1834 4112 1921 4165 καὶ

272 4197 472 4272 μικρὸν
540 4193 837 4251 σκάνδαλον
918 4196 983 4252 τὸ
1066 4195 1372 4271 προρῥηθὲν
1454 4198 1642 4272 γέγονε
1703 4198 1922 4272 μεταξὺ,

267 4288 371 4365 τήν
403 4285 753 4359 ἀνθρωπίνην
782 4285 1054 4349 ἀσθένειαν
1090 4283 1318 4365 ἔλεγχον
1375 4286 1511 4361 πρὸς
1557 4286 1763 4360 ὀλίγον,
1796 4285 1924 4342 ἀλλ’

269 4364 365 4430 οῦν
397 4395 463 4449 γε
490 4376 683 4429 Θᾶττον
707 4373 782 4435 εἷς
810 4376 909 4443 τήν
934 4376 1181 4450 κορυφὴν
1238 4364 1348 4430 τῶν
1408 4376 1609 4451 άρετῶθ
1667 4377 1922 4451 ἤχθησαν

264 4465 370 4534 τήν
401 4462 642 4538 ἀγάπην,
700 4462 824 4537 περὶ
888 4463 957 4532 ἧς
1013 4463 1162 4540 λέγει
1228 4468 1444 4527 Παῦλος
1504 4466 1532 4520 ὁ
1590 4464 1918 4530 ἀπόστολος.

264 4554 328 4611 Ἡ
361 4552 546 4627 ἀγάπη
586 4557 948 4628 μακροθυμεῖ,
1003 4551 1386 4631 χρηστεύεται,
1426 4553 1490 4607 οὐ
1543 4555 1920 4628 παροξύνεται,

2037 3399 2372 3471 Epiphanio
2404 3399 2465 3453 in
2520 3399 2652 3469 navi
2713 3400 2895 3453 ﬁnem
2945 3400 3077 3454 vitas
3135 3398 3434 3468 indicavit,
3502 3398 3697 3452 divino

2037 3487 2243 3543 afflatu
2274 3488 2430 3542 beati
2464 3487 2535 3542 de
2567 3489 2640 3543 iis
2673 3489 3031 3558 praemoniti,
3065 3504 3140 3543 ne
3167 3488 3300 3558 quis
3349 3503 3448 3543 eos
3493 3488 3694 3542 inimi-

2037 3577 2235 3632 citiam
2268 3578 2424 3631 inter
2452 3593 2514 3631 se
2563 3577 2899 3631 exercuisse
2954 3581 3209 3648 putaret.
3238 3575 3406 3631 Absit
3434 3576 3596 3631 enim
3628 3580 3695 3631 ut

2037 3667 2140 3721 Dei
2170 3683 2476 3738 praecones
2517 3672 2694 3737 atque
2726 3666 2986 3720 cultores
3016 3666 3110 3720 isti
3144 3671 3320 3736 atque
3350 3665 3556 3736 populi
3587 3666 3689 3719 do-

2037 3756 2611 3827 ctores,paciﬁcique
2637 3755 2958 3810 Servatoris
2983 3754 3259 3825 discipuli
3291 3754 3555 3825 genuini,
3591 3753 3693 3824 qui

2038 3844 2306 3899 dixerat:
2341 3844 2460 3899 Hoc
2490 3843 2709 3898 indicio
2736 3843 2997 3897 universi
3058 3842 3394 3914 intelligent
3440 3859 3543 3896 vos
3566 3858 3695 3897 esse

2037 3949 2201 3987 meos
2225 3931 2619 4003 discipulos,si
2642 3931 2893 3987 invicem
2917 3931 3247 3987 dilexeritis
3273 3932 3362 3998 ⁴“,
3379 3931 3581 3986 odium
3595 3934 3699 3987 aut

2037 4021 2520 4077 malevolentiam
2543 4021 2819 4092 usquead
2843 4022 3021 4076 finem
3052 4023 3183 4077 vitae
3200 4022 3694 4078 conservaverint.

2038 4113 2182 4166 Nam
2215 4111 2448 4165 tametsi
2473 4110 2684 4182 exigua
2702 4111 2974 4181 quaedam
3006 4111 3078 4166 iis
3103 4112 3329 4167 offensa
3349 4112 3690 4181 intervenit,

2039 4201 2313 4254 humanae
2346 4199 2774 4255 imbecillitatis
2791 4204 3434 4271 argumentum,tamen
3456 4217 3591 4256 mox
3613 4202 3687 4256 ad

2037 4288 2701 4354 charitatem,virtutum
2722 4288 3045 4360 fastigium,
3069 4305 3197 4343 sese
3227 4289 3580 4359 retulerunt,
3613 4290 3685 4345 de

2039 4396 2156 4450 qua
2185 4379 2489 4450 apostolus
2512 4380 2727 4435 Paulus
2749 4379 2893 4435 dicit
2916 4396 2929 4434 :
2961 4380 3227 4435 Charitas
3251 4379 3325 4435 ad
3349 4380 3501 4436 584
3533 4381 3681 4436 iram

2039 4469 2208 4523 tarda
2238 4474 2346 4534 est,
2380 4468 2638 4540 benigna
2668 4474 2776 4538 est,
2806 4485 2928 4523 non
2960 4468 3248 4538 irritatur,
3275 4487 3395 4525 non
3453 4476 3692 4543 reputat

2041 4557 2263 4613 malum
2286 4556 2327 4612 ⁵.
2359 4558 2507 4611 Item
2533 4558 2716 4612 :Deus
2746 4561 2838 4612 est
2866 4558 3123 4613 charitas
3153 4575 3166 4613 :
3193 4560 3293 4631 qui
3320 4560 3382 4614 in
3404 4559 3691 4616 charitate

266 4642 327 4697 ού
361 4640 643 4718 λογίζεται
671 4643 736 4697 τὸ
762 4642 946 4696 κακόψ
978 4641 1066 4696 καὶ
1098 4640 1185 4697 ’ὁτι
1208 4642 1269 4699 Ὀ
1303 4642 1434 4704 Θεὸς
1468 4643 1646 4719 ἀγάπη
1680 4642 1813 4715 ἐστὶ,
1842 4659 1927 4712 καί

2042 4650 2367 4718 permanet,
2400 4645 2449 4700 is
2479 4646 2541 4700 in
2576 4647 2694 4701 Deo
2716 4647 3082 4718 permanet“.

268 4732 296 4786 6
330 4730 508 4806 μένων
541 4729 592 4785 ἐν
618 4735 687 4805 τῇ
719 4728 898 4806 ἀγάπῃ
929 4730 981 4785 ἐν
1029 4734 1109 4803 τῷ
1139 4734 1256 4803 Θεῷ
1290 4729 1458 4804 μένει.

341 4820 495 4878 Μετᾶ
552 4816 609 4874 δὲ
657 4820 757 4889 τὴν
819 4819 1069 4875 Ἰωάννου
1152 4818 1409 4889 τελευτήν
1494 4818 1788 4885 ἐπίσκοπός
1841 4844 1922 4885 τις

2104 4826 2328 4878 Mortuo
2360 4822 2777 4896 Chrysostomo
2808 4830 3049 4881 sanctus
3080 4827 3323 4897 quidam
3349 4828 3682 4900 episcopus,

268 4908 444 4983 ἆγίος,
500 4904 790 4987 ’Δδελφιὸς
851 4903 1027 4979 ὄνομα
1081 4907 1252 4979 αὐτῷ,
1332 4904 1510 4982 ἔλεγεν
1570 4909 1655 4964 ’ότι
1734 4912 1923 4981 Λύπην

2042 4914 2274 4968 nomine
2295 4912 2645 4985 Adelphius,
2679 4930 2815 4968 cum
2847 4920 2911 4969 ut
2941 4916 3181 4985 quidem
3207 4917 3330 4988 ipse
3363 4918 3562 4986 refert,
3594 4919 3682 4972 in-

270 4999 426 5073 εἶχον
460 4996 760 5074 ἀφόρητον,
795 4993 936 5051 διότι
967 4998 1265 5056 ὁτοιοῦτος
1296 4996 1456 5069 ἀνὴρ,
1526 4998 1553 5051 6
1602 5004 1702 5067 τῆς
1735 4999 1919 5055 οἷ’κου-

275 5087 445 5158 μένης
485 5083 835 5154 διδάσκαλος,
870 5086 899 5140 6
962 5090 1080 5147 τοῖς
1135 5084 1327 5161 λόγοις
1371 5085 1633 5163 εὐφράνας
1663 5089 1762 5156 τήν
1794 5090 1921 5146 Ἐκ-

272 5175 506 5246 κλησίαν
540 5174 638 5230 τοῦ
669 5178 826 5243 Θεοῦ,
860 5168 962 5244 ἔξω
1016 5178 1114 5228 τοῦ
1174 5175 1370 5249 θρόνου
1425 5173 1587 5229 αἷιτοῦ
1618 5175 1916 5248 ἐκοιμήθη.

267 5260 539 5334 Ἐδεόμην
569 5262 661 5317 οὗν
715 5265 817 5315 τοῦ
867 5265 1000 5317 Θεοῦ
1061 5260 1197 5333 μετὰ
1248 5261 1476 5318 πολλῶν
1527 5260 1772 5336 δακρύων
1823 5263 1918 5320 ’ίνα

271 5348 415 5423 δείξῃ
466 5370 561 5423 μοι
619 5348 803 5417 αὐτὸν,
870 5348 922 5403 ἐν
990 5348 1121 5421 ποίᾳ
1174 5350 1496 5404 καταστάσει
1526 5351 1667 5423 ἓστί,
1713 5352 1802 5407 καὶ
1871 5353 1915 5409 εἱ

2030 5001 2379 5057 credibilem
2409 5001 2677 5056 dolorem
2710 5019 2781 5056 ex
2807 5019 2876 5057 eo
2899 5004 3153 5074 cepisset
3174 5004 3331 5074 quod
3356 5009 3554 5059 tantus
3577 5006 3685 5074 vir,

2032 5092 2191 5146 orbis
2251 5097 2545 5146 terrarum
2605 5089 2812 5146 doctor
2849 5108 2917 5147 ac
2974 5093 3075 5163 qui
3134 5094 3256 5148 suis
3307 5094 3688 5149 sermonibus

2040 5178 2362 5234 Ecclesiam
2376 5179 2480 5233 Dei
2512 5178 2959 5249 exhilaraverat,
2993 5186 3158 5235 extra
3179 5198 3351 5235 suum
3385 5181 3687 5253 epiSCOpa-

2036 5271 2162 5323 tum
2193 5267 2462 5335 obiisset,
2493 5266 2682 5321 multo
2714 5283 2848 5321 cum
2880 5267 3025 5322 ﬂetu
3069 5285 3104 5323 a
3131 5270 3247 5324 Deo
3279 5270 3593 5341 postulavit
3621 5276 3688 5327 ut

2027 5373 2164 5412 eum
2195 5357 2309 5413 sibi
2337 5356 2696 5427 ostenderet,
2712 5374 2830 5428 quo
2870 5363 3024 5414 statu
3056 5365 3212 5415 esset
3233 5366 3504 5418 etutrum
3525 5365 3683 5420 inter

343 5450 409 5484 ν’
441 5451 612 5505 Joan.
649 5465 770 5517 xm,
806 5450 894 5505 35.
925 5449 991 5501 ⁵1
1021 5449 1152 5503 Cor.
1186 5466 1303 5517 xm,
1335 5452 1369 5504 4
1399 5452 1605 5521 seqq.“
1635 5452 1658 5505 Ι
1684 5453 1851 5507 Joan.
1885 5470 1939 5508 v.
1972 5456 2027 5521 4,
2060 5458 2111 5508 7.

1479 5576 1843 5633 XYLANDBI
1884 5579 1970 5632 ET
2007 5579 2223 5635 GOARI
2252 5579 2475 5634 NOTAE.

346 5676 486 5748 (49⁷)
519 5675 644 5730 Lib.
676 5676 721 5743 Ι,
755 5673 929 5745 epist.
962 5673 1083 5727 152.

2106 5679 2217 5751 (50)
2248 5677 2459 5733 Isidori
2492 5676 2671 5734 verba
2696 5676 2823 5734 haec
2850 5696 2970 5735 non
3002 5681 3292 5757 intelligo.
3325 5687 3467 5742 XvL.
