4126 6296
422 381 542 441 639

1773 387 2098 450 GEORGII
2143 388 2483 450 CEDRENI

3721 386 3844 446 640

424 519 617 576 ierant
649 523 801 576 1160.
835 523 1024 592 Atque
1055 522 1284 578 interea
1312 523 1554 593 quidem
1588 524 1869 595 temporis
1886 525 2072 581 multo

2187 523 2262 584 εἷς
2305 521 2524 598 ἔπειρον
2559 523 2726 579 εἰπεῖν
2759 523 2852 580 τὸν
2875 522 3066 578 αθῶνα·
3117 521 3279 599 χίλια
3333 524 3435 599 γὰρ
3499 522 3598 578 καὶ
3657 520 3843 579 ἑκατὸν

425 611 750 682 majoribus
781 611 975 668 fuerat
1004 617 1231 668 tentata
1260 613 1472 669 bellis:
1503 619 1645 670 tunc
1676 619 1871 670 autem
1905 621 2078 687 capta

425 706 533 768 est,
563 702 734 756 sicuti
764 702 825 756 in
852 703 988 758 fatis
1017 703 1230 770 fuerat,
1256 705 1330 759 ob
1352 704 1776 776 imperantium
1792 705 2078 761 stolidita-

424 796 566 844 tem.
601 792 750 846 Sunt
780 793 880 862 qui
911 793 1147 848 tradant
1178 793 1514 865 Scipionem
1544 794 1909 862 Africanum,
1941 812 2076 851 cum

429 894 630 934 muros
688 881 1056 952 Carthaginis
1115 881 1422 953 dejiceret,
1476 882 1950 954 illacrymantem
2003 883 2076 940 de

429 969 613 1023 Homa
644 970 1126 1040 pronuntiavisse
1158 972 1536 1027 Homericum
1556 989 1789 1028 versum
1808 972 1988 1028 istum
2012 973 2034 1008 "
2057 989 2071 1030 :

423 1097 734 1163 quuatura
757 1095 874 1149 solo
901 1111 1116 1151 sacram
1160 1097 1258 1151 lum
1287 1102 1504 1167 appetet
1532 1097 1742 1152 urbem.

429 1219 492 1273 ld
515 1224 657 1274 tunc
681 1219 993 1290 impletum
1012 1225 1130 1288 est;
1157 1225 1436 1292 tantaque
1454 1221 1615 1286 urbs,
1632 1238 1762 1292 quas
1777 1238 2072 1278 summam

427 1307 764 1363 obtinuerat
776 1314 1127 1379 potestatem
1142 1316 1200 1364 et
1216 1310 1482 1365 omnium
1495 1327 1694 1364 rerum
1707 1311 1878 1382 capia
1893 1311 2074 1366 abun-

428 1399 667 1455 daverat
679 1404 736 1454 to
745 1405 865 1454 tum
875 1417 986 1470 que
1009 1417 1188 1472 prope
1207 1403 1411 1456 orbem
1433 1407 1724 1456 terrarum
1738 1401 2070 1474 subegerat,

426 1492 570 1542 tunc
601 1488 795 1542 subito
822 1492 1063 1542 vastata.
1097 1489 1325 1544 Accidit
1371 1489 1483 1544 hoc
1531 1488 1830 1544 excidium
1871 1491 2072 1545 Romae

427 1576 522 1631 die
589 1577 868 1632 vicesima
924 1581 1089 1632 sexta
1143 1578 1366 1632 mensis
1418 1577 1686 1649 Augusti,
1745 1577 2072 1634 indictione

427 1681 604 1732 nona,
631 1681 787 1720 anno
809 1664 882 1721 ab
904 1665 1144 1720 exordio
1173 1664 1378 1720 mundi
1428 1667 1587 1720 5965.
1630 1666 1769 1736 Ejus
1799 1667 1884 1720 rei
1915 1667 2074 1723 fama

425 1769 561 1808 cum
594 1758 752 1808 esset
779 1756 1114 1809 Ravennam
1145 1753 1393 1825 perlata,
1428 1753 1668 1824 quidam
1713 1754 1958 1825 plorans
2005 1771 2073 1810 ac

427 1843 716 1913 quiritans
745 1843 1001 1898 Honorio
1032 1841 1216 1897 dixit:
1251 1843 1520 1911 Domine,
1551 1846 1736 1899 Roma
1757 1844 2068 1899 Alarichus

427 1933 821 1988 Vandalorum
853 1933 970 1988 dux
1001 1933 1223 2003 potitus
1241 1939 1349 1988 est.
1386 1934 1680 1988 Honorius
1705 1933 1909 1989 dolore
1940 1951 2068 1989 cor-

425 2021 977 2093 reptus,complosis
989 2021 1295 2078 manibus:
1318 2023 1854 2094 Hactenus,inquit,
1889 2039 1959 2079 ea
1979 2024 2075 2080 hic

425 2111 566 2167 fuit:
601 2110 898 2182 quomodo
933 2127 1068 2184 ergo
1091 2111 1152 2165 in
1175 2112 1498 2166 Gothorum
1516 2129 1731 2168 manus
1759 2113 2076 2184 pervenit?

426 2203 571 2256 Tum
592 2201 744 2256 alter
765 2201 1190 2272 ingemiscens:
1215 2202 1363 2265 Non,
1391 2201 1492 2271 ait,
1517 2201 1730 2272 loquor
1749 2203 1822 2258 de
1841 2204 2076 2272 ave,sed

430 2290 503 2345 de
531 2290 697 2345 urbe.
732 2290 816 2344 lbi
847 2289 1525 2358 Honorius:Perculisti,
1554 2290 1770 2361 inquit,
1803 2291 2074 2348 animum

431 2395 670 2434 meum:
705 2395 842 2434 nam
875 2379 945 2433 de
976 2395 1082 2434 ave
1139 2379 1421 2450 putabam
1466 2384 1520 2433 te
1569 2379 1754 2450 loqui.
1814 2380 2078 2436 Habebat

432 2467 592 2522 enim
615 2468 908 2522 Honorius
929 2484 1094 2522 avem
1109 2484 1226 2537 qua
1245 2467 1856 2538 delectabatur,quam
1875 2471 2074 2525 Roma)

430 2559 672 2612 nomine
693 2558 999 2612 ail'ecerat:
1025 2557 1232 2630 ingens
1259 2555 1776 2622 stoliditatis,589
1791 2574 1866 2612 ne
1881 2558 2074 2615 dicam

428 2647 675 2702 insanias
719 2647 979 2702 hominis
1035 2651 1472 2718 argumentum.
1530 2647 1730 2718 Neque
1787 2651 1880 2702 est
1915 2648 2075 2719 quod

429 2736 666 2792 mireris
697 2735 878 2791 talem
907 2735 1213 2791 hominem
1244 2735 1564 2808 imperium
1613 2735 1896 2805 tenuisse,
1939 2754 2075 2792 cum

422 2824 524 2880 alii
553 2840 792 2895 quoque
822 2827 1020 2880 Roma:
1052 2825 1475 2896 imperaverint
1504 2841 1756 2895 quorum
1811 2826 2076 2882 facinora

425 2919 485 2968 et
499 2914 724 2969 insana;
743 2913 1094 2986 cupiditates
1111 2913 1380 2970 auditum
1405 2913 1716 2969 offendunt
1735 2931 1748 2969 z
1764 2915 2075 2970 considera

426 3003 585 3057 enim
610 3003 893 3069 Nerones,
925 3003 1144 3067 Avitos,
1178 3003 1410 3072 Galbas,
1460 3003 1721 3059 Othones
1769 3009 1829 3060 et
1875 3005 1924 3060 si
1971 3007 2074 3076 qui

427 3092 528 3147 alii
556 3093 737 3166 hujus
768 3093 976 3148 farina
1007 3092 1268 3150 fuerunt.

496 3370 676 3440 Capta
704 3371 910 3440 Roma,
947 3371 1241 3426 Honorius
1272 3388 1342 3426 ex
1373 3387 1530 3442 aqua
1568 3372 1862 3427 intercute
1889 3372 2075 3428 mori-

423 3465 542 3525 tur,
573 3475 708 3512 cum
741 3458 981 3514 vixisset
1029 3474 1218 3513 annos
1268 3460 1682 3532 quadraginta,
1725 3461 2079 3532 imperasset

427 3547 668 3618 triginta
695 3563 904 3616 unum,
935 3548 1068 3602 vita:
1099 3564 1220 3602 sua:
1258 3548 1469 3604 relicta
1499 3548 1708 3603 infami
1741 3555 1800 3604 et
1828 3549 2078 3605 illauda-

427 3635 534 3690 bili
555 3637 864 3692 memoria.
895 3638 1076 3692 Morte
1091 3638 1221 3710 ejus
1242 3637 1468 3709 Cpolim
1493 3639 1844 3694 annuntiata
1859 3639 2078 3694 tumul-

427 3731 658 3781 tuatum
691 3731 812 3781 tota
849 3726 995 3782 urbe
1025 3731 1116 3782 est
1143 3744 1250 3799 per
1295 3727 1423 3782 dies
1465 3744 1588 3783 sex.
1639 3729 1760 3794 Quo
1808 3733 2077 3798 tempore

427 3815 719 3871 Honorius
737 3815 1013 3885 decessit,
1033 3817 1396 3872 Theodosius
1417 3833 1643 3873 annum
1665 3817 2076 3890 agebataatatis

426 3904 773 3960 vicesimum
803 3911 1102 3977 quartum,
1135 3906 1370 3978 imperii
1401 3906 1700 3962 decimum
1731 3905 2074 3978 septimum.

428 3996 572 4067 Ejus
601 4001 799 4052 autem
827 3997 1180 4070 paedagogus
1207 3997 1555 4062 Antiochus,
1588 3996 1649 4051 id
1681 3996 1842 4068 quod
1879 3997 1944 4052 in
1975 4012 2066 4050 co-

429 4085 647 4141 mmdia
675 4090 784 4152 est,
817 4085 1111 4141 Turbabat
1139 4087 1342 4141 omnia
1365 4085 1668 4158 fulgurans
1690 4091 1750 4141 et
1769 4086 2075 4140 intonans.

433 4177 639 4248 Itaque
657 4177 974 4248 imperium
988 4194 1170 4250 prope
1185 4177 1418 4233 nullum
1434 4177 1890 4248 fuit,omniaque
1902 4176 2074 4232 latro-

431 4283 576 4322 num
607 4267 805 4339 plena.

504 4361 675 4414 Anno
733 4359 941 4428 quinto
1005 4358 1190 4414 Judaei
1265 4357 1638 4413 Alexandria
1709 4355 2078 4411 Christianos

425 4449 682 4520 pessime
704 4453 1124 4503 tractaverunt.
1149 4449 1295 4503 Cum
1317 4447 1477 4503 enim
1499 4452 1741 4502 tesseras
1763 4445 1894 4501 loco
1919 4459 2078 4500 com-

428 4534 771 4606 posuissent
799 4535 1007 4589 annuli
1037 4535 1109 4590 de
1139 4534 1353 4606 palmas
1397 4533 1607 4590 fronde
1658 4533 2076 4606 gestationem,

2184 613 2440 685 ἐξήκοντα
2471 606 2564 684 ἔτη
2597 615 2974 689 Ι’πειιρῳχῆκει,
3030 612 3082 668 ἐν
3141 615 3228 675 οἷς
3288 612 3450 680 αὐτὴν
3515 618 3844 686 πειραθῆναι

2181 699 2413 757 πολλῶν
2451 703 2714 776 μειζόνων
2749 697 2946 771 συνέϐη
2979 700 3286 775 πολεμίων.
3319 700 3454 758 Νυνὶ
3499 697 3562 755 δὲ
3604 698 3846 771 ἀλούσης

2179 795 2259 862 τῷ
2288 792 2632 866 πεπρωμένῳ
2692 788 2781 846 διὰ
2837 799 2938 861 τῆς
2992 793 3102 846 τῶν
3157 793 3504 865 κρατούντων
3571 789 3842 860 εὐηθείας,

2183 877 2298 956 εἷ’γε
2325 879 2414 935 καὶ
2456 876 2598 936 ἔστιν
2633 880 2800 936 εἰπεῖν
2832 902 2882 936 τι
2914 881 3062 956 παρᾶ
3119 883 3280 936 τοῦτο
3329 880 3610 956 γενέσθαι.
3673 879 3745 935 Οἱ
3792 875 3846 933 δέ

2182 971 2484 1040 Σκηπίωνα
2511 971 2606 1026 τὸν
2667 971 2987 1050 Ἀφρικανὸν
3041 969 3402 1040 ἐπικληθέντα
3455 969 3653 1046 φασὶι,
3713 966 3847 1036 6m;-

2180 1057 2302 1113 νίκα
2331 1059 2558 1134 καθῄρει
2609 1060 2676 1115 τὰ
2729 1065 2830 1128 τῆς
2889 1060 3240 1135 Καρθαγένης
3296 1056 3486 1132 τείχη,
3549 1051 3846 1130 ἐπιδακρύ-

2183 1169 2346 1204 σαντα
2375 1147 2542 1204 εἰπεῖν
2575 1147 2664 1204 ἐπὶ
2699 1151 2770 1224 τῇ
2803 1148 2989 1224 Ῥώμῃ
3015 1149 3080 1204 τὸ
3110 1149 3410 1224 Ὁμηρικὸν
3452 1145 3597 1210 ἔπος
3652 1143 3840 1200 ἐκεῖνο·

2285 1276 2538 1331 Ἐσσεται
2567 1275 2722 1350 ἦμαρ
2761 1275 2884 1330 ὅταν
2918 1277 3041 1331 ποτ’
3074 1273 3268 1349 ὀλώλῃ
3297 1273 3474 1337 Ἴλιος
3511 1273 3637 1348 ἱρή.

2180 1403 2357 1458 Τοῦτο
2388 1403 2520 1475 γοῦν
2559 1400 2636 1461 είς
2661 1399 2826 1474 πέρας
2855 1399 3034 1478 ἢχθη,
3067 1399 3159 1455 καὶ
3192 1401 3227 1468 ἡ
3259 1399 3497 1468 τοσαύτη
3532 1397 3602 1452 τὸ
3625 1395 3838 1472 κράτος,

2178 1487 2268 1544 καὶ
2325 1488 2498 1544 πάντα
2548 1489 2618 1544 τὰ
2677 1493 2907 1566 μέγιστα
2965 1488 3317 1562 εὐπορήσασα
3379 1487 3472 1542 καὶ
3536 1489 3718 1542 πᾶσαν
3772 1485 3842 1546 ὡς

2179 1578 2346 1634 εἰπεῖν
2390 1576 2790 1652 δουλωσαμένη
2850 1579 2950 1648 τὴν
3008 1577 3358 1651 οἷκσυμένην,
3417 1574 3678 1644 καθάπαξ
3709 1573 3845 1649 ἠρή-

2183 1688 2333 1742 μωτο
2360 1667 2575 1740 Ῥώμη,
2601 1669 2806 1724 Ἔπαθε
2865 1664 2922 1722 δέ
2979 1669 3077 1736 τὴν
3127 1667 3386 1736 τοιαύτην
3443 1663 3664 1719 ἅλωσιν
3713 1661 3842 1735 μηνῖ

2181 1759 2478 1835 Αὐγούστῳ
2507 1761 2608 1830 κς’,
2644 1757 2865 1834 ίνδίκτῳ
2905 1761 2951 1814 θ’
3007 1755 3113 1815 ἔτει
3171 1760 3277 1815 ἀπὸ
3332 1756 3569 1819 κτίσεως
3630 1755 3839 1828 κόσμου

2173 1850 2389 1929 ιεὓῷξεκ
2425 1847 2800 1914 Ἀκουσθέντος
2833 1846 2891 1904 δὲ
2954 1850 3151 1904 τούτου
3219 1846 3270 1901 ἐν
3323 1840 3602 1920 Ῥαϐέννῃ
3664 1843 3837 1918 ἀπήγ-

2179 1937 2330 2013 γειλέ
2357 1957 2440 2000 τις
2467 1941 2548 2010 τῷ
2595 1937 2841 2012 Ὁνωρίῳ
2894 1935 3246 2012 δακρυῤῥοῶν
3292 1935 3384 1990 καὶ
3435 1931 3840 2005 ποτνιῶμενος*

2183 2028 2250 2081 Ὠ
2289 2023 2542 2095 δέσποτα,
2601 2025 2748 2082 ἑάλω
2804 2027 2992 2098 Ῥώμη
3055 2025 3158 2082 ὑπὸ
3213 2023 3522 2098 Ἀλαρὶχου
3583 2025 3684 2078 τοῦ
3735 2025 3836 2075 τῶν

2185 2113 2499 2174 Οὐανδίλων
2526 2117 2816 2190 ἄρχοντος.
2849 2115 2932 2183 [Ρ.
2965 2117 3092 2187 336]
3137 2115 3194 2168 ’0
3239 2111 3296 2168 δέ
3353 2111 3694 2175 συσπασθεὶς
3747 2109 3836 2163 καὶ

2183 2204 2262 2259 τὼ
2291 2210 2446 2283 χεῖρε
2473 2206 2746 2278 κροτήσας
2774 2197 2900 2281 ἔφη·
2931 2200 3058 2258 Ὧδε
3094 2203 3164 2272 ἧν
3210 2199 3314 2264 ἕως
3365 2203 3516 2277 ἄρτι,
3576 2199 3670 2255 καὶ
3723 2201 3836 2259 πῶς

2183 2295 2512 2372 παρελήφθη
2548 2293 2652 2347 ὑπὸ
2691 2297 2800 2348 τῶν
2849 2293 3104 2362 Γότθων;
3155 2296 3214 2345 ‘0
3257 2288 3315 2346 δὲ
3357 2289 3616 2360 στενάξας
3667 2289 3838 2343 εἶπεν

2181 2380 2260 2439 Οὐ
2289 2382 2388 2450 τὴν
2421 2379 2564 2456 ὄρνιν
2591 2381 2756 2456 γέγω,
2788 2377 3040 2448 δέσποτα,
3085 2378 3232 2436 ἀλλὰ
3275 2381 3376 2448 τήν
3427 2377 3624 2436 πόλιν.
3675 2378 3737 2434 Ὁ
3785 2373 3838 2430 δὲ

2183 2469 2406 2550 άντέφη·
2470 2471 2790 2544 Ἐξέστησάς
2871 2492 2960 2545 με,
3049 2469 3320 2546 ἄνθρωπε·
3408 2468 3528 2546 ἐγὼ
3588 2468 3834 2540 ἐνόμιζον

2183 2561 2267 2616 ὅτι
2315 2561 2415 2630 τὴν
2471 2556 2659 2634 ὄρνιθα
2690 2560 2887 2634 λὲγεις.
2943 2561 3080 2638 Εἶχε
3134 2559 3238 2635 γὰρ
3293 2553 3635 2632 ἀλεκτορίδα
3692 2555 3836 2627 ὲφ²ᾗ

2183 2647 2484 2726 ἠγάλλετο,
2541 2648 2713 2724 ἤνπερ
2769 2647 2951 2704 ἐκάλει
3005 2649 3246 2722 Ῥώμην·
3305 2651 3576 2702 τοσοῦτον
3649 2649 3832 2718 περιῆν

2182 2740 2335 2812 αὖτῷ
2361 2739 2425 2794 τὸ
2454 2745 2555 2808 τῆς
2583 2734 2938 2812 ἀϐελτηρίας,
2964 2735 3059 2792 ἵνα
3090 2737 3168 2811 μή
3203 2734 3352 2812 λέγω
3399 2733 3592 2796 ἀνοίας
3637 2733 3832 2804 τεκμήο

2185 2849 2322 2906 ριον.
2360 2829 2457 2885 Καὶ
2489 2827 2551 2882 οὐ
2601 2827 2904 2900 θαυμαστὸν
2962 2826 3010 2881 εἶ
3059 2829 3312 2886 τοιοῦτος
3368 2818 3446 2878 ῶν
3501 2819 3820 2878 ἐϐασίλευεν.

2182 2916 2297 2973 ἐπεὶ
2329 2917 2422 2971 καὶ
2463 2913 2626 2970 ἄλλοι
2685 2915 2828 2978 τινὲς
2881 2917 3263 2988 προηγήσαντο
3301 2913 3556 2986 Ῥώμης,
3610 2908 3680 2964 ὧν
3730 2907 3817 2968 τὰς

2182 3005 2402 3080 πράξεις
2459 3005 2549 3060 καὶ
2603 3003 2699 3066 τὰς
2763 3002 2998 3078 ἀλόγους
3088 3005 3261 3078 ὁρμᾶς
3339 3003 3630 3078 ἀμήχανον
3684 2996 3810 3068 ἀκοῇ

2183 3091 2598 3172 παραδέξασθαι’
2633 3094 2758 3156 τοὺς
2796 3093 3051 3169 Νέρωνας
3095 3091 3187 3148 καὶ
3241 3090 3370 3153 τοὺς
3425 3085 3672 3150 Ἀϐἰτους
3727 3103 3817 3157 μοι

2183 3171 2295 3241 νόει
2325 3187 2414 3241 καὶ
2446 3179 2660 3248 Γάλϐας
2691 3186 2806 3259 (53)
2836 3185 2927 3239 καὶ
2965 3184 3232 3250 Ὀθωνας,
3287 3181 3378 3236 καὶ
3422 3179 3477 3236 εἷ’
3519 3200 3616 3243 τις
3667 3171 3827 3237 ἄλλος

2099 3257 2143 3324 C
2181 3274 2294 3332 ἐστὶ
2324 3276 2533 3331 τούτων
2563 3257 2750 3348 ἐσμός.

2248 3363 2398 3420 Μετᾶ
2421 3366 2522 3434 τήν
2571 3361 2774 3420 ἅλωσιν
2833 3362 3056 3435 Ῥώμης
3109 3359 3339 3432 τελευτᾷ
3387 3359 3660 3434 Ὁνώριος
3715 3349 3824 3408 ὀδε-

2181 3453 2391 3529 ριάσας,
2427 3454 2634 3528 βιώσας
2663 3451 2756 3522 ἔτη
2802 3452 2879 3526 μ’,
2941 3449 3262 3524 βασιλεύσας
3321 3445 3378 3503 δὲ
3435 3444 3540 3516 λα’,
3603 3446 3822 3529 μνήμην

2179 3527 2359 3598 λιπὼν
2387 3527 2466 3614 τῶ
2502 3541 2608 3618 βίῳ
2639 3537 2872 3596 δυσκλεᾶ
2900 3539 2992 3594 καὶ
3057 3537 3310 3612 ἄσεμνον.
3365 3535 3723 3606 Δηλωθείσης
3771 3527 3826 3585 δὲ

2175 3638 2279 3701 τῆς
2329 3631 2496 3686 αὐτοῦ
2550 3629 2810 3700 τελευτῆς
2868 3629 2920 3685 ἐν
2981 3625 3549 3683 Κωνσταντινουπόλει
3619 3623 3824 3692 ἐσείσθη

2177 3726 2324 3776 πᾶσα
2353 3722 2388 3790 ἡ
2415 3718 2579 3782 πόλις
2608 3719 2818 3794 ἡμέρας
2847 3720 2912 3783 ς’.
2945 3715 3234 3778 Θεοδόσιος
3283 3715 3341 3770 δὲ
3384 3715 3524 3768 κατὰ
3577 3715 3670 3768 τὸν
3719 3731 3832 3766 καιο

2180 3810 2272 3886 ρὸν
2298 3815 2400 3878 τῆς
2429 3809 2690 3882 Ὀνωρίου
2717 3805 2977 3876 τελευτῆς
3005 3808 3111 3883 ἦγε
3139 3812 3240 3876 τῆς
3287 3801 3508 3873 ἡλικίας
3559 3799 3684 3862 ἔτος
3729 3797 3826 3886 κδ⁴,

2177 3885 2276 3966 τῆς
2317 3893 2374 3950 δέ
2408 3894 2686 3971 βᾶσίλείας
2719 3896 2802 3964 ιζ’.
2861 3895 2917 3948 '0
2965 3892 3023 3948 δὲ
3078 3892 3274 3948 τούτου
3329 3889 3557 3968 τροφεὺς
3622 3885 3828 3945 Ἀντίο-

2179 4007 2304 4063 χος,
2334 3987 2472 4041 κατᾶ
2499 3986 2597 4054 τήν
2629 3981 2928 4058 κωμῳδίαν
2977 3985 3118 4058 (54),
3170 3982 3530 4054 Ἢστραπτεδ,
3580 3973 3824 4054 ἐϐρόντα,

2181 4073 2444 4130 συνεκύκα
2497 4074 2565 4130 τὰ
2623 4074 2938 4149 πράγματα.
3026 4069 3222 4146 Ἐγγὺς
3313 4067 3493 4124 τοίνυν
3561 4064 3824 4141 ἀναρχίας

2179 4165 2270 4220 καὶ
2302 4163 2516 4236 λῃστῶν
2545 4162 2736 4239 πλήρη
2763 4163 2831 4218 τὰ
2859 4161 3051 4218 πάντα.

2251 4353 2344 4424 Τῷ
2373 4356 2410 4405 ε’
2450 4348 2553 4404 ἔτει
2585 4343 2840 4404 Ἰουδαῖοι
2900 4342 2954 4400 ἐν
3009 4339 3390 4416 Ἀλεξανδρείᾳ
3446 4339 3642 4394 πολλὰ
3693 4334 3824 4424 κακὰ

2179 4420 2528 4516 Χριστιανοῖς
2582 4432 2938 4505 ἐπεδείξαντο.
3029 4429 3352 4504 Συνθέμενοι
3409 4429 3516 4504 γὰρ
3554 4427 3688 4502 πρὸς
3722 4420 3819 4516 άλῖ

2183 4513 2394 4602 λῆλους
2425 4527 2712 4602 γνώρισμα
2736 4527 2920 4603 φορεῖν
2954 4518 3246 4576 δακτύλιον
3298 4519 3404 4575 ἀπὸ
3443 4518 3704 4595 φοίνικος,
3749 4513 3810 4603 τῇ

430 4628 610 4677 noctu
624 4639 730 4694 per
751 4639 1053 4694 praecones
1069 4623 1388 4679 exclamari
1409 4627 1768 4679 curaverunt
1784 4620 2074 4676 ecclesiam

2187 4599 2340 4678 νυκτὶ
2391 4599 2551 4694 βοᾷνή
2578 4599 2977 4690 παρεσκεύασαν
3039 4614 3282 4686 κήρυκας
3323 4609 3407 4709 ότι
3565 4599 3808 4709 ἐκκλησία

431 4727 560 4768 esse
591 4712 921 4778 incensam,
955 4716 1013 4766 et
1057 4711 1420 4766 Christianos
1465 4711 1538 4767 ad
1585 4709 2074 4782 restinguendum

2185 4709 2524 4785 ἀνεπρήσθη,
2553 4709 2664 4760 τῶν
2722 4701 2779 4758 δὲ
2836 4703 3172 4778 Χριστιανῶν
3233 4697 3636 4785 συνδραμόντων
3685 4697 3808 4785 τούῖ

429 4799 776 4857 incendium
789 4804 1212 4855 concurrentes
1226 4799 1651 4854 interfecerunt
1661 4801 1760 4855 .Re
1773 4803 2079 4869 comperta

428 4891 808 4962 magistratus
839 4889 1155 4945 Christiani
1186 4889 1418 4944 Iudaeos
1448 4888 1806 4944 Alexandria
1835 4887 2079 4960 expulc-

426 4987 586 5048 runt,
619 4997 946 5052 eorumque
977 4981 1135 5036 bona
1163 4979 1634 5052 publicaverunt.
1668 4979 1890 5033 Eodem
1921 4994 2078 5034 anno

2181 4780 2405 4860 τους-οἱ
2438 4791 2695 4852 Ἰουδαῖοι
2753 4790 3100 4866 κατέσφαξαν,
3171 4788 3522 4861 Φωραθέντος
3577 4784 3664 4840 οὗν
3717 4780 3808 4866 τοῦ

2185 4884 2458 4962 δράματος
2498 4884 2550 4938 οἱ
2602 4865 2937 4958 Χριστιανοὶί
2968 4879 3225 4954 ἄρχοντες
3267 4876 3493 4937 τούτους
3544 4881 3645 4943 τῆς
3690 4865 3813 4962 ’.ἕλ’-

2185 4955 2484 5048 εξανδρεέας
2510 4955 2775 5044 ἐξήλασαν
2815 4969 2904 5024 καὶ
2959 4971 3054 5030 τὰς
3115 4966 3434 5026 ὑποστάσεις
3482 4963 3660 5018 αὐτῶν
3706 4955 3818 5048 ἐδή-

425 5043 600 5128 beata
621 5043 929 5128 Pulcheria
943 5070 1048 5125 toti
1067 5043 1267 5125 rerum
1281 5085 1528 5124 summae
1542 5067 2074 5140 prmfuit,submoto

2189 5043 2405 5138 μευσαν.
2464 5043 2557 5132 Τῷῗ
2607 5057 2654 5114 δ’
2709 5058 2858 5131 αὐτῷ
2941 5056 3044 5112 ἔτει
3123 5058 3160 5126 ἠ
3223 5053 3460 5130 μακαρία
3517 5043 3822 5140 Πουλχερία

426 5163 607 5218 Persa
634 5162 948 5218 Antiocho.
985 5159 1207 5215 Eodem
1235 5175 1393 5214 anno
1433 5137 1582 5230 Magi
1639 5157 1792 5214 δυο
1838 5155 2074 5211 Perside

2184 5149 2410 5212 τελείως
2441 5153 2549 5206 τῶν
2606 5149 2939 5225 πραγμάτων
3006 5145 3240 5222 ἐκράτει,
3292 5147 3390 5200 τοῦ
3448 5141 3656 5217 Πέρσου
3711 5137 3824 5192 Ἀν-

1636 5339 1995 5396 XYLANDRI
2033 5339 2120 5393 ET
2159 5336 2378 5394 GOABI
2417 5335 2637 5390 NOTAE.

499 5474 612 5544 (53)
663 5473 887 5529 Galbam
944 5491 1050 5528 cur
1106 5473 1412 5528 sceleratis
1459 5473 1904 5544 annumeraret,
1955 5483 2079 5544 non

429 5537 605 5599 videe'
629 5561 805 5614 quam
827 5546 1054 5615 justam
1086 5545 1362 5600 habuerit
1385 5557 1648 5615 causam.
1674 5537 2001 5615 l‘a’tllaees}
2017 5538 2078 5592 in

432 5603 664 5685 codice;
699 5621 757 5669 et
783 5603 1033 5670 vicinius
1091 5633 1212 5670 non
1266 5614 1558 5670 habebam
1610 5628 1790 5682 quam
1844 5603 2073 5669 Γάλϐας.

420 5688 616 5830 -Χῗέιῆ
646 5757 816 5828 Apud
841 5756 1298 5828 Arismphanem
1319 5755 1391 5810 de
1413 5753 1663 5810 Pericle.
1693 5751 1858 5817 Quod
1879 5751 2074 5821 sequi-

2190 5470 2286 5520 tur
2314 5464 2375 5519 in
2406 5463 2681 5519 Eudociae
2713 5459 2964 5537 historia
2991 5458 3064 5537 de
3092 5455 3698 5537 Paulino_r_nagistro,.
3721 5448 3822 5537 olb-

2190 5543 2484 5592 servatum
2511 5539 2601 5590 est
2621 5550 2702 5606 exp
2717 5533 2962 5606 Zonara,
2985 5530 3299 5606 Ammiano
3321 5526 3824 5606 aliisque.scriptc-

2187 5609 2373 5675 ribus,
2407 5604 2814 5677 magisterium
2845 5596 3050 5677 aulica)
3081 5599 3392 5672 potestatis
3422 5614 3490 5653 ac
3529 5596 3822 5667 dignitatis

2187 5673 2487 5750 primariae
2509 5673 2739 5732 nomen
2761 5691 2910 5730 esse.
2944 5673 3080 5728 ΧΠ..
