4126 6296
270 362 387 421 641

1397 358 1933 421 HISTORIARUM
1983 358 2522 422 COMPENDIUM.

3566 366 3686 427 642

271 491 474 566 τιὸχου
503 488 749 547 ἐκποδὼν
780 493 1086 568 γεγονότος.
1122 492 1315 564 Τούτῳ
1370 495 1451 564 τῷ
1503 489 1728 563 ἐνιαυτῷ
1778 488 1919 545 πολ-

2064 491 2258 546 nultos
2310 491 2674 548 Christianos
2728 495 3013 565 martyrio
3067 496 3412 565 affecerunt,
3447 501 3504 552 et
3560 514 3686 553 ma-

270 579 363 634 λοι
391 578 444 634 ἐν
481 578 698 657 Περσίδι
728 583 1046 655 Χριστιανοὶ
1080 581 1184 636 ὑπὸ
1240 585 1350 636 τῶν
1414 581 1602 655 μάγων
1659 579 1924 652 μάρτυρες

275 669 549 744 γεγὸνασι.
584 673 675 742 Τῷ
706 667 754 724 δ’
820 669 969 744 αὐτῷ
1022 669 1131 725 ἓτει
1187 667 1350 724 πάλιν
1412 669 1517 723 ἀπὸ
1581 672 1678 723 τοῦ
1709 668 1927 743 ἐμπρη-

281 764 423 832 σμοῦ
446 758 790 830 ἆνεκαινίσθη
824 762 859 829 ἡ
892 759 1118 836 Μεγάλη
1153 759 1439 830 ἐκκλησία.

349 850 444 920 Τῷ
477 849 517 918 ζ’
547 844 652 904 ἔτει
687 847 944 906 Ἰουδαῖοι
974 849 1051 911 εἷς
1079 851 1171 904 τὸν
1204 850 1403 922 Ἲμμον
1432 845 1617 903 πεδίον
1669 849 1930 922 Χριστια-

276 936 364 990 νὸν
393 934 564 992 παῖδα
590 933 982 1005 συλλαϐόντες,
1042 938 1117 1001 ὡς
1169 941 1454 1008 παῖζοντες
1515 934 1673 1008 δηθεν
1718 935 1809 991 καὶ
1838 934 1930 989 τὸν

282 1025 511 1098 σταυρὸν
564 1023 931 1101 διασύροντες,
998 1031 1191 1082 τοῦτον
1251 1024 1547 1101 ἐκρέμασαν
1608 1024 1695 1079 ἐπὶ
1742 1023 1933 1094 ξύλου,

279 1112 564 1177 ἀνελόντες
630 1113 905 1189 βασάνοις.
967 1118 1142 1173 Τοῦτο
1208 1115 1369 1192 γνοὺς
1425 1115 1452 1168 6
1504 1111 1760 1188 βασιλεὺς
1809 1110 1934 1172 τοὺς

276 1200 579 1267 Ἰουδαίους
610 1204 929 1281 πρεπόντως
975 1202 1222 1263 ἐκόλασε.

352 1297 443 1366 Τῷ
479 1291 547 1348 ιδ’
604 1288 710 1349 ἔτει
760 1291 925 1368 λιμὸς
981 1295 1207 1371 γέγονεν
1253 1292 1304 1349 ἐν
1356 1292 1562 1366 Πόντῳ,
1616 1291 1755 1346 ὣστε
1808 1289 1936 1352 τοὺς

276 1383 647 1461 Παφλαγόνας
728 1383 1148 1459 εὐνουχίσαντας
1207 1384 1275 1439 τὰ
1333 1382 1449 1438 ἴδια
1531 1384 1689 1438 τέκνα
1726 1380 1936 1456 πιπρά-

276 1492 448 1532 σκειν.
481 1473 775 1546 Τούτῳτῷ
804 1468 906 1529 ἔτει
967 1472 1310 1544 ἐτελεύτησεν
1360 1472 1412 1527 ἐν
1464 1474 1721 1542 Ἀθήναις
1784 1469 1942 1524 Aéov-

276 1583 397 1626 τιος
431 1564 460 1618 6
494 1560 817 1643 ?t)\60’0t?0<,
850 1564 908 1625 ὅς
942 1559 1172 1641 ἔγραψεν
1226 1563 1277 1618 ἐν
1336 1565 1404 1636 τῇ
1464 1558 1697 1635 διαθήκῃ
1753 1557 1938 1616 αὐτοῦ.

284 1654 404 1721 Τὴν
439 1652 534 1726 μὲν
565 1651 747 1708 οὐσίαν
780 1673 886 1725 μου
939 1657 1112 1707 πᾶσαν
1173 1649 1575 1724 καταλιμπανω
1628 1655 1745 1713 τοῖς
1802 1648 1941 1710 υἱοῖς

293 1762 423 1815 μου,
457 1739 741 1811 Ἀθηνσῗδι
777 1738 835 1796 δὲ
862 1744 930 1815 τῇ
963 1740 1071 1815 ἐμῇ
1106 1740 1331 1816 θυγατρὶ
1363 1740 1506 1813 ἀφίω
1538 1736 1763 1807 δοθῆναι
1796 1756 1942 1812 χρυ-

2036 597 2217 653 gnum
2256 582 2546 653 templum
2577 583 2648 639 ab
2674 583 2951 641 incendio
2982 585 3267 642 refectum
3294 591 3404 642 est.

2115 847 2376 920 Septimo
2407 865 2563 905 anno
2592 849 2776 904 Judaei
2814 850 2878 905 in
2935 868 3141 923 campo
3171 853 3357 907 Immo
3409 852 3690 907 Christia-

2041 953 2188 991 num
2219 955 2470 1009 puerum
2504 944 2762 1011 captum,
2794 939 3033 995 ludibrii
3083 958 3150 997 ac
3181 943 3372 998 crucis
3422 942 3694 997 deriden-

2043 1025 2133 1080 da)
2166 1043 2344 1083 causa
2375 1028 2884 1095 ecxarniﬁcatum,
2947 1030 3018 1084 de
3050 1030 3204 1103 ligno
3234 1031 3691 1103 suspenderunt.

2044 1116 2201 1180 Quos
2250 1117 2592 1189 imperator,
2654 1136 2716 1174 re
2777 1117 3090 1191 patefacta,
3151 1120 3343 1192 dignis
3388 1121 3550 1175 ultus
3609 1125 3700 1175 est

2048 1207 2377 1278 suppliciis.

2114 1297 2288 1351 Anno
2321 1300 2387 1352 14
2414 1297 2603 1353 fames
2657 1298 2769 1353 fuit
2798 1300 2983 1354 Ponto
3034 1303 3199 1355 tanta
3256 1304 3325 1355 ut
3369 1299 3696 1372 Paphlago-

2044 1401 2153 1439 nes
2185 1401 2323 1440 suos
2350 1386 2508 1441 ﬁlios
2540 1388 3143 1460 castraverintitaque
3171 1388 3566 1443 vendiderint.
3600 1390 3703 1442 Eo-

2050 1472 2185 1529 dem
2216 1491 2372 1530 anno
2404 1481 2673 1532 mortuus
2705 1483 2794 1531 est
2817 1478 3066 1532 Athenis
3108 1479 3386 1533 Leontius
3440 1478 3705 1549 philoso-

2048 1563 2222 1634 phus.
2256 1565 2308 1618 Is
2357 1569 2714 1620 testamento
2768 1582 2873 1621 suo
2931 1582 3139 1622 omnes
3196 1566 3508 1623 facultates
3565 1566 3703 1621 ﬁliis

2050 1650 2281 1724 legavit,
2315 1653 2631 1709 Athenaidi
2663 1654 2803 1710 ﬁliae
2835 1660 3066 1710 tantum
3099 1672 3313 1711 aureos
3344 1656 3465 1725 100,
3502 1655 3704 1711 addita

2051 1740 2162 1795 hac
2192 1757 2403 1797 causa:
2438 1744 2552 1799 Sua
2581 1743 2635 1798 ei
2667 1744 2922 1799 sufﬁciet
2951 1745 3208 1800 fortuna.
3243 1746 3405 1818 Hanc
3444 1745 3707 1799 Athena-

282 1831 408 1885 σίου
447 1830 764 1905 νομίσματα
793 1831 1004 1886 ἑκατόν·
1061 1830 1216 1905 ἀρκεῖ
1271 1829 1374 1904 γὰρ
1432 1827 1566 1902 αύτῇ
1600 1830 1635 1896 ἡ
1666 1848 1812 1905 τυχη
1854 1826 1946 1881 αύ-

2064 1829 2184 1883 :lem
2214 1829 2465 1931 Anthenis
2488 1832 2693 1903 Cpolin
2718 1833 3032 1888 adductam
3056 1851 3192 1888 cum
3216 1834 3442 1888 videret
3458 1834 3673 1888 Pulche
3691 1865 3707 1874 -

279 1927 407 1990 τῆς.
435 1921 643 1991 Ταύτην
670 1921 769 1990 τήν
820 1916 1116 1987 Ἀθηναΐδα
1170 1918 1219 1989 ἐξ
1280 1919 1542 1988 Ἀθηνῶν
1602 1915 1942 1991 εἷσαχθεῖσαν

280 2007 588 2083 θεσσαμένη
648 2011 684 2078 ἡ
744 2008 1061 2087 Πουλχερία
1116 2006 1313 2063 κάλλει
1357 2010 1440 2081 [Ρ.
1502 2006 1629 2078 337]
1688 2004 1943 2077 σώματος

282 2096 691 2174 διαπρέπουσαν
726 2098 814 2153 κςιὶ
875 2096 1074 2152 συνέσει
1136 2101 1323 2172 ψυχῆς
1380 2093 1796 2167 καλλυνομένην
1852 2092 1943 2146 καὶ

276 2186 436 2262 λόγῳ
465 2187 908 2262 κεκοσμημένην,
955 2187 1092 2262 πρὸς
1150 2187 1241 2242 τὸν
1295 2183 1726 2261 ἀρχιεπίσκοπον
1790 2184 1942 2238 Κων-

286 2274 795 2337 σταντινουπόλεως
883 2276 1123 2332 Ἀττικὸν
1210 2272 1574 2330 ἀποστείλασα
1641 2267 1944 2343 ἐϐάπτισεν,

282 2362 563 2423 Εύδοκίαν
637 2366 1073 2439 μετονομάσασα·
1160 2366 1353 2434 ἥντινα
1435 2362 1528 2418 καὶ
1608 2366 1687 2434 τῷ
1741 2360 1944 2431 ταύτης

280 2453 510 2535 ἀδελφῷ
539 2456 631 2511 καὶ
679 2455 895 2532 βασιλεῖ
950 2455 1249 2529 συνέζευξεν
1309 2454 1385 2519 είς
1442 2458 1689 2531 γυναῖκα.
1752 2449 1947 2524 Τούτῳ

2054 1918 2141 1973 ria
2164 1923 2222 1973 et
2246 1917 2435 1975 forma
2457 1922 2722 1992 corporis
2745 1927 3026 1992 praestare
3050 1928 3109 1978 et
3127 1923 3366 1994 ingenio
3400 1939 3526 1978 esse
3552 1939 3709 1995 egre-

2052 2008 2146 2080 gio
2193 2013 2371 2079 atque
2424 2009 2706 2065 facundia
2751 2018 3020 2066 ornatam
3069 2011 3143 2067 ad
3197 2012 3705 2084 archiepiscopum

2053 2097 2218 2153 urbis
2253 2098 2510 2155 Atticum
2540 2101 2781 2156 missam
2815 2101 3152 2173 baptizavit,
3176 2103 3571 2172 Eudociaeque
3602 2119 3709 2156 no-

2052 2204 2190 2242 men
2220 2187 2383 2258 fecit,
2415 2190 2878 2261 imperatorique
2909 2191 3077 2246 fratri
3109 2208 3214 2247 suo
3242 2197 3562 2263 numptum
3594 2196 3710 2246 tra-

2060 2276 2255 2331 didit.
2306 2277 2528 2333 Eodem
2597 2296 2755 2334 anno
2813 2280 3042 2335 Atticus
3102 2280 3412 2352 episcopus
3469 2281 3712 2335 Joannis

2054 2367 2456 2439 Chrysostomi
2482 2385 2701 2425 nomen
2723 2370 2786 2425 in
2804 2386 3003 2426 sacras
3027 2370 3257 2427 tabulas
3273 2370 3496 2427 retulit.
3521 2370 3711 2425 Attico

2056 2456 2392 2527 patriarcha
2421 2464 2676 2525 mortuo,
2711 2459 3065 2532 subrogatur
3095 2459 3411 2515 Sisinnius.

284 2550 368 2618 τῷ
399 2539 505 2600 ἔτει
539 2546 789 2608 Ἀττικὸς
829 2546 855 2600 6
906 2545 1201 2608 ἐπίσκοπος
1258 2545 1512 2602 Ἰωάννου
1578 2547 1677 2597 τοῦ
1736 2542 2130 2617 Χρυσοστόμου
2190 2545 2252 2599 τὸ
2313 2541 2489 2619 ὄνομα
2544 2544 2596 2601 ἐν
2649 2552 2767 2607 τοῖς
2825 2548 2995 2622 ἱεροῖς
3053 2544 3342 2624 διπτύχοις
3400 2548 3513 2621 (55)
3587 2568 3713 2601 συνο

288 2634 461 2706 ἐταξε.
496 2632 731 2706 Τελευτᾷ
760 2632 819 2690 δὲ
847 2636 1100 2699 Ἀττικὸς
1129 2636 1156 2690 6
1189 2633 1556 2710 πατριάρχης,
1587 2631 1677 2687 καὶ
1710 2636 2108 2709 χειροτονεῖται
2141 2634 2402 2699 Σισίνιος.

356 2720 542 2779 Ἀλλᾶ
597 2725 834 2800 τοσαύτῃ
900 2725 991 2781 καὶ
1047 2724 1354 2799 τηλικαύτῃ
1410 2719 1543 2797 οὔσῃ
1597 2725 1667 2796 τῇ
1711 2717 1946 2791 Εύδοκίᾳ

282 2811 453 2885 λοξὸν
488 2814 517 2868 ὁ
550 2812 748 2891 φθόνος
781 2808 1040 2888 ἐμϐαλὼν
1084 2813 1242 2890 ὄμμα
1270 2817 1520 2869 τοιοῦτον
1552 2809 1944 2887 κατειργάσατο

282 2901 469 2978 δρᾶμα
495 2901 795 2979 ἐσύστερον
855 2902 1122 2967 Παυλινός
1175 2925 1261 2967 τις
1332 2903 1633 2979 μάγιστρος
1693 2901 1945 2975 ἠγαπᾶτο

279 2993 432 3069 παρὰ
457 2995 557 3062 τῆς
589 2991 856 3055 Εύδοκίας
889 2994 962 3054 ὡς
1025 2990 1097 3047 ὤν
1156 2992 1507 3070 λογιώτατος
1545 2990 1636 3046 καὶ
1668 2987 1945 3064 ὡραιότα-

294 3104 412 3153 τος,
445 3084 491 3156 ᾧ
520 3104 627 3138 τινι
660 3088 874 3158 συχνῶς
902 3105 961 3139 τε
989 3083 1078 3138 καί
1105 3081 1259 3147 ἰδίως
1289 3081 1677 3159 συνετύγχανεν
1707 3080 1781 3141 ὡς
1810 3100 1950 3151 συμ-

308 3172 556 3246 πράξαντι
576 3178 691 3235 τοῖς
723 3172 923 3250 γάμοις
949 3173 1141 3243 αὐτῆς.
1173 3175 1258 3246 Τῇ
1291 3174 1383 3227 οὗν
1415 3174 1598 3246 ἡμὲρᾳ
1623 3174 1731 3225 τῶν
1773 3168 1943 3243 ἁγίων

302 3266 597 3339 θεοφανιῶν
655 3260 709 3316 ἐν
774 3265 843 3335 τῇ
904 3260 1119 3338 μεγαλῃ
1191 3259 1454 3332 ἐκκλησίᾳ
1537 3257 1792 3319 ἀπιόντος
1849 3260 1946 3310 τοῦ

2126 2725 2436 2781 Enimvero
2460 2727 2752 2797 Eudociaa,
2778 2728 2913 2785 talis
2930 2734 3123 2785 actam
3149 2728 3446 2801 praeclarae
3470 2729 3709 2784 feminae

2057 2814 2288 2870 facinus
2320 2815 2555 2871 invidiae
2614 2817 2961 2888 huiusmodi
3020 2818 3316 2873 actionem
3370 2817 3704 2872 intentavit.

2058 2905 2345 2959 Paulinus
2368 2905 2609 2976 quidam
2640 2907 2919 2978 magister
2950 2906 3280 2961 eruditione
3309 2923 3377 2961 ac
3407 2906 3713 2978 elegantiae

2059 3009 2235 3047 causa
2263 2993 2335 3049 ab
2366 2992 2626 3049 Eudocia
2656 2994 3009 3067 diligebatur
3040 3010 3054 3062 ;
3087 2994 3434 3066 solebatque
3476 3012 3610 3049 cum
3642 3011 3708 3049 eo

2059 3083 2208 3138 591
2246 3081 2454 3138 crebro
2481 3088 2540 3138 et
2567 3084 2819 3139 seorsim
2842 3084 3123 3155 colloqui,
3156 3088 3221 3139 ut
3251 3100 3285 3139 a
3315 3101 3431 3156 quo
3465 3089 3621 3139 esset
3649 3084 3712 3138 in

2060 3170 2287 3242 nuptiis
2366 3171 2788 3227 contrahendis
2836 3172 3060 3243 adjuta.
3121 3172 3354 3227 Accidit
3406 3177 3605 3227 autem
3652 3176 3720 3227 ut

2063 3258 2315 3313 sotemni
2347 3259 2555 3315 divinae
2577 3260 2972 3332 apparitionis
2997 3260 3091 3316 die
3114 3259 3457 3331 imperatori
3484 3259 3557 3315 ad
3587 3275 3712 3315 ma-

296 3347 573 3424 βασιλέως
622 3349 940 3427 προσήγαγὲ
994 3371 1078 3414 τις
1107 3348 1254 3422 αύτῷ
1284 3349 1335 3420 ἐξ
1366 3350 1553 3411 Ἀσίας
1611 3345 1774 3419 πένης
1837 3354 1944 3421 μῆ-

2064 3365 2241 3421 gnum
2258 3348 2545 3421 templum
2561 3350 2725 3405 eunti
2741 3366 2967 3423 pauper
2978 3349 3219 3421 quidam
3236 3367 3307 3405 ex
3321 3350 3461 3405 Asia
3473 3366 3715 3422 pomum

290 3438 392 3496 λον
426 3444 536 3515 (56)
572 3442 709 3515 μέγα
741 3441 829 3496 καὶ
875 3441 1159 3519 ὑπερφυὲς,
1212 3440 1345 3516 ὅπερ
1404 3436 1690 3495 ἀπέστειλε
1742 3443 1816 3513 τῇ
1847 3437 1952 3495 Αύ-

284 3529 524 3606 γούστῃ,
574 3528 825 3593 δεδωκὼς
855 3534 934 3602 τῷ
987 3530 1179 3602 πένητι
1230 3529 1542 3603 νομίσματα
1599 3529 1810 3584 ἑκατὸν.
1844 3526 1952 3583 Δύ-

284 3621 359 3689 τή
394 3617 454 3675 δὲ
484 3624 729 3676 νοσοῦντι
778 3621 901 3675 τότε
961 3618 1217 3693 Παυλίνῳ
1272 3616 1607 3688 ἀπέστειλεν,
1659 3612 1954 3692 ἀρραϐῶνα

284 3715 395 3778 τῆς
426 3706 590 3763 αὺτοῦ
641 3706 923 3779 τελευτῆς.
975 3709 1039 3766 Ὀ
1106 3706 1163 3763 δὲ
1221 3707 1492 3769 Παυλῖνος
1548 3708 1757 3784 ἀγνοῶν
1822 3705 1956 3779 μετὰ

287 3796 393 3853 δύο
434 3797 646 3873 ἡμέρας
701 3797 1013 3854 ἀπέστειλεν
1069 3797 1201 3853 αὐτὸ
1254 3801 1334 3870 τῷ
1394 3796 1630 3871 βασιλεῖ.
1671 3796 1733 3852 Ὀ
1764 3791 1820 3849 δὲ
1853 3796 1954 3869 βα-

290 3887 488 3952 σιλεὺς
536 3892 699 3943 τοῦτο
754 3887 1024 3964 γνωρίσας
1081 3882 1299 3961 ἔκρυψε,
1353 3886 1443 3941 καὶ
1500 3883 1756 3950 εἶσελθὼν
1810 3883 1957 3961 λέγει

283 3982 367 4052 τῇ
400 3975 712 4052 Αύγούστῃ·
745 3981 861 4032 Ποῦ
898 3976 1009 4031 ἐστὶ
1063 3977 1124 4031 τὸ
1178 3974 1358 4051 μῆλον
1405 3974 1537 4051 ὅπερ
1595 3995 1680 4029 σοι
1712 3973 1955 4029 ἀπέστει-

289 4067 371 4124 λα
407 4085 422 4136 ;
452 4068 517 4124 Ἠ
545 4063 603 4121 δὲ
639 4067 807 4122 εἶπεν*
867 4067 1103 4144 Ἲῖὶφαγον
1168 4065 1323 4123 αύτό.
1386 4065 1487 4121 Καὶ
1537 4065 1702 4119 πάλιν
1761 4057 1957 4137 ὥρκω-

291 4175 389 4210 σεν
450 4155 618 4224 αὐτὴν
673 4158 771 4226 τὴν
830 4154 1100 4229 σωτηρίαν
1158 4151 1322 4210 αἶ)τοῦ
1356 4197 1371 4222 ,
1433 4150 1623 4227 λέγων’
1680 4152 1775 4221 Μὴ
1848 4172 1957 4206 τινι

288 4248 465 4299 τοῦτο
522 4243 864 4318 πέπομφας;
932 4245 995 4300 Ἣ
1054 4240 1111 4298 δὲ
1168 4240 1333 4298 πάλιν
1393 4242 1514 4296 εἶπε
1575 4246 1759 4320 φαγεῖν
1801 4239 1952 4309 αὐτὸ,

290 4336 597 4408 προσθεῖσα
627 4333 720 4388 καὶ
761 4333 859 4402 τήν
918 4330 1192 4405 σωτηρίαν
1236 4335 1332 4386 τοῦ
1365 4328 1657 4405 βασιλέως.
1690 4329 1826 4385 Τότε
1881 4328 1957 4391 εἷς

291 4424 469 4498 ὀργὴν
520 4421 759 4493 κινηθεὶς
808 4423 835 4476 6
899 4418 1153 4497 βασιλεὺς
1208 4417 1392 4475 κελύει
1449 4419 1511 4474 τὸ
1574 4414 1752 4492 μῆλον
1795 4417 1950 4471 εἷσεν*

290 4515 552 4588 εχθῆναι,
582 4513 674 4567 τὸν
705 4510 762 4568 δὲ
795 4510 1063 4569 Παυλῖνον
1097 4509 1421 4572 ἀποστείλας
1476 4508 1545 4584 τῇ
1576 4508 1728 4564 νυκτὶ
1777 4506 1950 4578 ἐκείνη

295 4601 721 4679 ἀπεκεφάλισεν.
804 4603 1036 4657 Ἐκτοτε
1095 4597 1152 4654 δὲ
1239 4598 1427 4676 γέγονε
1523 4596 1720 4671 μεταξὺ
1778 4595 1952 4651 αὐτῶν

2063 3437 2362 3494 inusitatas
2379 3439 2807 3511 magnitudinis
2829 3441 3067 3495 offerret
3089 3457 3101 3507 ;
3124 3457 3301 3511 quem
3322 3440 3371 3495 is
3396 3443 3497 3494 100
3518 3439 3717 3495 numis

2063 3528 2324 3597 donavit,
2354 3545 2422 3584 ac
2478 3546 2722 3601 pomum
2774 3530 3046 3586 Eudociae
3095 3533 3370 3603 Augustae
3419 3530 3600 3584 misit.
3634 3530 3715 3584 Ea

2063 3619 2368 3690 aegrotanti
2399 3619 2650 3674 Paulino
2676 3620 3026 3685 transmisit,
3060 3636 3248 3690 eoque
3279 3619 3448 3673 illum
3473 3635 3716 3673 munere
3777 3636 3783 3642 '

2064 3707 2412 3779 imprudens
2443 3709 2621 3763 exitio
2652 3708 2988 3763 obstrinxit.
3020 3708 3306 3763 Paulinus
3350 3706 3436 3762 rei
3480 3707 3717 3779 ignarus

2065 3797 2243 3853 biduo
2260 3804 2393 3870 post
2412 3815 2654 3869 pomum
2681 3796 2830 3852 illud
2852 3796 3195 3868 imperatori
3217 3795 3418 3851 mittit.
3452 3795 3557 3860 Qui
3582 3810 3717 3850 cum

2066 3885 2125 3941 id
2154 3891 2522 3958 agnosceret,
2547 3902 2614 3941 eo
2643 3885 2934 3940 occultato
2958 3885 3258 3958 ingressus
3288 3883 3362 3939 ad
3392 3887 3716 3956 Angustam

2067 3992 2271 4047 rogare
2303 3974 2403 4030 ubi
2427 3980 2584 4030 esset
2640 3973 2865 4029 malum
2924 3974 2978 4029 ei
3036 3990 3071 4029 a
3123 3990 3185 4029 se
3215 3974 3485 4029 missum.
3522 3973 3592 4028 Se
3653 3972 3711 4027 id

2066 4064 2257 4118 edisse
2285 4063 2504 4119 dicenti
2528 4062 2937 4135 juramentum
2953 4079 3059 4134 per
3071 4062 3717 4134 salutemimperatoris

2066 4151 2482 4222 deferre,quod
2503 4151 2563 4207 id
2594 4152 2939 4207 neminiabs
2964 4169 3025 4206 se
3047 4152 3298 4207 missum
3313 4169 3382 4208 ea
3411 4152 3723 4207 conﬁrma-

2063 4242 2323 4296 ret.Cum
2348 4257 2415 4294 eo
2441 4240 2617 4295 modo
2632 4240 2837 4312 jurata
2857 4257 2925 4295 eo
2947 4238 3311 4311 pe'rsisteret,
3346 4239 3405 4294 id
3436 4256 3497 4295 se
3517 4255 3712 4294 come-

2064 4330 2773 4401 disse,iratusimperator
2796 4330 3020 4386 malum
3041 4330 3263 4399 aﬂerri,
3294 4328 3544 4385 Paulino
3576 4344 3710 4384 vero

2063 4439 2132 4477 ea
2163 4421 2292 4493 ipsa
2320 4424 2491 4475 nocte
2525 4420 2711 4475 accito
2770 4425 2948 4492 caput
2999 4421 3293 4492 amputari
3317 4419 3508 4491 jubet.
3569 4416 3709 4473 Inde

2062 4509 2437 4581 imperatoris
2468 4506 2747 4563 adversus
2778 4511 3101 4582 Augustam
3131 4508 3401 4564 simultas
3433 4524 3499 4562 ac
3530 4505 3711 4562 absti-

2062 4597 2287 4653 nentia.
2304 4599 2373 4650 Et
2391 4596 2673 4667 Eudocia,
2691 4613 2870 4652 causa
2884 4597 3208 4666 intellecta,
3234 4596 3468 4670 injuriae
3490 4594 3715 4668 pudore

296 4689 454 4761 λύπη
484 4672 578 4746 καὶ
630 4689 1032 4766 ἀπομερισμός.
1066 4672 1275 4745 Γνοῦσα
1315 4672 1387 4742 δὲ
1442 4690 1603 4742 τοῦτο
1650 4688 1685 4755 ἡ
1739 4683 1949 4760 Δύγου-

2064 4691 2228 4742 mota
2254 4685 2762 4757 perfectionemin
2794 4703 2964 4742 sacra
2984 4686 3114 4742 loca
3139 4686 3397 4742 instituit
3421 4702 3489 4741 ac
3511 4685 3713 4740 Hiero-

1514 4816 1879 4871 XYLANDRI
1915 4816 2000 4869 ET
2038 4815 2256 4871 GOABI
2294 4814 2519 4869 NOTAE.

379 4922 493 4993 (55)
522 4918 757 4974 Tabulae
787 4919 1061 4993 geminaa,
1091 4931 1396 4993 e_quarum
1422 4930 1541 4993 una
1569 4914 1856 4993 vivorum,
1890 4929 1960 4968 ex

299 4986 496 5049 altera
523 4986 892 5046 mortuorum
935 4986 1199 5045 ecclesia:
1239 4986 1808 5042 communicantium
1852 5002 1959 5040 no-

303 5064 475 5121 mina
504 5061 661 5117 inter
688 5063 1011 5119 missarum
1041 5059 1335 5116 solemnia
1373 5059 1670 5131 leguntur,
1723 5053 1961 5130 δίπτυχα

307 5140 475 5202 sunt,
508 5134 683 5190 Gom-

383 5197 697 5278 (56)_Quod
727 5202 801 5261 ad
834 5220 1077 5278 pamum
1099 5202 1311 5278 attinet
1331 5201 1403 5257 ab
1436 5197 1962 5278 EudociaPaulico

309 5271 723 5352 dono'datum,
758 5271 1339 5352 apud_Nicephorum
1371 5289 1484 5352 xw,
1513 5271 1817 5352 231egitur
1844 5285 1964 5352 non

307 5365 577 5420 pomum,
612 5339 720 5422 sed"
747 5339 888 5404 ovis.
922 5339 1163 5422 Etpsaile
1198 5342 1375 5422 μῆλον
1408 5339 1728 5422 utrumque
1752 5339 1966 5422 signiﬁ-

308 5412 425 5475 cat.
450 5412 719 5474 Narratio
752 5425 953 5475 tamen
985 5412 1356 5473 Cedreniana
1403 5412 1657 5469 maxime
1688 5412 1966 5467 omnibus

312 5491 436 5545 suis
485 5491 927 5546 circumstantis
975 5507 1070 5545 ma
1113 5490 1161 5544 is
1206 5489 1276 5543 de
1308 5486 1463 5542 malo
1497 5501 1675 5556 quam
1733 5484 1803 5537 de
1862 5498 1967 5537 ove

312 5562 550 5616 videtur
579 5579 730 5616 esse.
764 5562 928 5616 Ouod
960 5506 1116 5616 ιιι)υὲ
1144 5560 1539 5616 Nicephorum
1592 5555 1828 5616 legitur,
1861 5556 1967 5607 Eu-

312 5562 550 5637 v_idetur
579 5579 730 5637 esse.
764 5562 928 5627 Quod
960 5556 1116 5637 apud
1144 5560 1539 5637 Nicephorum
1592 5556 1828 5637 legitur,
1861 5556 1968 5635 Eu-

318 5633 553 5689 dociam
583 5635 798 5690 marito
821 5630 1196 5704 respondisse
1215 5630 1372 5685 domi
1406 5646 1525 5684 sua)
1545 5630 1969 5704 munus_ipsius

316 5705 576 5761 suaviter
605 5705 793 5777 pasci,
816 5705 863 5760 si
896 5697 979 5760 ita
1009 5703 1184 5760 estin
1214 5704 1436 5772 Graeco,
1471 5699 1714 5755 omnino
1747 5697 1819 5752 de
1866 5712 1969 5750 ove

2068 4911 2477 4983 accipiendum
2507 4911 2754 4967 videtur.
2790 4914 3092 4977 Quomodo
3125 4914 3325 4969 Graeca
3356 4910 3722 4983 ibihabeant

2071 4982 2295 5039 nescio.
2328 4984 2495 5038 Certe
2527 4984 2780 5039 Zonaras
2810 4985 3015 5039 itidem
3046 4991 3112 5039 ut
3142 4991 3346 5040 noster
3369 4982 3566 5048 habet,
3598 4997 3721 5035 res-

2071 5055 2350 5128 pondisse
2378 5054 2699 5109 Eudociam
2738 5071 2800 5128 se
2830 5055 2891 5108 τὸ
2926 5053 3104 5128 μῆλον
3139 5055 3504 5128 comedisse:
3558 5050 3723 5128 Quod

2074 5123 2144 5182 de
2172 5143 2275 5181 ove
2303 5142 2660 5197 responsum
2691 5126 2823 5196 quis
2854 5123 3057 5197 credat
3083 5126 3111 5181 ?
3151 5129 3221 5197 Et
3241 5126 3397 5197 apud
3426 5123 3716 5197 Nicepho-

2072 5214 2206 5279 rum
2236 5201 2370 5279 post
2400 5192 2449 5251 ὃ.
2580 5197 2691 5251 hoc
2708 5192 2920 5279 ipsum
2951 5192 3363 5279 μῆλονιέριδος-
3368 5192 3721 5279 appellatur,

2073 5275 2139 5324 ut
2170 5266 2258 5323 est
2281 5267 2635 5339 inrmargine
2684 5266 3030 5324 annotatum
3058 5293 3072 5334 ;
3105 5273 3164 5323 et
3192 5266 3264 5323 ab
3321 5266 3496 5321 Eride
3540 5266 3727 5321 fuisse

2075 5338 2412 5411 pomumin
2435 5338 2658 5411 nuptiis
2707 5339 2866 5393 Pelei
2925 5340 3321 5411 propositum,
3373 5342 3725 5411 notumest.

2074 5409 2265 5481 Atque
2297 5409 2368 5463 ab
2397 5425 2501 5463 ove
2530 5409 2605 5464 ad
2655 5426 2901 5482 pomum
2929 5409 3359 5482 ianibiguitatis
3417 5409 3729 5482 occasione

2074 5482 2290 5537 lusisse
2331 5486 2632 5555 auctorem
2666 5497 2789 5535 non
2821 5481 2987 5555 valde
3012 5482 3248 5555 videtur
3284 5481 3611 5555 probabile.
3633 5481 3727 5555 _D_e

2077 5570 2145 5608 eo
2170 5551 2535 5607 monendum
2566 5552 2850 5607 lectorem
2886 5554 3047 5621 duxi,
3079 5571 3153 5609 ne
3186 5551 3432 5610 me'ullo
3481 5552 3730 5608 consilio

2077 5643 2111 5680 a
2133 5623 2462 5695 Nicephoro
2487 5624 2692 5680 Latino
2720 5624 3017 5681 diversum
3042 5627 3349 5698 scripsisse
3375 5629 3561 5698 putet.
3593 5624 3728 5678 XYL'
