4124 6312
273 380 390 440 645

1395 364 1941 431 HISTORIARUM
1986 363 2524 439 COMPENDIUM.

3569 380 3687 440 646

271 514 371 578 τῆς
426 500 913 587 βασιλίσσης
971 501 1127 558 Ὃθεν
1190 490 1394 556 πολλοὶ
1446 505 1555 554 τῶν
1613 491 1918 570 Βυζαντίων

2051 506 2363 564 irationem
2397 527 2525 566 eam
2557 513 2910 570 conﬁrmare
2943 514 3206 585 studens,
3240 514 3459 585 ubique
3491 514 3688 587 impun

276 590 673 670 ἐταράχθησαν.
732 593 790 649 Ὀ
849 583 906 647 δὲ
960 588 1255 666 Νεστόριος
1310 588 1402 646 τὸν
1460 588 1624 664 λόγον
1682 594 1922 664 κυρῶσαι

277 674 520 743 σπεύδων
541 680 827 756 πανταχοῦ
882 681 983 749 τήν
1043 674 1233 735 ἑαυτοῦ
1290 672 1486 755 μιαρᾶν
1547 677 1775 753 φλυρίαν
1834 672 1926 748 ἓξ-

278 764 462 842 έϐαλε,
493 770 655 849 ψιλὸν
698 773 981 847 ἄνθρωπον
1042 769 1218 847 λέγων
1270 769 1363 825 τὸν
1419 760 1640 845 Κύριον.
1684 762 1768 824 Ἐν
1828 762 1929 841 μιίᾷ

279 864 334 923 δὲ
393 865 637 938 Κυριακῇ
703 853 1172 936 προσκαθεζομένου
1238 855 1539 933 Νεστορίου
1597 851 1929 933 προτραπεὶς

280 951 531 1029 Πρόκλος
564 953 673 1025 (59)
705 954 801 1005 τοῦ
844 946 1203 1024 ἐξηγήσασθαι
1263 941 1406 1003 εἶπεν
1467 940 1690 1020 ὁμιλίαν
1724 938 1799 1009 εἷς
1827 941 1926 1016 τὴν

283 1043 572 1112 Θεοτὸκον,
602 1042 668 1110 ἦς
702 1042 734 1110 ἡ
767 1039 938 1118 ἀρχή’
975 1030 1278 1113 Παρθενική
1330 1034 1637 1111 πανήγυρις
1668 1037 1928 1118 σήμερον,

279 1131 531 1211 ἆδελφοί’
564 1131 702 1188 Τότε
743 1116 973 1204 μισητὸς
1030 1120 1240 1204 ἐγενετο
1296 1144 1440 1203 παρα
1491 1131 1650 1183 πᾶσιν
1684 1126 1711 1181 ὁ
1744 1116 1928 1181 δυσσε-

279 1218 386 1295 ϐὴς
421 1220 712 1296 Νεστόριος
745 1219 832 1277 διὰ
880 1224 1045 1296 τῦφον
1096 1217 1188 1274 καὶ
1234 1218 1606 1273 κακοπιστίαν.
1661 1216 1798 1291 Εἶχε
1827 1216 1928 1292 γὰρ

279 1241 386 1295 οης
421 1241 712 1296 Νιστοριος
745 1241 832 1277 om
880 1241 961 1275 ‘cu'
990 1241 1045 1274 ον
1096 1241 1188 1274 και
1234 1241 1606 1273 κακοπιστιαν.
1663 1241 1798 1291 ηδιχε
1827 1241 1928 1292 γαρ

277 1310 636 1370 Ἀναστάσιόν
664 1331 785 1366 τινα
814 1241 1175 1386 πρδσὲύτερον
1232 1308 1544 1386 Ἀντιοχέα,
1608 1305 1665 1362 ’ὀν
1725 1302 1931 1382 σφόδρα

278 1408 650 1482 περιεποιεῖτο
699 1402 773 1463 ὡς
831 1401 1113 1477 ὁμοφρονα
1170 1390 1338 1473 ἄνδρα
1390 1398 1482 1453 καὶ
1541 1386 1932 1472 τολμηρότατα

277 1495 365 1551 ἐπ’
404 1490 698 1563 ἐκκλησίας
731 1486 1168 1569 βλασφημοῦντα
1232 1489 1332 1557 τὴν
1391 1486 1734 1562 ἀει-παρθένον
1793 1492 1930 1541 Θεο-

275 1583 466 1639 τόκον.
530 1579 736 1639 Τούτου
768 1575 825 1632 δὲ
878 1568 1134 1639 Εὐσέϐιος
1168 1577 1196 1631 ὁ
1227 1580 1324 1632 τοῦ
1382 1568 1662 1652 Δορυλάου
1714 1578 1930 1650 πρῶτον

278 1677 560 1729 κατεῖπεν.
592 1664 782 1732 Οὕτως
837 1663 893 1721 δὲ
954 1660 1418 1740 διαπραττόμενος
1472 1661 1720 1727 πολλοὺς
1771 1658 1933 1738 θορύ-

285 1757 423 1823 ϐους
451 1761 642 1836 ἤγειρε
670 1758 761 1813 καὶ
806 1753 1073 1831 ταραχάς.
1137 1758 1232 1828 Τῷ
1288 1752 1334 1809 δ’
1374 1752 1522 1826 αύτῷ
1578 1748 1682 1809 ἔτει
1735 1753 1823 1808 καὶ
1873 1753 1935 1808 τὸ

277 1846 513 1935 φοϐερὸν
571 1848 751 1921 θαῦμα
834 1851 942 1903 τῶν
1023 1845 1193 1923 ἁγίων
1254 1837 1388 1901 ἔπτὰ
1449 1841 1659 1900 παίδων
1717 1847 1822 1899 τῶν
1880 1840 1933 1898 ἐν

275 1922 493 2017 ’Ὲφὲἁφ
547 1938 784 2015 γέγονεν,
859 1922 1199 1993 ἂναστάντων
1248 1935 1427 1990 αὐτῶν
1463 1922 1553 1989 διὰ
1600 1928 1787 1988 ἑκατὸν
1848 1922 1935 1987 ιϐ.

275 2025 604 2103 δομήκοντα
643 2046 878 2102 χρονων.

358 2122 453 2191 Τῷ
505 2115 587 2173 κδ’
646 2114 919 2191 Κύριλλος
989 2104 1397 2189 Ἀλεξανδρείας
1456 2104 1547 2169 καὶ
1624 2104 1939 2175 Κελεστῖνος

278 2209 514 2279 Ῥώμης
596 2205 864 2284 γράφουσι
938 2201 1219 2277 Νέστορίῳ
1295 2201 1632 2280 ἀποσχέσθαι
1684 2202 1777 2275 μὲν
1831 2205 1937 2256 τῶν

282 2294 737 2372 διεστραμμένων
824 2290 1114 2370 δογμάτων
1172 2290 1264 2345 καὶ
1315 2295 1416 2356 τῆς
1476 2291 1645 2365 ὀρθῆς
1704 2291 1936 2352 πίστεως

281 2387 628 2461 ἀντέχεσθαι,
660 2382 711 2439 εἴ
739 2374 798 2438 δὲ
831 2384 932 2455 μὴ,
969 2382 1046 2454 μή
1108 2380 1241 2437 εἶναι
1272 2379 1432 2436 αὐτὸν
1488 2380 1804 2436 κοινωνικὸν
1861 2380 1941 2435 ἱε-

286 2476 401 2551 ρέα.
434 2473 605 2532 Ἀλλᾶ
645 2473 730 2528 καὶ
793 2468 960 2526 ἄλλοι
1018 2470 1159 2535 τινὶς
1215 2469 1425 2545 ὁμοίως
1485 2468 1632 2542 αὐτῷ
1684 2466 1939 2545 ἔγραψαν.

285 2565 459 2627 Αὐτὸς
486 2562 543 2619 δὲ
573 2563 601 2618 ὁ
632 2563 939 2637 Νεστόριος,
969 2559 1130 2636 γνοὺς
1162 2558 1245 2615 ὅτι
1287 2558 1386 2616 οὐκ
1434 2561 1718 2639 ἂνέχονται
1764 2579 1942 2634 παρα-

288 2659 591 2724 σιωπῆσαι,
648 2651 1015 2726 παρεσκεύασε
1088 2649 1179 2705 τόν
1263 2646 1492 2725 βασιλέα
1548 2648 1750 2724 γράψαι
1806 2650 1940 2725 πρὸς

289 2740 570 2817 Κύριλλον
599 2740 799 2815 σάκραν
832 2742 945 2815 (60)
979 2736 1270 2812 δειμάτων,
1301 2738 1390 2793 καὶ
1436 2741 1525 2812 [Ρ.
1586 2741 1713 2812 339]
1765 2735 1941 2795 δοκῶν

290 2831 454 2888 αὐτὸν
486 2824 546 2887 ἐκ
564 2828 759 2886 τούτου
789 2833 1012 2885 κτυπεῖν
1058 2825 1274 2903 μᾶλλον
1334 2825 1594 2904 διήγειρε.
1657 2828 1754 2883 Καὶ
1808 2828 1944 2905 γρά-

292 2942 376 3000 φει
405 2925 488 2994 τῷ
523 2919 738 2996 βασιλεῖ
766 2917 857 2977 καὶ
885 2923 1004 2981 ταῖς
1035 2918 1235 2974 τούτου
1267 2914 1526 2995 ἀδελφαῖς
1581 2917 1707 2992 περὶ
1756 2936 1814 2971 τι
1841 2924 1941 2986 τῆς

296 3012 463 3086 ὀρθῆς
523 3008 752 3070 αίστεως
819 3007 908 3063 καὶ
963 3013 1063 3077 τῆς
1118 3004 1415 3082 Νὲστορίου
1467 3003 1809 3076 κακοδοξίας,
1858 3006 1943 3060 αἱ·

299 3099 555 3173 τούμενος
616 3099 732 3172 ἅμα
814 3097 903 3153 καὶ
982 3093 1206 3151 σύνοδυν
1252 3087 1639 3169 οίκουμενικήν
1697 3093 1944 3170 γενέσθαι

306 3189 378 3252 είς
424 3190 483 3244 τὸ
528 3194 911 3264 γυμνασθῆναι
966 3191 1264 3249 κανονικῶς
1319 3187 1387 3242 τὰ
1435 3185 1570 3241 κατὰ
1624 3187 1943 3261 Νεστόριον.

1968 1897 2015 1960 Β

2032 611 2160 651 ram
2184 613 2350 656 suam
2382 598 2799 670 loquacitatem
2831 603 3112 674 profudit,
3137 602 3435 659 Christum
3459 604 3686 659 nudum

2035 684 2339 747 hominem
2381 688 2678 751 dictitans.
2738 690 3001 757 Quodam
3060 693 3365 749 Dominico
3400 693 3493 749 die
3550 711 3685 749 cum

2036 772 2334 830 Nestorius
2391 779 2776 849 praesideret,
2836 781 3078 837 Proclus
3135 781 3209 836 ad
3269 783 3685 854 exponendum

2037 863 2321 920 excitatus
2342 868 2671 925 orationem
2702 870 2909 926 habuit
2939 870 3011 926 de
3042 872 3144 926 Dei
3168 873 3481 943 Gonitrice,
3514 873 3687 945 cujus

2037 950 2274 1011 initium
2301 971 2314 1010 :
2352 957 2558 1021 Hodie,
2589 958 2823 1028 fratres,
2854 968 3179 1017 conventus
3211 962 3404 1034 agitur
3454 963 3526 1018 do
3561 960 3689 1017 Vir-

2036 1042 2191 1114 gine.
2226 1045 2305 1099 Ex
2337 1062 2405 1100 eo
2463 1047 2687 1103 invisus
2721 1066 2849 1105 esse
2884 1050 3164 1107 omnibus
3222 1050 3444 1122 impius
3474 1055 3687 1108 Nesto—

2037 1131 2248 1187 riusob
2274 1133 2565 1192 fastumet
2594 1138 2812 1193 malam
2829 1138 3305 1196 ﬁdem.Habebat
3334 1140 3492 1195 enim
3532 1143 3692 1196 Ana-

2039 1221 2286 1279 stasium
2304 1225 2621 1295 quemdam
2634 1226 3045 1299 presbyterum
3061 1228 3698 1300 Antiochenum,quem

2041 1310 2206 1365 valde
2238 1312 2349 1366 sibi
2382 1314 2764 1370 concilliabat
2793 1320 2858 1372 ut
2888 1333 3089 1373 secum
3120 1318 3476 1373 sentientem
3511 1319 3694 1375 auda-I-

2042 1398 2398 1472 cissimeque
2430 1402 2491 1457 in
2523 1404 2774 1461 ecclesia
2809 1406 3024 1477 Virgini
3054 1406 3155 1460 Dei
3188 1407 3467 1462 Genitrici
3497 1407 3694 1462 obtre-

2042 1490 2322 1544 ctantem.
2358 1490 2528 1547 IIunc
2581 1493 2805 1564 primus
2862 1496 3222 1567 oppugnavit
3265 1513 3541 1551 sermone
3582 1499 3699 1552 Eu-

2044 1577 2242 1633 sebius
2272 1580 2490 1634 Dorilai
2528 1582 2858 1655 episcopus.
2895 1584 2987 1639 Sic
3013 1590 3210 1640 autem
3244 1590 3528 1641 tractatus
3558 1585 3686 1641 mul

2044 1670 2132 1721 tas
2164 1667 2364 1723 turbas
2387 1668 2567 1725 dedit.
2602 1671 2821 1728 Eodem
2879 1689 3034 1730 anno
3084 1674 3295 1744 Ephesi
3329 1675 3478 1729 illud
3521 1676 3695 1730 terri-

2042 1753 2162 1810 bile
2197 1756 2550 1814 miraculum
2582 1759 2799 1815 accidit
2837 1768 3064 1833 septem
3100 1779 3439 1833 puerorum,
3470 1765 3569 1835 qui
3625 1764 3697 1819 de

2045 1862 2255 1901 somno
2303 1849 2477 1903 annis
2538 1856 2850 1922 postquam
2910 1852 3403 1909 obdormivissont
3459 1860 3699 1910 centum

2048 1937 2441 2010 septuaginta,
2481 1946 2887 1997 surrexerunt.

2119 2118 2288 2171 Anno
2303 2119 2371 2171 24
2401 2117 2653 2189 Cyrillus
2667 2119 3038 2176 Alexandriae
3065 2126 3122 2175 et
3151 2122 3481 2177 Celestinus
3500 2124 3697 2179 Romae

2048 2203 2308 2276 episcopi
2321 2206 2656 2263 Nestorium
2672 2226 2777 2280 per
2790 2209 3020 2267 litteras
3045 2211 3359 2265 hortantur
3373 2209 3702 2279 ut,omissis

2046 2294 2334 2365 perversis
2358 2295 2760 2367 Opinionibus,
2791 2315 2990 2357 veram
3022 2297 3701 2369 594lidemamplecta-

2048 2383 2436 2454 tur:alioqui
2470 2401 2590 2439 non
2619 2385 2743 2441 fore
2804 2404 2940 2441 eum
2990 2386 3053 2441 in
3111 2392 3264 2444 cwtu
3322 2387 3699 2443 sacerdotum

2048 2472 2425 2544 Scripserunt
2444 2473 2545 2531 alii
2567 2492 2804 2546 quoque
2834 2476 2908 2531 ad
2931 2493 3067 2531 eum
3113 2476 3176 2531 in
3234 2475 3503 2530 eamdem
3562 2492 3699 2529 son-

2047 2559 2315 2614 tentiam.
2376 2561 2721 2630 Nestorius,
2781 2562 3120 2635 intelligens
3178 2580 3278 2617 eos
3324 2578 3703 2632 nequaquam

2050 2647 2356 2713 tacituros,
2404 2649 2746 2721 imperatori
2806 2652 3124 2721 persuadet
3176 2658 3242 2706 ut
3299 2650 3373 2705 ad
3422 2650 3706 2722 Cyrillum

2051 2737 2271 2793 scribat
2286 2755 2514 2795 sacram
2539 2740 2875 2812 epistolam,
2897 2758 3083 2812 eaque
3104 2758 3238 2796 eum
3259 2741 3711 2805 deterreat.Qua

2052 2843 2115 2881 re
2147 2844 2281 2882 cum
2313 2845 2375 2883 se
2406 2829 2690 2901 Cyrillum
2723 2835 2961 2901 putaret
2995 2847 3171 2902 posse
3202 2830 3549 2901 percellere,
3580 2846 3704 2883 ma-

2049 2916 2136 2988 gis
2169 2918 2345 2973 etiam
2388 2920 2683 2976 excitavit.
2744 2920 2991 2992 Scripsit
3056 2921 3216 2975 enim
3279 2927 3402 2975 tum
3452 2919 3707 2991 Cyrillus

2051 3006 2127 3063 ad
2158 3007 2657 3080 imperatoremet
2679 3027 2915 3066 sorores
2945 3011 3015 3065 de
3048 3027 3186 3065 vera
3215 3009 3331 3065 (Ide
3366 3015 3424 3064 et
3452 3008 3704 3063 Nestorii

2051 3097 2216 3153 falsis
2228 3099 2615 3170 opinionibus
2629 3094 2925 3172 simulque
2939 3100 3371 3156 mcumenicum
3386 3100 3706 3155 concilium

2054 3187 2226 3257 petiit
2248 3187 2463 3262 colligi,
2486 3189 2548 3244 in
2567 3206 2681 3260 quo
2712 3206 2892 3246 causa
2909 3189 3160 3245 Nestorii
3193 3190 3478 3247 canonice
3494 3189 3705 3244 discuti

300 3279 388 3351 Τῷ
415 3279 488 3333 κε’
513 3277 692 3334 τοίνυν
736 3276 963 3347 ἐνιαυτῷ
1005 3283 1103 3346 τῆς
1162 3271 1451 3330 Θεοδοσίου
1515 3274 1795 3351 βασιλείας
1827 3276 1861 3343 ἡ
1895 3270 1937 3328 ἐι

2057 3282 2277 3347 posset.
2338 3280 2541 3350 Itaque
2583 3280 2863 3335 vicesimo
2924 3281 3130 3350 quinto
3182 3295 3338 3335 anno
3395 3277 3707 3334 Theodosii

294 3369 505 3446 Ἐφέσῳ
561 3368 686 3444 ἁγία
744 3367 831 3423 καὶ
891 3364 1240 3438 οίκουμενική
1307 3362 1467 3438 τρίτη
1556 3360 1783 3425 σύνοδος
1836 3367 1945 3419 τῶν

296 3456 377 3514 σλ“
412 3461 663 3532 Πατερων
713 3455 1098 3533 συνηθροίσθη,
1158 3454 1353 3533 χρόνον
1425 3451 1626 3528 ἄγουσα
1680 3452 1790 3509 ἀπὸ
1851 3455 1945 3527 μὲν

292 3555 393 3617 τῆς
456 3544 703 3622 δευτέρας
772 3547 882 3620 μα’,
940 3545 1045 3600 ἀπὸ
1096 3540 1154 3598 δὲ
1203 3541 1428 3606 κτίσεως
1479 3543 1689 3615 κόσμου
1742 3543 1946 3620 ,εῩῇιεζ

292 3639 396 3699 ἿΙς
438 3637 617 3712 ἦρχον
679 3632 957 3712 Κύριλλος
1025 3629 1456 3709 Ἀλεξανδρείας,
1517 3631 1575 3695 ’ὃς
1626 3629 1949 3688 Κελεστίνου

293 3729 451 3784 πάπα
514 3727 739 3799 Ῥώμης
786 3725 876 3781 τὸν
930 3718 1097 3780 τύπον
1168 3719 1341 3778 διεῖπε
1373 3768 1388 3794 ,
1445 3720 1534 3776 καὶ
1588 3717 1951 3786 Ἱουϐενάλιος

295 3813 695 3893 Ἱεροσολύμων
729 3857 743 3885 ,
802 3811 1058 3889 λέγοντος
1144 3816 1241 3868 τοῦ
1298 3811 1600 3891 καταράτου
1650 3808 1946 3885 Νεστορίου

300 3906 378 3977 μὴ
412 3924 548 3960 ειναι
591 3904 841 3959 θεοτόκον
871 3902 970 3972 τὴν
1000 3900 1290 3968 Θεοτόκον,
1347 3895 1493 3954 ἀλλὰ
1550 3898 1946 3974 Χριστοτόκον,

226 4018 231 4021 ·
297 3996 387 4051 καὶ
418 3991 516 4049 δύο
549 3992 698 4055 υἱοὺς
730 3990 817 4048 ἐπὶ
866 3994 962 4048 τοῦ
994 3991 1107 4053 ἑνὸς
1157 3991 1393 4067 Χριστοῦ
1439 3992 1536 4044 τοῦ
1593 3993 1729 4045 Θεοῦ
1788 3993 1950 4063 μυθο·

299 4083 594 4163 λογοῦντος
622 4084 711 4138 καὶ
744 4081 840 4138 δύο
893 4083 1234 4149 ὑποστάσεις,
1293 4075 1383 4134 καί
1429 4070 1601 4134 ἄλλον
1661 4079 1755 4151 μὲν
1807 4080 1948 4134 εἶναι

294 4173 390 4229 τὸν
426 4172 598 4249 Λόγον
645 4174 735 4229 τὸν
767 4171 826 4227 ἐκ
862 4169 958 4227 τοῦ
1015 4169 1225 4244 Πατρὸς
1279 4166 1621 4242 γεννηθέντα,
1679 4164 1861 4243 ἕτερον
1892 4164 1951 4224 δί

296 4265 388 4320 τὸν
421 4263 482 4318 ἐκ
533 4262 739 4338 Μαρίας
790 4258 1050 4337 τεχθέντα
1114 4257 1421 4331 ἄνθρωπον,
1470 4256 1606 4312 κατὰ
1662 4258 1850 4332 σχέσιν
1892 4254 1949 4312 δὶ

296 4354 559 4411 ἑνωθέντα
587 4354 679 4409 τὸν
711 4352 839 4408 Θεὸν
887 4352 1088 4428 Λόγον,
1120 4348 1237 4404 καὶκ
1268 4346 1579 4421 ὁμωνύμως
1634 4348 1724 4402 καὶ
1782 4349 1945 4404 αὐτὸν

297 4443 599 4519 λεγόμενον
622 4441 770 4498 Υἱόν.
802 4436 1010 4497 Τοῦτον
1040 4436 1451 4513 προσκληθέντα
1480 4436 1626 4511 παρὰ
1679 4442 1778 4506 τῆς
1830 4457 1948 4491 συν-

297 4530 429 4589 όδου
458 4533 658 4606 καὶμὴ
706 4530 1078 4602 ἆπαντήσαννα
1134 4525 1599 4598 ἐκκλησιαστικῶς
1646 4524 1951 4590 καθελοῦσα

2053 3366 2287 3438 imperii
2321 3374 2528 3423 sancta
2586 3375 2644 3427 et
2699 3371 3064 3426 meumenica
3097 3369 3270 3425 tertia
3302 3368 3563 3440 synodus
3610 3369 3712 3422 Pa-

2061 3460 2217 3512 trum
2248 3459 2353 3512 230
2401 3458 2615 3529 Ephesi
2676 3459 2836 3528 coiit,
2896 3477 3052 3516 anno
3111 3464 3248 3532 post
3303 3459 3558 3530 primam
3616 3460 3707 3525 41,

2053 3547 2216 3601 anDo
2246 3547 2456 3602 mundi
2486 3550 2645 3603 5915.
2671 3550 3041 3605 Prmfuerunt
3056 3548 3311 3620 Cyrillus
3337 3546 3710 3603 Alexandria)

2054 3634 2387 3707 episcopus,
2419 3636 2618 3692 locum
2650 3630 2929 3693 Celestini
2981 3655 3146 3709 papa:
3201 3635 3443 3693 Romsni
3478 3641 3711 3702 tenens,

2054 3729 2112 3779 et
2140 3725 2437 3781 Iuvenalis
2495 3724 3037 3797 Hierosolymorum
3090 3726 3421 3798 episcopus.
3454 3724 3714 3796 Negabat

2055 3812 2417 3869 detestabilis
2475 3814 2778 3870 Nestorius
2836 3814 3079 3870 Mariam
3127 3830 3258 3869 esse
3317 3813 3419 3869 Dei
3462 3812 3709 3868 Genitri-

2053 3921 2203 3970 cem,
2245 3903 2348 3958 sed
2404 3903 2643 3970 Christi,
2683 3920 2753 3958 ac
2784 3902 2932 3959 duos
2972 3903 3043 3958 de
3083 3902 3260 3961 unico
3291 3902 3522 3957 Christo
3556 3900 3712 3957 filios

2052 3993 2153 4047 Dei
2188 3992 2466 4064 fingebat,
2500 3992 2764 4063 duasque
2798 3991 2857 4046 in
2907 3991 3136 4047 Christo
3179 4007 3487 4062 personas,
3515 3990 3708 4044 diver-

2053 4097 2178 4135 sam
2214 4080 2384 4134 Verbi
2418 4097 2488 4134 ex
2535 4081 2652 4134 Deo
2710 4080 2881 4134 Patre
2927 4079 3070 4147 nati,
3131 4078 3306 4133 aliam
3339 4078 3602 4135 hominis
3634 4077 3706 4132 de

2054 4168 2234 4222 Maria
2263 4168 2384 4222 nati
2420 4187 2435 4234 ;
2469 4172 2742 4238 respectu
2774 4172 2971 4222 autem
3004 4167 3261 4237 quodam
3306 4168 3540 4221 unitum
3566 4166 3707 4219 huic

2057 4255 2330 4324 Verbum,
2364 4254 2789 4325 hominemque
2812 4255 3236 4309 communitate
3252 4253 3706 4310 vocabulietiam

2054 4344 2268 4399 Filium
2291 4344 2585 4416 usurpari.
2619 4347 2808 4411 Hunc,
2834 4361 2968 4400 cum
2991 4361 3025 4398 a
3053 4344 3306 4399 concilio
3329 4348 3567 4398 vocatus
3586 4359 3708 4397 non

2053 4451 2183 4490 com
2189 4435 2931 4507 paruisset,ecclesiasticis
2947 4435 3216 4491 censuris
3230 4434 3564 4506 proscripse
3573 4437 3712 4488 runt

2053 4530 2118 4579 ut
2138 4525 2239 4596 qui
2262 4524 2542 4580 assentiri
2573 4524 2775 4581 vitldei
2814 4530 3139 4581 recusaret.
3199 4525 3461 4596 Eiusque
3493 4523 3553 4578 in
3608 4522 3700 4577 Io-

297 4620 373 4685 ὠς
440 4619 518 4693 μὴ
576 4615 881 4688 θελήσαντα
926 4621 1041 4678 τοῖς
1100 4615 1283 4690 ὀρθοῖς
1367 4611 1604 4689 δόγμασι
1668 4615 1937 4678 συνθέσθαι

2059 4613 2256 4669 locum
2278 4613 2544 4671 delectus
2587 4619 2679 4669 est
2706 4614 3115 4683 Maximianus,
3167 4615 3388 4685 Magnae
3432 4610 3711 4668 Ecclesiae

294 4702 695 4781 ἀνεθεμάτισενο
748 4706 838 4761 καὶ
922 4703 1314 4782 ἐχειροτονήθη
1393 4702 1728 4775 Μαξιμιανὸς
1815 4723 1944 4777 πρε-

296 4791 556 4872 σϐύτερος
585 4803 684 4866 τῆς
716 4795 882 4865 αὐτῆς
914 4795 1173 4870 Μεγάλης
1212 4789 1526 4871 ἐκκλησίας.
1582 4790 1720 4849 Μίαν
1763 4789 1818 4846 δὲ
1846 4796 1942 4849 τοῦ

294 4887 531 4963 Χριστοῦ
561 4884 816 4940 καὶΘεοῦ
864 4886 1025 4957 ἡμῶν
1082 4877 1201 4938 καθ’
1262 4874 1447 4936 ἕνωσιν
1506 4879 1795 4936 ὑπόστασιν
1851 4882 1941 4937 καὶ

295 4970 391 5027 δύο
424 4970 608 5049 φύσεις
632 4975 813 5050 σαφῶς
845 4967 1187 5044 ἒδογμάτισε,
1215 4968 1306 5023 τὸν
1334 4966 1493 5022 αὐτὸν
1529 4964 1663 5022 εἶναι
1693 4969 1819 5023 Θεὸν
1850 4968 1940 5024 καὶ

294 5059 611 5137 ἅνηρωπον,
649 5061 741 5117 καὶ
779 5060 879 5129 τὴν
929 5059 1080 5133 ἁγίαν
1142 5057 1355 5132 Μαρίαν
1410 5054 1614 5132 κυρίως
1670 5058 1761 5113 καὶ
1799 5056 1939 5127 ἄλης

296 5151 401 5213 θῶς
440 5149 726 5209 Θεοτόκον.
782 5149 1038 5221 Ἰωάννης
1088 5145 1145 5203 δὲ
1176 5146 1204 5202 ὁ
1262 5145 1596 5221 Ἀντιοχείας
1648 5142 1942 5212 ἇπὶσκοπος

2055 4705 2383 4778 presbyter.
2444 4704 2606 4762 Idem
2655 4705 2970 4763 concilium
3028 4705 3435 4777 pronuntiavit
3488 4703 3712 4759 unione

2052 4801 2401 4851 naturarum
2431 4794 2493 4850 in
2515 4794 2748 4851 Christo
2770 4795 3011 4850 unicam
3034 4812 3164 4850 esse
3196 4811 3536 4866 personam,
3561 4793 3710 4847 duas

2051 4891 2328 4952 naturas;
2375 4886 2654 4942 eumdem
2712 4904 2841 4942 esse
2891 4886 3040 4943 595
3092 4887 3278 4942 Deum
3310 4891 3368 4942 et
3406 4884 3710 4939 hominem

2051 4975 2294 5030 Mariam
2371 4975 2609 5046 proprie
2668 4980 2726 5029 et
2770 4991 2907 5030 vere
2965 4990 3097 5030 esse
3179 4973 3280 5030 Dei
3349 4973 3710 5029 Genitricem

2049 5063 2310 5120 Joannes
2332 5069 2530 5118 autem
2561 5063 2889 5118 Antiochiae
2916 5064 3251 5134 episcopus,
3286 5079 3422 5118 cum
3454 5062 3527 5118 ad
3559 5077 3713 5115 con-

2052 5153 2257 5209 cilium
2314 5151 2582 5209 Nestorio
2643 5153 2771 5224 jam
2839 5152 3120 5209 damnato
3177 5152 3450 5220 venisset,
3507 5150 3714 5211 ascitis

1492 5273 1852 5331 XYLANDRI
1890 5272 1976 5331 ET
2015 5272 2229 5332 GOARI
2269 5277 2492 5331 ΝΟΤᾸΒ.

367 5399 477 5477 (38)
509 5400 730 5461 Rhetor
776 5394 1105 5475 Nicephdro
1138 5420 1249 5469 xw,
1441 5394 1577 5453 XvL.
1613 5395 1751 5477 -_E
1782 5393 1945 5477 solio-

298 5469 526 5544 Iari'bzls,
560 5479 834 5544 Augustm
852 5469 1063 5531 domus
1085 5472 1451 5539 custodibus,
1470 5482 1646 5525 unus.
1672 5469 1751 5525 De
1783 5473 1949 5529 scho-

299 5545 370 5603 lis
400 5544 769 5603 Pancirollus
800 5548 872 5603 ad
897 5547 1161 5604 Notitiam
1196 5545 1414 5616 imperii
1435 5559 1485 5596 c.
1518 5558 1669 5616 LXIII.
1704 5544 1877 5616 βολῇ.

367 5619 478 5690 (59)
514 5620 700 5692 Cyzici
728 5619 859 5692 fuit,
900 5620 1234 5690 episcopus,
1266 5612 1341 5671 —et
1376 5612 1653 5692 _Byzan_tii
1706 5613 1922 5692 honori

297 5685 480 5761 (puto)
516 5685 693 5747 causa
713 5685 1045 5747 orationem
1067 5685 1294 5745 sacram
1320 5686 1395 5743 ad
1410 5685 1695 5757 papulum
1718 5685 1946 5743 habuit'

2057 5394 2310 5476 praeside
2343 5396 2630 5476 Nestorio.
2654 5393 2793 5458 Vide
2826 5402 3138 5476 Nicephor.
3170 5398 3333 5458 Idem
3356 5394 3428 5459 de
3457 5393 3709 5458 Eusebio

2062 5471 2633 5545 Dorylaairepiscopo,
2666 5491 2772 5545 YIV,
2806 5478 2896 5545 47,
2931 5471 2987 5529 et
3016 5476 3291 5545 Evagrius
3313 5493 3353 5542 1,
3385 5493 3437 5543 ς).
3472 5476 3602 5530 Χγῐι.

2134 5545 2249 5619 (60)_
2277 5544 2370 5598 Sic
2401 5544 2717 5619 aliquoties
2749 5544 3032 5603 vocantur
3062 5544 3254 5603 edicta
3284 5548 3713 5619 imperatorum

2064 5616 2135 5671 de
2167 5615 2344 5670 rebus
2379 5615 2819 5675 ecclesiasticis.
2880 5621 2943 5674 ln
2974 5615 3392 5676 ecclesiasticis
3450 5619 3712 5674 historiis

2061 5687 2283 5744 divales
2310 5703 2507 5743 sacras
2539 5689 2835 5747 nominari
2868 5709 2966 5748 eas
2997 5692 3316 5749 observavi.
3360 5693 3495 5746 XvL.
