  <div class='ocr_page' id='page_1' title='image "/cluster/home/n/w/nwhite01/storage/ocr_20150623/121/mdp.39015078384289/331.png"; bbox 0 0 4124 6312; ppageno 0'>
   <div class='ocr_carea' id='block_1_1' title="bbox 405 330 522 390">
    <p class='ocr_par' dir='ltr' id='par_1_1' title="bbox 405 330 522 390">
     <span class='ocr_line' id='line_1_1' title="bbox 405 330 522 390; baseline 0 -1"><span class='ocrx_word' id='word_1_1' title='bbox 405 330 522 390; x_wconf 77' lang='grc'>647</span> 
     </span>
    </p>
   </div>
   <div class='ocr_carea' id='block_1_2' title="bbox 1762 327 2474 391">
    <p class='ocr_par' dir='ltr' id='par_1_2' title="bbox 1762 327 2474 391">
     <span class='ocr_line' id='line_1_2' title="bbox 1762 327 2474 391; baseline -0.004 0"><span class='ocrx_word' id='word_1_2' title='bbox 1762 327 2088 391; x_wconf 79' lang='lat' dir='ltr'>GEORGII</span> <span class='ocrx_word' id='word_1_3' title='bbox 2131 327 2474 388; x_wconf 79' lang='lat' dir='ltr'>CEDRENI</span> 
     </span>
    </p>
   </div>
   <div class='ocr_carea' id='block_1_3' title="bbox 3705 326 3833 388">
    <p class='ocr_par' dir='ltr' id='par_1_3' title="bbox 3705 326 3833 388">
     <span class='ocr_line' id='line_1_3' title="bbox 3705 326 3833 388; baseline 0 -1"><span class='ocrx_word' id='word_1_4' title='bbox 3705 326 3833 388; x_wconf 83' lang='lat'>648</span> 
     </span>
    </p>
   </div>
   <div class='ocr_carea' id='block_1_4' title="bbox 399 451 2033 538">
    <p class='ocr_par' dir='ltr' id='par_1_4' title="bbox 399 461 2033 538">
     <span class='ocr_line' id='line_1_4' title="bbox 399 461 2033 538; baseline -0.002 -18"><span class='ocrx_word' id='word_1_5' title='bbox 399 464 694 538; x_wconf 85' lang='lat' dir='ltr'>episcOpis</span> <span class='ocrx_word' id='word_1_6' title='bbox 709 464 810 535; x_wconf 85' lang='lat' dir='ltr'>qui</span> <span class='ocrx_word' id='word_1_7' title='bbox 833 479 1036 520; x_wconf 85' lang='lat' dir='ltr'>secum</span> <span class='ocrx_word' id='word_1_8' title='bbox 1063 467 1366 532; x_wconf 84' lang='lat' dir='ltr'>venerant,</span> <span class='ocrx_word' id='word_1_9' title='bbox 1398 463 1460 518; x_wconf 91' lang='lat' dir='ltr'>in</span> <span class='ocrx_word' id='word_1_10' title='bbox 1492 463 1708 534; x_wconf 89' lang='lat' dir='ltr'>quibus</span> <span class='ocrx_word' id='word_1_11' title='bbox 1739 461 1852 518; x_wconf 89' lang='lat' dir='ltr'>fuit</span> <span class='ocrx_word' id='word_1_12' title='bbox 1872 461 2033 517; x_wconf 68' lang='lat' dir='ltr'>etiam</span> 
     </span>
    </p>
   </div>
   <div class='ocr_carea' id='block_1_5' title="bbox 2144 451 3824 538">
    <p class='ocr_par' dir='ltr' id='par_1_5' title="bbox 2170 451 3824 534">
     <span class='ocr_line' id='line_1_5' title="bbox 2170 451 3824 534; baseline -0.001 -20"><span class='ocrx_word' id='word_1_13' title='bbox 2170 460 2307 533; x_wconf 81' lang='grc' dir='ltr'>μετᾶ</span> <span class='ocrx_word' id='word_1_14' title='bbox 2346 459 2447 530; x_wconf 75' lang='grc' dir='ltr'>τὴν</span> <span class='ocrx_word' id='word_1_15' title='bbox 2495 455 2792 534; x_wconf 85' lang='grc' dir='ltr'>Νεστορίου</span> <span class='ocrx_word' id='word_1_16' title='bbox 2844 455 3154 533; x_wconf 80' lang='grc' dir='ltr'>καθαίρεσιν</span> <span class='ocrx_word' id='word_1_17' title='bbox 3233 451 3670 531; x_wconf 89' lang='grc' dir='ltr'>καταλαμϐάνει,</span> <span class='ocrx_word' id='word_1_18' title='bbox 3728 459 3824 513; x_wconf 85' lang='grc' dir='ltr'>καὶ</span> 
     </span>
    </p>
   </div>
   <div class='ocr_carea' id='block_1_6' title="bbox 397 549 2055 625">
    <p class='ocr_par' dir='ltr' id='par_1_6' title="bbox 397 549 2055 625">
     <span class='ocr_line' id='line_1_6' title="bbox 397 549 2055 625; baseline -0.002 -17"><span class='ocrx_word' id='word_1_19' title='bbox 397 552 784 608; x_wconf 89' lang='lat' dir='ltr'>Theodoritus</span> <span class='ocrx_word' id='word_1_20' title='bbox 813 553 946 625; x_wconf 83' lang='lat' dir='ltr'>Tyri</span> <span class='ocrx_word' id='word_1_21' title='bbox 983 557 1040 608; x_wconf 92' lang='lat' dir='ltr'>et</span> <span class='ocrx_word' id='word_1_22' title='bbox 1069 553 1202 610; x_wconf 91' lang='lat' dir='ltr'>Ibas</span> <span class='ocrx_word' id='word_1_23' title='bbox 1251 552 1488 608; x_wconf 73' lang='lat' dir='ltr'>Edessaa</span> <span class='ocrx_word' id='word_1_24' title='bbox 1520 551 1804 624; x_wconf 85' lang='lat' dir='ltr'>episcopi,</span> <span class='ocrx_word' id='word_1_25' title='bbox 1858 549 2055 621; x_wconf 84' lang='lat' dir='ltr'>Cyril-</span> 
     </span>
    </p>
   </div>
   <div class='ocr_carea' id='block_1_7' title="bbox 395 639 2052 714">
    <p class='ocr_par' dir='ltr' id='par_1_7' title="bbox 395 639 2052 714">
     <span class='ocr_line' id='line_1_7' title="bbox 395 639 2052 714; baseline -0.004 -16"><span class='ocrx_word' id='word_1_26' title='bbox 395 643 524 698; x_wconf 89' lang='lat' dir='ltr'>lum</span> <span class='ocrx_word' id='word_1_27' title='bbox 554 647 613 697; x_wconf 91' lang='lat' dir='ltr'>et</span> <span class='ocrx_word' id='word_1_28' title='bbox 639 643 1014 698; x_wconf 82' lang='lat' dir='ltr'>Memnomen</span> <span class='ocrx_word' id='word_1_29' title='bbox 1044 643 1260 714; x_wconf 89' lang='lat' dir='ltr'>Ephesi</span> <span class='ocrx_word' id='word_1_30' title='bbox 1293 643 1641 713; x_wconf 87' lang='lat' dir='ltr'>episcopum</span> <span class='ocrx_word' id='word_1_31' title='bbox 1672 639 2052 705; x_wconf 86' lang='lat' dir='ltr'>condemnat,</span> 
     </span>
    </p>
   </div>
   <div class='ocr_carea' id='block_1_8' title="bbox 397 729 2055 803">
    <p class='ocr_par' dir='ltr' id='par_1_8' title="bbox 397 729 2055 803">
     <span class='ocr_line' id='line_1_8' title="bbox 397 729 2055 803; baseline -0.002 -17"><span class='ocrx_word' id='word_1_32' title='bbox 397 731 556 803; x_wconf 92' lang='lat' dir='ltr'>quod</span> <span class='ocrx_word' id='word_1_33' title='bbox 578 747 679 786; x_wconf 90' lang='lat' dir='ltr'>eos</span> <span class='ocrx_word' id='word_1_34' title='bbox 708 736 1046 788; x_wconf 91' lang='lat' dir='ltr'>autumaret</span> <span class='ocrx_word' id='word_1_35' title='bbox 1066 737 1274 787; x_wconf 84' lang='lat' dir='ltr'>contra</span> <span class='ocrx_word' id='word_1_36' title='bbox 1302 746 1562 787; x_wconf 86' lang='lat' dir='ltr'>canones</span> <span class='ocrx_word' id='word_1_37' title='bbox 1583 729 1860 786; x_wconf 62' lang='lat' dir='ltr'>Ecclesia;</span> <span class='ocrx_word' id='word_1_38' title='bbox 1882 744 2055 800; x_wconf 83' lang='lat' dir='ltr'>syno-</span> 
     </span>
    </p>
   </div>
   <div class='ocr_carea' id='block_1_9' title="bbox 397 819 2054 892">
    <p class='ocr_par' dir='ltr' id='par_1_9' title="bbox 397 819 2054 892">
     <span class='ocr_line' id='line_1_9' title="bbox 397 819 2054 892; baseline -0.002 -17"><span class='ocrx_word' id='word_1_39' title='bbox 397 819 541 875; x_wconf 89' lang='lat' dir='ltr'><strong>dum</strong></span> <span class='ocrx_word' id='word_1_40' title='bbox 571 820 918 876; x_wconf 80' lang='lat' dir='ltr'>instituisse.</span> <span class='ocrx_word' id='word_1_41' title='bbox 952 819 1207 892; x_wconf 83' lang='lat' dir='ltr'>Cyrillus</span> <span class='ocrx_word' id='word_1_42' title='bbox 1250 836 1386 876; x_wconf 92' lang='lat' dir='ltr'>cum</span> <span class='ocrx_word' id='word_1_43' title='bbox 1419 819 1541 874; x_wconf 89' lang='lat' dir='ltr'>suis</span> <span class='ocrx_word' id='word_1_44' title='bbox 1573 835 1778 873; x_wconf 90' lang='lat' dir='ltr'>eorum</span> <span class='ocrx_word' id='word_1_45' title='bbox 1827 821 1960 873; x_wconf 87' lang='lat' dir='ltr'>acta</span> <span class='ocrx_word' id='word_1_46' title='bbox 1986 820 2054 872; x_wconf 92' lang='lat' dir='ltr'>ut</span> 
     </span>
    </p>
   </div>
   <div class='ocr_carea' id='block_1_10' title="bbox 397 905 2050 982">
    <p class='ocr_par' dir='ltr' id='par_1_10' title="bbox 397 905 2050 982">
     <span class='ocr_line' id='line_1_10' title="bbox 397 905 2050 982; baseline -0.002 -18"><span class='ocrx_word' id='word_1_47' title='bbox 397 909 711 982; x_wconf 88' lang='lat' dir='ltr'>illegitima</span> <span class='ocrx_word' id='word_1_48' title='bbox 743 915 801 965; x_wconf 90' lang='lat' dir='ltr'>et</span> <span class='ocrx_word' id='word_1_49' title='bbox 847 909 1106 966; x_wconf 87' lang='lat' dir='ltr'>absurda</span> <span class='ocrx_word' id='word_1_50' title='bbox 1151 908 1618 982; x_wconf 90' lang='lat' dir='ltr'>reprehendunt.</span> <span class='ocrx_word' id='word_1_51' title='bbox 1651 909 1739 962; x_wconf 88' lang='lat' dir='ltr'>Ita</span> <span class='ocrx_word' id='word_1_52' title='bbox 1793 912 1919 962; x_wconf 90' lang='lat' dir='ltr'>tum</span> <span class='ocrx_word' id='word_1_53' title='bbox 1977 905 2050 962; x_wconf 92' lang='lat' dir='ltr'>ab</span> 
     </span>
    </p>
   </div>
   <div class='ocr_carea' id='block_1_11' title="bbox 395 994 2049 1070">
    <p class='ocr_par' dir='ltr' id='par_1_11' title="bbox 395 994 2049 1070">
     <span class='ocr_line' id='line_1_11' title="bbox 395 994 2049 1070; baseline -0.002 -18"><span class='ocrx_word' id='word_1_54' title='bbox 395 999 712 1070; x_wconf 89' lang='lat' dir='ltr'>Ephesimo</span> <span class='ocrx_word' id='word_1_55' title='bbox 731 998 984 1054; x_wconf 91' lang='lat' dir='ltr'>concilio</span> <span class='ocrx_word' id='word_1_56' title='bbox 1001 997 1410 1070; x_wconf 85' lang='lat' dir='ltr'>discrepantes</span> <span class='ocrx_word' id='word_1_57' title='bbox 1432 997 1711 1052; x_wconf 90' lang='lat' dir='ltr'>abierunt</span> <span class='ocrx_word' id='word_1_58' title='bbox 1721 994 2049 1051; x_wconf 84' lang='lat' dir='ltr'>Orientales</span> 
     </span>
    </p>
   </div>
   <div class='ocr_carea' id='block_1_12' title="bbox 397 1084 2045 1160">
    <p class='ocr_par' dir='ltr' id='par_1_12' title="bbox 397 1084 2045 1160">
     <span class='ocr_line' id='line_1_12' title="bbox 397 1084 2045 1160; baseline -0.003 -18"><span class='ocrx_word' id='word_1_59' title='bbox 397 1092 456 1142; x_wconf 91' lang='lat' dir='ltr'>et</span> <span class='ocrx_word' id='word_1_60' title='bbox 484 1088 754 1160; x_wconf 68' lang='lat' dir='ltr'>Egyptii.</span> <span class='ocrx_word' id='word_1_61' title='bbox 789 1087 902 1142; x_wconf 91' lang='lat' dir='ltr'>Sed</span> <span class='ocrx_word' id='word_1_62' title='bbox 961 1087 1272 1158; x_wconf 91' lang='lat' dir='ltr'>postmodo</span> <span class='ocrx_word' id='word_1_63' title='bbox 1313 1102 1413 1142; x_wconf 89' lang='lat' dir='ltr'>eos</span> <span class='ocrx_word' id='word_1_64' title='bbox 1460 1086 1784 1157; x_wconf 79' lang='lat' dir='ltr'>imperator</span> <span class='ocrx_word' id='word_1_65' title='bbox 1812 1084 1875 1138; x_wconf 94' lang='lat' dir='ltr'>in</span> <span class='ocrx_word' id='word_1_66' title='bbox 1905 1100 2045 1138; x_wconf 90' lang='lat' dir='ltr'>con-</span> 
     </span>
    </p>
   </div>
   <div class='ocr_carea' id='block_1_13' title="bbox 396 1176 2046 1250">
    <p class='ocr_par' dir='ltr' id='par_1_13' title="bbox 396 1176 2046 1250">
     <span class='ocr_line' id='line_1_13' title="bbox 396 1176 2046 1250; baseline 0 -20"><span class='ocrx_word' id='word_1_67' title='bbox 396 1177 662 1233; x_wconf 89' lang='lat' dir='ltr'>cordiam</span> <span class='ocrx_word' id='word_1_68' title='bbox 691 1177 938 1250; x_wconf 81' lang='lat' dir='ltr'>redegit,</span> <span class='ocrx_word' id='word_1_69' title='bbox 972 1178 1283 1248; x_wconf 84' lang='lat' dir='ltr'>effectique</span> <span class='ocrx_word' id='word_1_70' title='bbox 1314 1182 1378 1232; x_wconf 91' lang='lat' dir='ltr'>ut</span> <span class='ocrx_word' id='word_1_71' title='bbox 1433 1176 1763 1232; x_wconf 85' lang='lat' dir='ltr'>Orientales</span> <span class='ocrx_word' id='word_1_72' title='bbox 1811 1192 2046 1247; x_wconf 88' lang='lat' dir='ltr'>quoque</span> 
     </span>
    </p>
   </div>
   <div class='ocr_carea' id='block_1_14' title="bbox 394 1265 2047 1338">
    <p class='ocr_par' dir='ltr' id='par_1_14' title="bbox 394 1265 2047 1338">
     <span class='ocr_line' id='line_1_14' title="bbox 394 1265 2047 1338; baseline -0.001 -17"><span class='ocrx_word' id='word_1_73' title='bbox 394 1266 614 1338; x_wconf 88' lang='lat' dir='ltr'>Ephesi</span> <span class='ocrx_word' id='word_1_74' title='bbox 635 1265 805 1322; x_wconf 70' lang='lat' dir='ltr'>factaa</span> <span class='ocrx_word' id='word_1_75' title='bbox 830 1284 984 1322; x_wconf 69' lang='lat' dir='ltr'>verm</span> <span class='ocrx_word' id='word_1_76' title='bbox 1017 1267 1154 1322; x_wconf 85' lang='lat' dir='ltr'>fidei</span> <span class='ocrx_word' id='word_1_77' title='bbox 1179 1265 1534 1338; x_wconf 87' lang='lat' dir='ltr'>expositioni</span> <span class='ocrx_word' id='word_1_78' title='bbox 1553 1265 1961 1321; x_wconf 87' lang='lat' dir='ltr'>consentirent</span> <span class='ocrx_word' id='word_1_79' title='bbox 1979 1281 2047 1320; x_wconf 89' lang='lat' dir='ltr'>ac</span> 
     </span>
    </p>
   </div>
   <div class='ocr_carea' id='block_1_15' title="bbox 391 1354 2043 1426">
    <p class='ocr_par' dir='ltr' id='par_1_15' title="bbox 391 1354 2043 1426">
     <span class='ocr_line' id='line_1_15' title="bbox 391 1354 2043 1426; baseline -0.001 -17"><span class='ocrx_word' id='word_1_80' title='bbox 391 1354 763 1411; x_wconf 81' lang='lat' dir='ltr'>damnationi</span> <span class='ocrx_word' id='word_1_81' title='bbox 813 1355 1087 1422; x_wconf 88' lang='lat' dir='ltr'>Nestorii,</span> <span class='ocrx_word' id='word_1_82' title='bbox 1117 1354 1429 1426; x_wconf 86' lang='lat' dir='ltr'>epistolam</span> <span class='ocrx_word' id='word_1_83' title='bbox 1463 1370 1533 1410; x_wconf 88' lang='lat' dir='ltr'>ea</span> <span class='ocrx_word' id='word_1_84' title='bbox 1563 1354 1634 1409; x_wconf 94' lang='lat' dir='ltr'>de</span> <span class='ocrx_word' id='word_1_85' title='bbox 1665 1370 1729 1409; x_wconf 91' lang='lat' dir='ltr'>re</span> <span class='ocrx_word' id='word_1_86' title='bbox 1762 1354 2043 1425; x_wconf 87' lang='lat' dir='ltr'>scriptam</span> 
     </span>
    </p>
   </div>
   <div class='ocr_carea' id='block_1_16' title="bbox 390 1443 2042 1517">
    <p class='ocr_par' dir='ltr' id='par_1_16' title="bbox 390 1443 2042 1517">
     <span class='ocr_line' id='line_1_16' title="bbox 390 1443 2042 1517; baseline -0.001 -17"><span class='ocrx_word' id='word_1_87' title='bbox 390 1443 466 1500; x_wconf 92' lang='lat' dir='ltr'>ad</span> <span class='ocrx_word' id='word_1_88' title='bbox 495 1444 929 1500; x_wconf 81' lang='lat' dir='ltr'>Alexandrinos</span> <span class='ocrx_word' id='word_1_89' title='bbox 959 1461 1066 1517; x_wconf 91' lang='lat' dir='ltr'>per</span> <span class='ocrx_word' id='word_1_90' title='bbox 1117 1444 1362 1500; x_wconf 88' lang='lat' dir='ltr'>Paulum</span> <span class='ocrx_word' id='word_1_91' title='bbox 1411 1445 1638 1500; x_wconf 76' lang='lat' dir='ltr'>Emesaa</span> <span class='ocrx_word' id='word_1_92' title='bbox 1695 1443 2042 1515; x_wconf 90' lang='lat' dir='ltr'>episcopum</span> 
     </span>
    </p>
   </div>
   <div class='ocr_carea' id='block_1_17' title="bbox 389 1533 2040 1605">
    <p class='ocr_par' dir='ltr' id='par_1_17' title="bbox 389 1533 2040 1605">
     <span class='ocr_line' id='line_1_17' title="bbox 389 1533 2040 1605; baseline -0.001 -17"><span class='ocrx_word' id='word_1_93' title='bbox 389 1533 713 1590; x_wconf 85' lang='lat' dir='ltr'>mittentes.</span> <span class='ocrx_word' id='word_1_94' title='bbox 763 1533 1065 1589; x_wconf 88' lang='lat' dir='ltr'>Nestorius</span> <span class='ocrx_word' id='word_1_95' title='bbox 1091 1538 1289 1589; x_wconf 88' lang='lat' dir='ltr'>autem</span> <span class='ocrx_word' id='word_1_96' title='bbox 1321 1533 1519 1589; x_wconf 89' lang='lat' dir='ltr'>Oasim</span> <span class='ocrx_word' id='word_1_97' title='bbox 1577 1537 1668 1588; x_wconf 90' lang='lat' dir='ltr'>est</span> <span class='ocrx_word' id='word_1_98' title='bbox 1723 1533 2040 1605; x_wconf 82' lang='lat' dir='ltr'>relegatus,</span> 
     </span>
    </p>
   </div>
   <div class='ocr_carea' id='block_1_18' title="bbox 389 1622 2043 1693">
    <p class='ocr_par' dir='ltr' id='par_1_18' title="bbox 389 1622 2043 1693">
     <span class='ocr_line' id='line_1_18' title="bbox 389 1622 2043 1693; baseline -0.001 -16"><span class='ocrx_word' id='word_1_99' title='bbox 389 1627 493 1678; x_wconf 90' lang='lat' dir='ltr'>aut</span> <span class='ocrx_word' id='word_1_100' title='bbox 529 1628 594 1679; x_wconf 91' lang='lat' dir='ltr'>ut</span> <span class='ocrx_word' id='word_1_101' title='bbox 623 1623 723 1680; x_wconf 90' lang='lat' dir='ltr'>alii</span> <span class='ocrx_word' id='word_1_102' title='bbox 757 1623 1016 1693; x_wconf 90' lang='lat' dir='ltr'>tradunt,</span> <span class='ocrx_word' id='word_1_103' title='bbox 1049 1624 1112 1678; x_wconf 90' lang='lat' dir='ltr'>in</span> <span class='ocrx_word' id='word_1_104' title='bbox 1143 1623 1451 1680; x_wconf 90' lang='lat' dir='ltr'>Thassum.</span> <span class='ocrx_word' id='word_1_105' title='bbox 1510 1623 1600 1678; x_wconf 91' lang='lat' dir='ltr'>Ibi</span> <span class='ocrx_word' id='word_1_106' title='bbox 1659 1639 1794 1677; x_wconf 90' lang='lat' dir='ltr'>eum</span> <span class='ocrx_word' id='word_1_107' title='bbox 1843 1622 2043 1677; x_wconf 88' lang='lat' dir='ltr'>divina</span> 
     </span>
    </p>
   </div>
   <div class='ocr_carea' id='block_1_19' title="bbox 385 1709 2039 1782">
    <p class='ocr_par' dir='ltr' id='par_1_19' title="bbox 385 1709 2039 1782">
     <span class='ocr_line' id='line_1_19' title="bbox 385 1709 2039 1782; baseline 0 -18"><span class='ocrx_word' id='word_1_108' title='bbox 385 1710 646 1766; x_wconf 82' lang='lat' dir='ltr'>vindicta</span> <span class='ocrx_word' id='word_1_109' title='bbox 691 1711 980 1782; x_wconf 85' lang='lat' dir='ltr'>arripuit:</span> <span class='ocrx_word' id='word_1_110' title='bbox 1041 1727 1182 1766; x_wconf 89' lang='lat' dir='ltr'>nam</span> <span class='ocrx_word' id='word_1_111' title='bbox 1239 1710 1590 1782; x_wconf 88' lang='lat' dir='ltr'>putrefactio</span> <span class='ocrx_word' id='word_1_112' title='bbox 1649 1709 1854 1765; x_wconf 87' lang='lat' dir='ltr'>omnia</span> <span class='ocrx_word' id='word_1_113' title='bbox 1911 1710 2039 1782; x_wconf 89' lang='lat' dir='ltr'>ejus</span> 
     </span>
    </p>
   </div>
   <div class='ocr_carea' id='block_1_20' title="bbox 386 1799 2033 1872">
    <p class='ocr_par' dir='ltr' id='par_1_20' title="bbox 386 1799 2033 1872">
     <span class='ocr_line' id='line_1_20' title="bbox 386 1799 2033 1872; baseline 0 -18"><span class='ocrx_word' id='word_1_114' title='bbox 386 1799 658 1856; x_wconf 91' lang='lat' dir='ltr'>membra</span> <span class='ocrx_word' id='word_1_115' title='bbox 679 1801 910 1870; x_wconf 84' lang='lat' dir='ltr'>invasit,</span> <span class='ocrx_word' id='word_1_116' title='bbox 945 1800 1204 1856; x_wconf 84' lang='lat' dir='ltr'>maxime</span> <span class='ocrx_word' id='word_1_117' title='bbox 1229 1799 1493 1872; x_wconf 87' lang='lat' dir='ltr'>linguam</span> <span class='ocrx_word' id='word_1_118' title='bbox 1527 1800 1656 1872; x_wconf 88' lang='lat' dir='ltr'>ejus</span> <span class='ocrx_word' id='word_1_119' title='bbox 1686 1799 2033 1866; x_wconf 90' lang='lat' dir='ltr'>scelestam;</span> 
     </span>
    </p>
   </div>
   <div class='ocr_carea' id='block_1_21' title="bbox 383 1889 2031 1963">
    <p class='ocr_par' dir='ltr' id='par_1_21' title="bbox 383 1889 2031 1963">
     <span class='ocr_line' id='line_1_21' title="bbox 383 1889 2031 1963; baseline 0 -19"><span class='ocrx_word' id='word_1_120' title='bbox 383 1907 501 1961; x_wconf 89' lang='lat' dir='ltr'>qua</span> <span class='ocrx_word' id='word_1_121' title='bbox 530 1891 650 1946; x_wconf 83' lang='lat' dir='ltr'>Arii</span> <span class='ocrx_word' id='word_1_122' title='bbox 683 1890 948 1963; x_wconf 80' lang='lat' dir='ltr'>exemplo</span> <span class='ocrx_word' id='word_1_123' title='bbox 982 1891 1245 1962; x_wconf 88' lang='lat' dir='ltr'>punitus,</span> <span class='ocrx_word' id='word_1_124' title='bbox 1279 1895 1567 1962; x_wconf 91' lang='lat' dir='ltr'>quantum</span> <span class='ocrx_word' id='word_1_125' title='bbox 1599 1890 1790 1962; x_wconf 89' lang='lat' dir='ltr'>potuit</span> <span class='ocrx_word' id='word_1_126' title='bbox 1813 1889 2031 1945; x_wconf 88' lang='lat' dir='ltr'>clama-</span> 
     </span>
    </p>
   </div>
   <div class='ocr_carea' id='block_1_22' title="bbox 2162 543 3822 624">
    <p class='ocr_par' dir='ltr' id='par_1_22' title="bbox 2162 543 3822 624">
     <span class='ocr_line' id='line_1_22' title="bbox 2162 543 3822 624; baseline 0 -22"><span class='ocrx_word' id='word_1_127' title='bbox 2162 546 2430 620; x_wconf 82' lang='grc' dir='ltr'>λυπηθεὶς</span> <span class='ocrx_word' id='word_1_128' title='bbox 2487 546 2573 603; x_wconf 77' lang='grc' dir='ltr'>ὅτι</span> <span class='ocrx_word' id='word_1_129' title='bbox 2653 547 2831 624; x_wconf 77' lang='grc' dir='ltr'>χωρὶς</span> <span class='ocrx_word' id='word_1_130' title='bbox 2912 546 3078 602; x_wconf 81' lang='grc' dir='ltr'>αὐτοῦ</span> <span class='ocrx_word' id='word_1_131' title='bbox 3167 543 3442 622; x_wconf 63' lang='grc' dir='ltr'>καθῃρέθη</span> <span class='ocrx_word' id='word_1_132' title='bbox 3493 547 3822 622; x_wconf 85' lang='grc' dir='ltr'>Νεστόριος,</span> 
     </span>
    </p>
   </div>
   <div class='ocr_carea' id='block_1_23' title="bbox 2160 633 3822 712">
    <p class='ocr_par' dir='ltr' id='par_1_23' title="bbox 2160 633 3822 712">
     <span class='ocr_line' id='line_1_23' title="bbox 2160 633 3822 712; baseline 0 -20"><span class='ocrx_word' id='word_1_133' title='bbox 2160 633 2494 712; x_wconf 84' lang='grc' dir='ltr'>παραλαϐὼν</span> <span class='ocrx_word' id='word_1_134' title='bbox 2547 636 2675 700; x_wconf 78' lang='grc' dir='ltr'>τοῦς</span> <span class='ocrx_word' id='word_1_135' title='bbox 2740 636 3095 698; x_wconf 75' lang='grc' dir='ltr'>συνελθόντας</span> <span class='ocrx_word' id='word_1_136' title='bbox 3161 637 3308 709; x_wconf 77' lang='grc' dir='ltr'>αὐτῷ</span> <span class='ocrx_word' id='word_1_137' title='bbox 3359 635 3712 704; x_wconf 76' lang='grc' dir='ltr'>ἐπισκόπους,</span> <span class='ocrx_word' id='word_1_138' title='bbox 3765 636 3822 692; x_wconf 79' lang='grc' dir='ltr'>ἐν</span> 
     </span>
    </p>
   </div>
   <div class='ocr_carea' id='block_1_24' title="bbox 2161 721 3823 802">
    <p class='ocr_par' dir='ltr' id='par_1_24' title="bbox 2161 721 3823 802">
     <span class='ocr_line' id='line_1_24' title="bbox 2161 721 3823 802; baseline 0 -22"><span class='ocrx_word' id='word_1_139' title='bbox 2161 729 2246 789; x_wconf 86' lang='grc' dir='ltr'>οἷς</span> <span class='ocrx_word' id='word_1_140' title='bbox 2273 727 2341 796; x_wconf 77' lang='grc' dir='ltr'>ἦν</span> <span class='ocrx_word' id='word_1_141' title='bbox 2371 727 2463 782; x_wconf 79' lang='grc' dir='ltr'>καὶ</span> <span class='ocrx_word' id='word_1_142' title='bbox 2521 723 2878 802; x_wconf 84' lang='grc' dir='ltr'>Θεοδώρητος</span> <span class='ocrx_word' id='word_1_143' title='bbox 2937 725 3122 802; x_wconf 83' lang='grc' dir='ltr'>Τύρου</span> <span class='ocrx_word' id='word_1_144' title='bbox 3173 723 3472 788; x_wconf 86' lang='grc' dir='ltr'>ἐπισκοπος</span> <span class='ocrx_word' id='word_1_145' title='bbox 3512 725 3603 780; x_wconf 77' lang='grc' dir='ltr'>καὶ</span> <span class='ocrx_word' id='word_1_146' title='bbox 3666 721 3823 788; x_wconf 83' lang='grc' dir='ltr'>Ἷϐας</span> 
     </span>
    </p>
   </div>
   <div class='ocr_carea' id='block_1_25' title="bbox 2160 815 3819 896">
    <p class='ocr_par' dir='ltr' id='par_1_25' title="bbox 2160 815 3819 896">
     <span class='ocr_line' id='line_1_25' title="bbox 2160 815 3819 896; baseline -0.002 -21"><span class='ocrx_word' id='word_1_147' title='bbox 2160 815 2436 890; x_wconf 75' lang='grc' dir='ltr'>Ἐδέσσης,</span> <span class='ocrx_word' id='word_1_148' title='bbox 2467 817 2775 896; x_wconf 78' lang='grc' dir='ltr'>καθαίρεσιν</span> <span class='ocrx_word' id='word_1_149' title='bbox 2834 817 3154 894; x_wconf 70' lang='grc' dir='ltr'>ὑπαγορεύει</span> <span class='ocrx_word' id='word_1_150' title='bbox 3207 821 3303 874; x_wconf 88' lang='grc' dir='ltr'>τοῦ</span> <span class='ocrx_word' id='word_1_151' title='bbox 3361 817 3414 872; x_wconf 83' lang='grc' dir='ltr'>ἐν</span> <span class='ocrx_word' id='word_1_152' title='bbox 3471 817 3645 894; x_wconf 78' lang='grc' dir='ltr'>ἅγίοις</span> <span class='ocrx_word' id='word_1_153' title='bbox 3704 823 3819 874; x_wconf 77' lang='lat' dir='ltr'><strong>Ku-</strong></span> 
     </span>
    </p>
   </div>
   <div class='ocr_carea' id='block_1_26' title="bbox 2158 903 3821 982">
    <p class='ocr_par' dir='ltr' id='par_1_26' title="bbox 2158 903 3821 982">
     <span class='ocr_line' id='line_1_26' title="bbox 2158 903 3821 982; baseline 0 -21"><span class='ocrx_word' id='word_1_154' title='bbox 2158 904 2360 982; x_wconf 78' lang='grc' dir='ltr'>ρίλλου</span> <span class='ocrx_word' id='word_1_155' title='bbox 2444 908 2534 962; x_wconf 85' lang='grc' dir='ltr'>καὶ</span> <span class='ocrx_word' id='word_1_156' title='bbox 2623 906 2836 980; x_wconf 81' lang='grc' dir='ltr'>Μέμνος</span> <span class='ocrx_word' id='word_1_157' title='bbox 2903 911 3000 962; x_wconf 87' lang='grc' dir='ltr'>τοῦ</span> <span class='ocrx_word' id='word_1_158' title='bbox 3053 907 3315 982; x_wconf 86' lang='grc' dir='ltr'>Ἐφεσίων</span> <span class='ocrx_word' id='word_1_159' title='bbox 3378 903 3680 963; x_wconf 80' lang='grc' dir='ltr'>ἐπισκόπου</span> <span class='ocrx_word' id='word_1_160' title='bbox 3739 907 3821 968; x_wconf 82' lang='grc' dir='ltr'>ὡς</span> 
     </span>
    </p>
   </div>
   <div class='ocr_carea' id='block_1_27' title="bbox 2154 994 3817 1070">
    <p class='ocr_par' dir='ltr' id='par_1_27' title="bbox 2154 994 3817 1070">
     <span class='ocr_line' id='line_1_27' title="bbox 2154 994 3817 1070; baseline 0 -20"><span class='ocrx_word' id='word_1_161' title='bbox 2154 995 2302 1070; x_wconf 84' lang='grc' dir='ltr'>παρᾶ</span> <span class='ocrx_word' id='word_1_162' title='bbox 2330 994 2423 1049; x_wconf 83' lang='grc' dir='ltr'>τὸν</span> <span class='ocrx_word' id='word_1_163' title='bbox 2453 996 2648 1051; x_wconf 81' lang='grc' dir='ltr'>κανόνα</span> <span class='ocrx_word' id='word_1_164' title='bbox 2676 997 2776 1065; x_wconf 76' lang='grc' dir='ltr'>τῆς</span> <span class='ocrx_word' id='word_1_165' title='bbox 2807 995 3133 1067; x_wconf 79' lang='grc' dir='ltr'>Ἐκκλησίας</span> <span class='ocrx_word' id='word_1_166' title='bbox 3164 995 3511 1066; x_wconf 79' lang='grc' dir='ltr'>ποιησάντων</span> <span class='ocrx_word' id='word_1_167' title='bbox 3552 996 3651 1064; x_wconf 80' lang='grc' dir='ltr'>τήν</span> <span class='ocrx_word' id='word_1_168' title='bbox 3686 1016 3817 1050; x_wconf 90' lang='grc' dir='ltr'>συν-</span> 
     </span>
    </p>
   </div>
   <div class='ocr_carea' id='block_1_28' title="bbox 2156 1079 3813 1164">
    <p class='ocr_par' dir='ltr' id='par_1_28' title="bbox 2156 1079 3813 1164">
     <span class='ocr_line' id='line_1_28' title="bbox 2156 1079 3813 1164; baseline 0.001 -26"><span class='ocrx_word' id='word_1_169' title='bbox 2156 1079 2300 1140; x_wconf 71' lang='grc' dir='ltr'>οδον.</span> <span class='ocrx_word' id='word_1_170' title='bbox 2331 1085 2399 1142; x_wconf 74' lang='grc' dir='ltr'><strong>Οἱ</strong></span> <span class='ocrx_word' id='word_1_171' title='bbox 2430 1082 2487 1140; x_wconf 76' lang='grc' dir='ltr'>δὲ</span> <span class='ocrx_word' id='word_1_172' title='bbox 2516 1084 2639 1160; x_wconf 87' lang='grc' dir='ltr'>περί</span> <span class='ocrx_word' id='word_1_173' title='bbox 2690 1083 2967 1162; x_wconf 86' lang='grc' dir='ltr'>Κύριλλον</span> <span class='ocrx_word' id='word_1_174' title='bbox 3031 1083 3338 1164; x_wconf 78' lang='grc' dir='ltr'>μὲμφοντάι</span> <span class='ocrx_word' id='word_1_175' title='bbox 3369 1086 3444 1148; x_wconf 85' lang='grc' dir='ltr'>ὡς</span> <span class='ocrx_word' id='word_1_176' title='bbox 3480 1082 3689 1160; x_wconf 80' lang='grc' dir='ltr'>ἄθεσμα</span> <span class='ocrx_word' id='word_1_177' title='bbox 3715 1086 3813 1140; x_wconf 80' lang='grc' dir='ltr'>καὶ</span> 
     </span>
    </p>
   </div>
   <div class='ocr_carea' id='block_1_29' title="bbox 2153 1168 3817 1247">
    <p class='ocr_par' dir='ltr' id='par_1_29' title="bbox 2153 1168 3817 1247">
     <span class='ocr_line' id='line_1_29' title="bbox 2153 1168 3817 1247; baseline 0.001 -21"><span class='ocrx_word' id='word_1_178' title='bbox 2153 1168 2328 1226; x_wconf 74' lang='grc' dir='ltr'>ἄτοπα</span> <span class='ocrx_word' id='word_1_179' title='bbox 2357 1173 2426 1228; x_wconf 76' lang='grc' dir='ltr'>τά</span> <span class='ocrx_word' id='word_1_180' title='bbox 2454 1175 2580 1247; x_wconf 88' lang='grc' dir='ltr'>παρ’</span> <span class='ocrx_word' id='word_1_181' title='bbox 2609 1171 2786 1228; x_wconf 81' lang='grc' dir='ltr'>αὐτῶν</span> <span class='ocrx_word' id='word_1_182' title='bbox 2837 1173 3124 1247; x_wconf 87' lang='grc' dir='ltr'>γενόμενα·</span> <span class='ocrx_word' id='word_1_183' title='bbox 3159 1173 3247 1228; x_wconf 78' lang='grc' dir='ltr'>καὶ</span> <span class='ocrx_word' id='word_1_184' title='bbox 3311 1173 3487 1236; x_wconf 72' lang='grc' dir='ltr'>οὕτως</span> <span class='ocrx_word' id='word_1_185' title='bbox 3546 1174 3650 1228; x_wconf 76' lang='grc' dir='ltr'>ἀπὸ</span> <span class='ocrx_word' id='word_1_186' title='bbox 3706 1180 3817 1243; x_wconf 73' lang='grc' dir='ltr'>τῆς</span> 
     </span>
    </p>
   </div>
   <div class='ocr_carea' id='block_1_30' title="bbox 2153 1259 3812 1341">
    <p class='ocr_par' dir='ltr' id='par_1_30' title="bbox 2153 1259 3812 1341">
     <span class='ocr_line' id='line_1_30' title="bbox 2153 1259 3812 1341; baseline -0.001 -23"><span class='ocrx_word' id='word_1_187' title='bbox 2153 1261 2416 1339; x_wconf 81' lang='grc' dir='ltr'>Ἐφεσίων</span> <span class='ocrx_word' id='word_1_188' title='bbox 2469 1260 2852 1341; x_wconf 71' lang='grc' dir='ltr'>διαφερόμενοι</span> <span class='ocrx_word' id='word_1_189' title='bbox 2911 1261 3195 1333; x_wconf 78' lang='grc' dir='ltr'>ἀλλήλοις</span> <span class='ocrx_word' id='word_1_190' title='bbox 3262 1259 3546 1334; x_wconf 74' lang='grc' dir='ltr'>διέστησαν</span> <span class='ocrx_word' id='word_1_191' title='bbox 3579 1263 3634 1318; x_wconf 84' lang='grc' dir='ltr'>οἳ</span> <span class='ocrx_word' id='word_1_192' title='bbox 3661 1285 3719 1318; x_wconf 91' lang='grc' dir='ltr'>τε</span> <span class='ocrx_word' id='word_1_193' title='bbox 3749 1264 3812 1317; x_wconf 73' lang='grc' dir='ltr'>ἆ·</span> 
     </span>
    </p>
   </div>
   <div class='ocr_carea' id='block_1_31' title="bbox 2151 1349 3811 1428">
    <p class='ocr_par' dir='ltr' id='par_1_31' title="bbox 2151 1349 3811 1428">
     <span class='ocr_line' id='line_1_31' title="bbox 2151 1349 3811 1428; baseline 0.001 -23"><span class='ocrx_word' id='word_1_194' title='bbox 2151 1349 2404 1406; x_wconf 81' lang='grc' dir='ltr'>ατολικοί</span> <span class='ocrx_word' id='word_1_195' title='bbox 2429 1353 2518 1406; x_wconf 77' lang='grc' dir='ltr'>καὶ</span> <span class='ocrx_word' id='word_1_196' title='bbox 2553 1352 2604 1406; x_wconf 77' lang='grc' dir='ltr'>οἱ</span> <span class='ocrx_word' id='word_1_197' title='bbox 2635 1352 2952 1428; x_wconf 85' lang='grc' dir='ltr'>Αἰγύπτιοι.</span> <span class='ocrx_word' id='word_1_198' title='bbox 2987 1353 3133 1409; x_wconf 85' lang='grc' dir='ltr'>Μετὰ</span> <span class='ocrx_word' id='word_1_199' title='bbox 3167 1349 3224 1408; x_wconf 76' lang='grc' dir='ltr'>δὲ</span> <span class='ocrx_word' id='word_1_200' title='bbox 3251 1355 3420 1408; x_wconf 84' lang='grc' dir='ltr'>ταῦτα</span> <span class='ocrx_word' id='word_1_201' title='bbox 3470 1349 3678 1426; x_wconf 79' lang='grc' dir='ltr'>σπουδῇ</span> <span class='ocrx_word' id='word_1_202' title='bbox 3711 1356 3811 1407; x_wconf 81' lang='grc' dir='ltr'>τοῦ</span> 
     </span>
    </p>
   </div>
   <div class='ocr_carea' id='block_1_32' title="bbox 2153 1437 3811 1517">
    <p class='ocr_par' dir='ltr' id='par_1_32' title="bbox 2153 1437 3811 1517">
     <span class='ocr_line' id='line_1_32' title="bbox 2153 1437 3811 1517; baseline 0.001 -23"><span class='ocrx_word' id='word_1_203' title='bbox 2153 1437 2424 1516; x_wconf 70' lang='grc' dir='ltr'>βασιλέως</span> <span class='ocrx_word' id='word_1_204' title='bbox 2477 1441 2782 1511; x_wconf 79' lang='grc' dir='ltr'>ἡνώθησαν,</span> <span class='ocrx_word' id='word_1_205' title='bbox 2840 1442 3296 1517; x_wconf 81' lang='grc' dir='ltr'>συμφωνήσαντες</span> <span class='ocrx_word' id='word_1_206' title='bbox 3351 1442 3442 1496; x_wconf 77' lang='grc' dir='ltr'>καὶ</span> <span class='ocrx_word' id='word_1_207' title='bbox 3514 1441 3566 1496; x_wconf 77' lang='grc' dir='ltr'>οἱ</span> <span class='ocrx_word' id='word_1_208' title='bbox 3621 1441 3811 1496; x_wconf 79' lang='grc' dir='ltr'>ἀνατοο</span> 
     </span>
    </p>
   </div>
   <div class='ocr_carea' id='block_1_33' title="bbox 2150 1529 3806 1608">
    <p class='ocr_par' dir='ltr' id='par_1_33' title="bbox 2150 1529 3806 1608">
     <span class='ocr_line' id='line_1_33' title="bbox 2150 1529 3806 1608; baseline 0 -22"><span class='ocrx_word' id='word_1_209' title='bbox 2150 1529 2300 1586; x_wconf 78' lang='grc' dir='ltr'>λικοὶ</span> <span class='ocrx_word' id='word_1_210' title='bbox 2332 1535 2400 1606; x_wconf 78' lang='grc' dir='ltr'>τῇ</span> <span class='ocrx_word' id='word_1_211' title='bbox 2457 1531 2728 1606; x_wconf 76' lang='grc' dir='ltr'>ἓκτεθείσῃ</span> <span class='ocrx_word' id='word_1_212' title='bbox 2779 1530 2832 1586; x_wconf 90' lang='grc' dir='ltr'>ἐν</span> <span class='ocrx_word' id='word_1_213' title='bbox 2882 1531 3088 1608; x_wconf 83' lang='grc' dir='ltr'>Ἐφέσῳ</span> <span class='ocrx_word' id='word_1_214' title='bbox 3146 1529 3422 1608; x_wconf 76' lang='grc' dir='ltr'>ὀρθοδοξῳ</span> <span class='ocrx_word' id='word_1_215' title='bbox 3479 1531 3654 1588; x_wconf 83' lang='grc' dir='ltr'>πίστει</span> <span class='ocrx_word' id='word_1_216' title='bbox 3712 1533 3806 1586; x_wconf 81' lang='grc' dir='ltr'>καὶ</span> 
     </span>
    </p>
   </div>
   <div class='ocr_carea' id='block_1_34' title="bbox 2146 1618 3809 1700">
    <p class='ocr_par' dir='ltr' id='par_1_34' title="bbox 2146 1618 3809 1700">
     <span class='ocr_line' id='line_1_34' title="bbox 2146 1618 3809 1700; baseline -0.002 -24"><span class='ocrx_word' id='word_1_217' title='bbox 2146 1624 2215 1694; x_wconf 80' lang='grc' dir='ltr'>τῇ</span> <span class='ocrx_word' id='word_1_218' title='bbox 2253 1623 2390 1675; x_wconf 80' lang='grc' dir='ltr'>κατὰ</span> <span class='ocrx_word' id='word_1_219' title='bbox 2433 1621 2730 1696; x_wconf 72' lang='grc' dir='ltr'>Νεπορίου</span> <span class='ocrx_word' id='word_1_220' title='bbox 2786 1618 3118 1698; x_wconf 73' lang='grc' dir='ltr'>καθαιρέσει,</span> <span class='ocrx_word' id='word_1_221' title='bbox 3173 1619 3438 1700; x_wconf 80' lang='grc' dir='ltr'>ἔγγραφον</span> <span class='ocrx_word' id='word_1_222' title='bbox 3502 1618 3809 1691; x_wconf 75' lang='grc' dir='ltr'>ἐπιστολὴν</span> 
     </span>
    </p>
   </div>
   <div class='ocr_carea' id='block_1_35' title="bbox 2143 1706 3800 1786">
    <p class='ocr_par' dir='ltr' id='par_1_35' title="bbox 2143 1706 3800 1786">
     <span class='ocr_line' id='line_1_35' title="bbox 2143 1706 3800 1786; baseline 0 -21"><span class='ocrx_word' id='word_1_223' title='bbox 2143 1715 2263 1774; x_wconf 87' lang='grc' dir='ltr'>τοῖς</span> <span class='ocrx_word' id='word_1_224' title='bbox 2345 1706 2750 1786; x_wconf 70' lang='grc' dir='ltr'>Ἀλεξανδρεῦσι</span> <span class='ocrx_word' id='word_1_225' title='bbox 2838 1708 2928 1766; x_wconf 70' lang='grc' dir='ltr'>διὰ</span> <span class='ocrx_word' id='word_1_226' title='bbox 3017 1709 3233 1768; x_wconf 80' lang='grc' dir='ltr'>Βαύλου</span> <span class='ocrx_word' id='word_1_227' title='bbox 3317 1715 3415 1766; x_wconf 88' lang='grc' dir='ltr'>τοῦ</span> <span class='ocrx_word' id='word_1_228' title='bbox 3494 1707 3800 1767; x_wconf 85' lang='grc' dir='ltr'>ἐπισκὸπου</span> 
     </span>
    </p>
   </div>
   <div class='ocr_carea' id='block_1_36' title="bbox 2145 1797 3810 1876">
    <p class='ocr_par' dir='ltr' id='par_1_36' title="bbox 2145 1797 3810 1876">
     <span class='ocr_line' id='line_1_36' title="bbox 2145 1797 3810 1876; baseline -0.002 -19"><span class='ocrx_word' id='word_1_229' title='bbox 2145 1799 2382 1872; x_wconf 78' lang='grc' dir='ltr'>Ἐμέσης</span> <span class='ocrx_word' id='word_1_230' title='bbox 2433 1798 2870 1864; x_wconf 82' lang='grc' dir='ltr'>ἀποστείλαντες.</span> <span class='ocrx_word' id='word_1_231' title='bbox 2929 1799 3226 1876; x_wconf 86' lang='grc' dir='ltr'>Νεστόριος</span> <span class='ocrx_word' id='word_1_232' title='bbox 3287 1797 3346 1856; x_wconf 77' lang='grc' dir='ltr'>δὲ</span> <span class='ocrx_word' id='word_1_233' title='bbox 3401 1799 3662 1875; x_wconf 77' lang='grc' dir='ltr'>ἐξωρίσθη</span> <span class='ocrx_word' id='word_1_234' title='bbox 3723 1799 3810 1862; x_wconf 76' lang='grc' dir='ltr'>εἷς</span> 
     </span>
    </p>
   </div>
   <div class='ocr_carea' id='block_1_37' title="bbox 2143 1886 3811 1968">
    <p class='ocr_par' dir='ltr' id='par_1_37' title="bbox 2143 1886 3811 1968">
     <span class='ocr_line' id='line_1_37' title="bbox 2143 1886 3811 1968; baseline -0.001 -22"><span class='ocrx_word' id='word_1_235' title='bbox 2143 1892 2334 1948; x_wconf 85' lang='grc' dir='ltr'>’Ὀασιν</span> <span class='ocrx_word' id='word_1_236' title='bbox 2357 1890 2493 1964; x_wconf 84' lang='grc'>(61),</span> <span class='ocrx_word' id='word_1_237' title='bbox 2545 1886 2710 1944; x_wconf 81' lang='grc' dir='ltr'>ἄλλοι</span> <span class='ocrx_word' id='word_1_238' title='bbox 2770 1887 2828 1945; x_wconf 70' lang='grc' dir='ltr'>δὲ</span> <span class='ocrx_word' id='word_1_239' title='bbox 2883 1889 3190 1968; x_wconf 80' lang='grc' dir='ltr'>γράφουσιν</span> <span class='ocrx_word' id='word_1_240' title='bbox 3231 1888 3284 1944; x_wconf 86' lang='grc' dir='ltr'>ἐν</span> <span class='ocrx_word' id='word_1_241' title='bbox 3323 1893 3394 1965; x_wconf 82' lang='grc' dir='ltr'>τῇ</span> <span class='ocrx_word' id='word_1_242' title='bbox 3426 1890 3605 1963; x_wconf 87' lang='grc' dir='ltr'>Θάσῳ,</span> <span class='ocrx_word' id='word_1_243' title='bbox 3659 1889 3711 1944; x_wconf 87' lang='grc' dir='ltr'>ἐν</span> <span class='ocrx_word' id='word_1_244' title='bbox 3768 1888 3811 1964; x_wconf 74' lang='grc' dir='ltr'>ᾖ</span> 
     </span>
    </p>
   </div>
   <div class='ocr_carea' id='block_1_38' title="bbox 378 1973 2033 2052">
    <p class='ocr_par' dir='ltr' id='par_1_38' title="bbox 378 1979 2029 2052">
     <span class='ocr_line' id='line_1_38' title="bbox 378 1979 2029 2052; baseline 0.001 -18"><span class='ocrx_word' id='word_1_245' title='bbox 378 1979 496 2034; x_wconf 88' lang='lat' dir='ltr'>vit:</span> <span class='ocrx_word' id='word_1_246' title='bbox 531 1981 824 2036; x_wconf 85' lang='lat' dir='ltr'>Hactenus</span> <span class='ocrx_word' id='word_1_247' title='bbox 871 1979 1045 2036; x_wconf 89' lang='lat' dir='ltr'>nobis</span> <span class='ocrx_word' id='word_1_248' title='bbox 1074 1996 1425 2052; x_wconf 86' lang='lat' dir='ltr'>persuasum</span> <span class='ocrx_word' id='word_1_249' title='bbox 1469 1997 1591 2035; x_wconf 92' lang='lat' dir='ltr'>non</span> <span class='ocrx_word' id='word_1_250' title='bbox 1646 1985 1734 2034; x_wconf 90' lang='lat' dir='ltr'>est</span> <span class='ocrx_word' id='word_1_251' title='bbox 1786 1979 2029 2036; x_wconf 89' lang='lat' dir='ltr'>Mariam</span> 
     </span>
    </p>
   </div>
   <div class='ocr_carea' id='block_1_39' title="bbox 2144 1973 3814 2052">
    <p class='ocr_par' dir='ltr' id='par_1_39' title="bbox 2144 1973 3814 2052">
     <span class='ocr_line' id='line_1_39' title="bbox 2144 1973 3814 2052; baseline 0 -18"><span class='ocrx_word' id='word_1_252' title='bbox 2144 1977 2228 2034; x_wconf 82' lang='grc' dir='ltr'>καὶ</span> <span class='ocrx_word' id='word_1_253' title='bbox 2293 1973 2708 2052; x_wconf 87' lang='grc' dir='ltr'>καταλαμϐάνει</span> <span class='ocrx_word' id='word_1_254' title='bbox 2780 1978 2942 2035; x_wconf 81' lang='grc' dir='ltr'>αὗτὸν</span> <span class='ocrx_word' id='word_1_255' title='bbox 3010 1981 3046 2049; x_wconf 80' lang='grc' dir='ltr'><strong>ἡ</strong></span> <span class='ocrx_word' id='word_1_256' title='bbox 3115 1978 3230 2034; x_wconf 79' lang='grc' dir='ltr'>θεία</span> <span class='ocrx_word' id='word_1_257' title='bbox 3288 1976 3436 2050; x_wconf 88' lang='grc' dir='ltr'>δίκη,</span> <span class='ocrx_word' id='word_1_258' title='bbox 3505 1975 3814 2050; x_wconf 80' lang='grc' dir='ltr'>σηπεδόνος</span> 
     </span>
    </p>
   </div>
   <div class='ocr_carea' id='block_1_40' title="bbox 383 2070 1064 2126">
    <p class='ocr_par' dir='ltr' id='par_1_40' title="bbox 383 2070 1064 2126">
     <span class='ocr_line' id='line_1_40' title="bbox 383 2070 1064 2126; baseline -0.001 -1"><span class='ocrx_word' id='word_1_259' title='bbox 383 2085 515 2125; x_wconf 89' lang='lat' dir='ltr'>esse</span> <span class='ocrx_word' id='word_1_260' title='bbox 548 2070 651 2125; x_wconf 89' lang='lat' dir='ltr'>Dei</span> <span class='ocrx_word' id='word_1_261' title='bbox 685 2070 1064 2126; x_wconf 90' lang='lat' dir='ltr'>Genitricem.</span> 
     </span>
    </p>
   </div>
   <div class='ocr_carea' id='block_1_41' title="bbox 2143 2065 3814 2146">
    <p class='ocr_par' dir='ltr' id='par_1_41' title="bbox 2143 2065 3814 2146">
     <span class='ocr_line' id='line_1_41' title="bbox 2143 2065 3814 2146; baseline 0.001 -24"><span class='ocrx_word' id='word_1_262' title='bbox 2143 2071 2252 2122; x_wconf 82' lang='grc' dir='ltr'>τῶν</span> <span class='ocrx_word' id='word_1_263' title='bbox 2297 2067 2480 2140; x_wconf 81' lang='grc' dir='ltr'>μελῶν</span> <span class='ocrx_word' id='word_1_264' title='bbox 2512 2067 2729 2123; x_wconf 88' lang='grc' dir='ltr'>πάντων</span> <span class='ocrx_word' id='word_1_265' title='bbox 2777 2069 3078 2142; x_wconf 69' lang='grc' dir='ltr'>ἁψαμένης,</span> <span class='ocrx_word' id='word_1_266' title='bbox 3142 2067 3378 2141; x_wconf 85' lang='grc' dir='ltr'>μάλιστα</span> <span class='ocrx_word' id='word_1_267' title='bbox 3435 2065 3494 2123; x_wconf 70' lang='grc' dir='ltr'>δὲ</span> <span class='ocrx_word' id='word_1_268' title='bbox 3557 2068 3648 2122; x_wconf 77' lang='grc' dir='ltr'>καὶ</span> <span class='ocrx_word' id='word_1_269' title='bbox 3705 2071 3814 2146; x_wconf 74' lang='grc' dir='ltr'>τῆς</span> 
     </span>
    </p>
   </div>
   <div class='ocr_carea' id='block_1_42' title="bbox 383 2154 3805 2235">
    <p class='ocr_par' dir='ltr' id='par_1_42' title="bbox 383 2154 3805 2235">
     <span class='ocr_line' id='line_1_42' title="bbox 383 2154 3805 2235; baseline 0 -24"><span class='ocrx_word' id='word_1_270' title='bbox 383 2161 581 2234; x_wconf 82' lang='grc' dir='ltr'>μιαρᾶς</span> <span class='ocrx_word' id='word_1_271' title='bbox 638 2158 808 2213; x_wconf 82' lang='grc' dir='ltr'>αὐτοῦ</span> <span class='ocrx_word' id='word_1_272' title='bbox 865 2156 1544 2235; x_wconf 75' lang='grc' dir='ltr'>γλώττης,ᾗπεριπεσὼν</span> <span class='ocrx_word' id='word_1_273' title='bbox 1591 2154 1852 2234; x_wconf 81' lang='grc' dir='ltr'>διεφθάρη</span> <span class='ocrx_word' id='word_1_274' title='bbox 1910 2155 2370 2232; x_wconf 80' lang='grc' dir='ltr'>ὡςὸκατάρατος</span> <span class='ocrx_word' id='word_1_275' title='bbox 2423 2158 2662 2234; x_wconf 82' lang='grc' dir='ltr'>Ἀρειος,</span> <span class='ocrx_word' id='word_1_276' title='bbox 2731 2158 3036 2235; x_wconf 82' lang='grc' dir='ltr'>ὑποφωνῶν</span> <span class='ocrx_word' id='word_1_277' title='bbox 3099 2157 3174 2221; x_wconf 84' lang='grc' dir='ltr'>ὡς</span> <span class='ocrx_word' id='word_1_278' title='bbox 3231 2155 3470 2228; x_wconf 82' lang='grc' dir='ltr'>ἠδύνατο</span> <span class='ocrx_word' id='word_1_279' title='bbox 3519 2155 3603 2213; x_wconf 78' lang='grc' dir='ltr'>ὅτι</span> <span class='ocrx_word' id='word_1_280' title='bbox 3663 2157 3805 2218; x_wconf 78' lang='grc' dir='ltr'>τέως</span> 
     </span>
    </p>
   </div>
   <div class='ocr_carea' id='block_1_43' title="bbox 383 2244 1908 2322">
    <p class='ocr_par' dir='ltr' id='par_1_43' title="bbox 383 2244 1908 2322">
     <span class='ocr_line' id='line_1_43' title="bbox 383 2244 1908 2322; baseline 0.001 -22"><span class='ocrx_word' id='word_1_281' title='bbox 383 2246 487 2300; x_wconf 81' lang='grc' dir='ltr'>οὐκ</span> <span class='ocrx_word' id='word_1_282' title='bbox 514 2245 841 2320; x_wconf 79' lang='grc' dir='ltr'>ἐπείσθημεν</span> <span class='ocrx_word' id='word_1_283' title='bbox 867 2248 966 2316; x_wconf 79' lang='grc' dir='ltr'>τὴν</span> <span class='ocrx_word' id='word_1_284' title='bbox 999 2246 1210 2320; x_wconf 81' lang='grc' dir='ltr'>Μαρίαν</span> <span class='ocrx_word' id='word_1_285' title='bbox 1237 2245 1501 2302; x_wconf 85' lang='grc' dir='ltr'>Θεοτόκον</span> <span class='ocrx_word' id='word_1_286' title='bbox 1535 2244 1908 2322; x_wconf 84' lang='grc' dir='ltr'>ὁμολογῆσαι.</span> 
     </span>
    </p>
   </div>
   <div class='ocr_carea' id='block_1_44' title="bbox 451 2335 2036 2409">
    <p class='ocr_par' dir='ltr' id='par_1_44' title="bbox 451 2335 2036 2409">
     <span class='ocr_line' id='line_1_44' title="bbox 451 2335 2036 2409; baseline 0 -19"><span class='ocrx_word' id='word_1_287' title='bbox 451 2337 780 2408; x_wconf 86' lang='lat' dir='ltr'>Imperator</span> <span class='ocrx_word' id='word_1_288' title='bbox 797 2353 973 2408; x_wconf 89' lang='lat' dir='ltr'>porro</span> <span class='ocrx_word' id='word_1_289' title='bbox 994 2341 1271 2392; x_wconf 88' lang='lat' dir='ltr'>venatum</span> <span class='ocrx_word' id='word_1_290' title='bbox 1302 2353 1572 2409; x_wconf 85' lang='lat' dir='ltr'>egressus</span> <span class='ocrx_word' id='word_1_291' title='bbox 1594 2335 1746 2391; x_wconf 89' lang='lat' dir='ltr'>clam</span> <span class='ocrx_word' id='word_1_292' title='bbox 1770 2335 1892 2391; x_wconf 86' lang='lat' dir='ltr'>suis</span> <span class='ocrx_word' id='word_1_293' title='bbox 1915 2351 2036 2390; x_wconf 90' lang='lat' dir='ltr'>om-</span> 
     </span>
    </p>
   </div>
   <div class='ocr_carea' id='block_1_45' title="bbox 382 2424 2034 2497">
    <p class='ocr_par' dir='ltr' id='par_1_45' title="bbox 382 2424 2034 2497">
     <span class='ocr_line' id='line_1_45' title="bbox 382 2424 2034 2497; baseline -0.001 -18"><span class='ocrx_word' id='word_1_294' title='bbox 382 2425 560 2479; x_wconf 90' lang='lat' dir='ltr'>nibus</span> <span class='ocrx_word' id='word_1_295' title='bbox 583 2425 757 2497; x_wconf 91' lang='lat' dir='ltr'>longa</span> <span class='ocrx_word' id='word_1_296' title='bbox 786 2425 878 2480; x_wconf 90' lang='lat' dir='ltr'>via</span> <span class='ocrx_word' id='word_1_297' title='bbox 924 2425 1000 2480; x_wconf 89' lang='lat' dir='ltr'>ad</span> <span class='ocrx_word' id='word_1_298' title='bbox 1031 2425 1389 2481; x_wconf 87' lang='lat' dir='ltr'>monachum</span> <span class='ocrx_word' id='word_1_299' title='bbox 1411 2425 1732 2496; x_wconf 86' lang='lat' dir='ltr'>quemdam</span> <span class='ocrx_word' id='word_1_300' title='bbox 1781 2425 1942 2480; x_wconf 87' lang='lat' dir='ltr'>venit</span> <span class='ocrx_word' id='word_1_301' title='bbox 1971 2424 2034 2479; x_wconf 92' lang='lat' dir='ltr'>in</span> 
     </span>
    </p>
   </div>
   <div class='ocr_carea' id='block_1_46' title="bbox 376 2513 2032 2587">
    <p class='ocr_par' dir='ltr' id='par_1_46' title="bbox 376 2513 2032 2587">
     <span class='ocr_line' id='line_1_46' title="bbox 376 2513 2032 2587; baseline -0.001 -16"><span class='ocrx_word' id='word_1_302' title='bbox 376 2513 596 2571; x_wconf 90' lang='lat' dir='ltr'>cellula</span> <span class='ocrx_word' id='word_1_303' title='bbox 625 2514 952 2583; x_wconf 87' lang='lat' dir='ltr'>sedentem,</span> <span class='ocrx_word' id='word_1_304' title='bbox 984 2532 1167 2587; x_wconf 90' lang='lat' dir='ltr'>prope</span> <span class='ocrx_word' id='word_1_305' title='bbox 1216 2513 1569 2570; x_wconf 91' lang='lat' dir='ltr'>suburbium</span> <span class='ocrx_word' id='word_1_306' title='bbox 1625 2513 1844 2586; x_wconf 90' lang='lat' dir='ltr'>Cpolis.</span> <span class='ocrx_word' id='word_1_307' title='bbox 1877 2515 2032 2572; x_wconf 74' lang='lat'>596</span> 
     </span>
    </p>
   </div>
   <div class='ocr_carea' id='block_1_47' title="bbox 373 2603 2032 2677">
    <p class='ocr_par' dir='ltr' id='par_1_47' title="bbox 373 2603 2032 2677">
     <span class='ocr_line' id='line_1_47' title="bbox 373 2603 2032 2677; baseline -0.001 -17"><span class='ocrx_word' id='word_1_308' title='bbox 373 2603 623 2677; x_wconf 79' lang='lat' dir='ltr'>Agnovit</span> <span class='ocrx_word' id='word_1_309' title='bbox 680 2620 863 2660; x_wconf 83' lang='lat' dir='ltr'>senex</span> <span class='ocrx_word' id='word_1_310' title='bbox 922 2603 1367 2676; x_wconf 84' lang='lat' dir='ltr'>imperatorem,</span> <span class='ocrx_word' id='word_1_311' title='bbox 1425 2603 1529 2658; x_wconf 91' lang='lat' dir='ltr'>sed</span> <span class='ocrx_word' id='word_1_312' title='bbox 1595 2608 1795 2658; x_wconf 89' lang='lat' dir='ltr'>tamen</span> <span class='ocrx_word' id='word_1_313' title='bbox 1849 2603 2032 2658; x_wconf 90' lang='lat' dir='ltr'>veluti</span> 
     </span>
    </p>
   </div>
   <div class='ocr_carea' id='block_1_48' title="bbox 375 2692 2036 2764">
    <p class='ocr_par' dir='ltr' id='par_1_48' title="bbox 375 2692 2036 2764">
     <span class='ocr_line' id='line_1_48' title="bbox 375 2692 2036 2764; baseline -0.001 -16"><span class='ocrx_word' id='word_1_314' title='bbox 375 2709 566 2748; x_wconf 90' lang='lat' dir='ltr'>unum</span> <span class='ocrx_word' id='word_1_315' title='bbox 595 2692 668 2748; x_wconf 91' lang='lat' dir='ltr'>de</span> <span class='ocrx_word' id='word_1_316' title='bbox 702 2692 992 2748; x_wconf 89' lang='lat' dir='ltr'>militibus</span> <span class='ocrx_word' id='word_1_317' title='bbox 1022 2693 1269 2764; x_wconf 88' lang='lat' dir='ltr'>accepit.</span> <span class='ocrx_word' id='word_1_318' title='bbox 1303 2693 1450 2748; x_wconf 90' lang='lat' dir='ltr'>Cum</span> <span class='ocrx_word' id='word_1_319' title='bbox 1481 2697 1682 2748; x_wconf 89' lang='lat' dir='ltr'>autem</span> <span class='ocrx_word' id='word_1_320' title='bbox 1712 2693 2036 2764; x_wconf 90' lang='lat' dir='ltr'>imperator</span> 
     </span>
    </p>
   </div>
   <div class='ocr_carea' id='block_1_49' title="bbox 379 2783 2033 2857">
    <p class='ocr_par' dir='ltr' id='par_1_49' title="bbox 379 2783 2033 2857">
     <span class='ocr_line' id='line_1_49' title="bbox 379 2783 2033 2857; baseline 0 -19"><span class='ocrx_word' id='word_1_321' title='bbox 379 2799 412 2838; x_wconf 89' lang='lat' dir='ltr'>a</span> <span class='ocrx_word' id='word_1_322' title='bbox 443 2783 538 2838; x_wconf 89' lang='lat' dir='ltr'>via</span> <span class='ocrx_word' id='word_1_323' title='bbox 567 2788 626 2838; x_wconf 92' lang='lat' dir='ltr'>et</span> <span class='ocrx_word' id='word_1_324' title='bbox 658 2788 806 2839; x_wconf 65' lang='lat' dir='ltr'>aestu</span> <span class='ocrx_word' id='word_1_325' title='bbox 851 2789 1008 2841; x_wconf 87' lang='lat' dir='ltr'>esset</span> <span class='ocrx_word' id='word_1_326' title='bbox 1064 2783 1436 2857; x_wconf 85' lang='lat' dir='ltr'>defatigatus,</span> <span class='ocrx_word' id='word_1_327' title='bbox 1484 2783 1810 2840; x_wconf 89' lang='lat' dir='ltr'>monachus</span> <span class='ocrx_word' id='word_1_328' title='bbox 1849 2799 2033 2854; x_wconf 88' lang='lat' dir='ltr'>panes</span> 
     </span>
    </p>
   </div>
   <div class='ocr_carea' id='block_1_50' title="bbox 381 2872 2036 2945">
    <p class='ocr_par' dir='ltr' id='par_1_50' title="bbox 381 2872 2036 2945">
     <span class='ocr_line' id='line_1_50' title="bbox 381 2872 2036 2945; baseline -0.001 -18"><span class='ocrx_word' id='word_1_329' title='bbox 381 2873 742 2929; x_wconf 85' lang='lat' dir='ltr'>humectavit</span> <span class='ocrx_word' id='word_1_330' title='bbox 797 2880 1152 2945; x_wconf 86' lang='lat' dir='ltr'>acetumque</span> <span class='ocrx_word' id='word_1_331' title='bbox 1211 2878 1267 2928; x_wconf 91' lang='lat' dir='ltr'>et</span> <span class='ocrx_word' id='word_1_332' title='bbox 1319 2873 1518 2928; x_wconf 91' lang='lat' dir='ltr'>oleum</span> <span class='ocrx_word' id='word_1_333' title='bbox 1572 2873 1866 2945; x_wconf 89' lang='lat' dir='ltr'>apposuit.</span> <span class='ocrx_word' id='word_1_334' title='bbox 1900 2872 2036 2928; x_wconf 93' lang='lat' dir='ltr'>Edit</span> 
     </span>
    </p>
   </div>
   <div class='ocr_carea' id='block_1_51' title="bbox 379 2961 2034 3035">
    <p class='ocr_par' dir='ltr' id='par_1_51' title="bbox 379 2961 2034 3035">
     <span class='ocr_line' id='line_1_51' title="bbox 379 2961 2034 3035; baseline 0 -18"><span class='ocrx_word' id='word_1_335' title='bbox 379 2961 722 3034; x_wconf 87' lang='lat' dir='ltr'>imperator,</span> <span class='ocrx_word' id='word_1_336' title='bbox 755 2969 814 3018; x_wconf 89' lang='lat' dir='ltr'>et</span> <span class='ocrx_word' id='word_1_337' title='bbox 843 2980 1058 3035; x_wconf 90' lang='lat' dir='ltr'>aquam</span> <span class='ocrx_word' id='word_1_338' title='bbox 1088 2963 1261 3019; x_wconf 87' lang='lat' dir='ltr'>bibit.</span> <span class='ocrx_word' id='word_1_339' title='bbox 1307 2965 1376 3017; x_wconf 91' lang='lat' dir='ltr'>Et</span> <span class='ocrx_word' id='word_1_340' title='bbox 1415 2963 1741 3018; x_wconf 86' lang='lat' dir='ltr'>monacho:</span> <span class='ocrx_word' id='word_1_341' title='bbox 1792 2963 2034 3018; x_wconf 88' lang='lat' dir='ltr'>Nostine</span> 
     </span>
    </p>
   </div>
   <div class='ocr_carea' id='block_1_52' title="bbox 377 3051 2032 3124">
    <p class='ocr_par' dir='ltr' id='par_1_52' title="bbox 377 3051 2032 3124">
     <span class='ocr_line' id='line_1_52' title="bbox 377 3051 2032 3124; baseline -0.001 -18"><span class='ocrx_word' id='word_1_342' title='bbox 377 3067 495 3120; x_wconf 88' lang='lat' dir='ltr'>me,</span> <span class='ocrx_word' id='word_1_343' title='bbox 528 3053 702 3106; x_wconf 84' lang='lat' dir='ltr'>Pater</span> <span class='ocrx_word' id='word_1_344' title='bbox 720 3055 750 3106; x_wconf 84' lang='lat'><strong><em>?</em></strong></span> <span class='ocrx_word' id='word_1_345' title='bbox 777 3052 993 3123; x_wconf 87' lang='lat' dir='ltr'>inquit.</span> <span class='ocrx_word' id='word_1_346' title='bbox 1028 3051 1310 3107; x_wconf 86' lang='lat' dir='ltr'>Monacho</span> <span class='ocrx_word' id='word_1_347' title='bbox 1327 3051 1725 3124; x_wconf 90' lang='lat' dir='ltr'>respondente</span> <span class='ocrx_word' id='word_1_348' title='bbox 1751 3069 1763 3107; x_wconf 91' lang='lat'><strong>:</strong></span> <span class='ocrx_word' id='word_1_349' title='bbox 1799 3053 1952 3107; x_wconf 91' lang='lat' dir='ltr'>Deus</span> <span class='ocrx_word' id='word_1_350' title='bbox 1977 3055 2032 3104; x_wconf 93' lang='lat' dir='ltr'>te</span> 
     </span>
    </p>
   </div>
   <div class='ocr_carea' id='block_1_53' title="bbox 375 3139 2032 3214">
    <p class='ocr_par' dir='ltr' id='par_1_53' title="bbox 375 3139 2032 3214">
     <span class='ocr_line' id='line_1_53' title="bbox 375 3139 2032 3214; baseline 0.001 -20"><span class='ocrx_word' id='word_1_351' title='bbox 375 3139 906 3214; x_wconf 82' lang='lat' dir='ltr'>novit,Ego,infert,</span> <span class='ocrx_word' id='word_1_352' title='bbox 931 3157 1060 3196; x_wconf 86' lang='lat' dir='ltr'>sum</span> <span class='ocrx_word' id='word_1_353' title='bbox 1084 3141 1448 3196; x_wconf 90' lang='lat' dir='ltr'>Theodosius</span> <span class='ocrx_word' id='word_1_354' title='bbox 1474 3140 2032 3212; x_wconf 88' lang='lat' dir='ltr'>imperator.Statim</span> 
     </span>
    </p>
   </div>
   <div class='ocr_carea' id='block_1_54' title="bbox 375 3229 2030 3301">
    <p class='ocr_par' dir='ltr' id='par_1_54' title="bbox 375 3229 2030 3301">
     <span class='ocr_line' id='line_1_54' title="bbox 375 3229 2030 3301; baseline 0.001 -18"><span class='ocrx_word' id='word_1_355' title='bbox 375 3233 500 3283; x_wconf 89' lang='lat' dir='ltr'>tum</span> <span class='ocrx_word' id='word_1_356' title='bbox 533 3229 791 3284; x_wconf 82' lang='lat' dir='ltr'>surrexit</span> <span class='ocrx_word' id='word_1_357' title='bbox 817 3230 1168 3296; x_wconf 89' lang='lat' dir='ltr'>monachus,</span> <span class='ocrx_word' id='word_1_358' title='bbox 1227 3235 1287 3285; x_wconf 91' lang='lat' dir='ltr'>et</span> <span class='ocrx_word' id='word_1_359' title='bbox 1340 3229 1392 3284; x_wconf 90' lang='lat' dir='ltr'>ei</span> <span class='ocrx_word' id='word_1_360' title='bbox 1453 3229 1826 3301; x_wconf 92' lang='lat' dir='ltr'>supplicavit.</span> <span class='ocrx_word' id='word_1_361' title='bbox 1885 3231 2030 3284; x_wconf 89' lang='lat' dir='ltr'>Tum</span> 
     </span>
    </p>
   </div>
   <div class='ocr_carea' id='block_1_55' title="bbox 375 3316 2030 3389">
    <p class='ocr_par' dir='ltr' id='par_1_55' title="bbox 375 3316 2030 3389">
     <span class='ocr_line' id='line_1_55' title="bbox 375 3316 2030 3389; baseline 0.002 -19"><span class='ocrx_word' id='word_1_362' title='bbox 375 3316 736 3388; x_wconf 87' lang='lat' dir='ltr'>imperator:</span> <span class='ocrx_word' id='word_1_363' title='bbox 759 3317 921 3372; x_wconf 87' lang='lat' dir='ltr'>Beati</span> <span class='ocrx_word' id='word_1_364' title='bbox 947 3334 1016 3373; x_wconf 91' lang='lat' dir='ltr'>ac</span> <span class='ocrx_word' id='word_1_365' title='bbox 1044 3317 1374 3373; x_wconf 85' lang='lat' dir='ltr'>felicissimi</span> <span class='ocrx_word' id='word_1_366' title='bbox 1406 3317 1668 3389; x_wconf 83' lang='lat' dir='ltr'>profecto</span> <span class='ocrx_word' id='word_1_367' title='bbox 1699 3336 1800 3374; x_wconf 89' lang='lat' dir='ltr'>vos</span> <span class='ocrx_word' id='word_1_368' title='bbox 1822 3334 2030 3374; x_wconf 91' lang='lat' dir='ltr'>mona-</span> 
     </span>
    </p>
   </div>
   <div class='ocr_carea' id='block_1_56' title="bbox 2212 2333 3805 2412">
    <p class='ocr_par' dir='ltr' id='par_1_56' title="bbox 2212 2333 3805 2412">
     <span class='ocr_line' id='line_1_56' title="bbox 2212 2333 3805 2412; baseline -0.001 -19"><span class='ocrx_word' id='word_1_369' title='bbox 2212 2335 2275 2393; x_wconf 79' lang='grc' dir='ltr'>Ὀ</span> <span class='ocrx_word' id='word_1_370' title='bbox 2307 2334 2562 2410; x_wconf 77' lang='grc' dir='ltr'>βασιλεὺς</span> <span class='ocrx_word' id='word_1_371' title='bbox 2597 2333 2654 2391; x_wconf 75' lang='grc' dir='ltr'>δὲ</span> <span class='ocrx_word' id='word_1_372' title='bbox 2683 2339 2988 2412; x_wconf 82' lang='grc' dir='ltr'>κυνηγῆσαι</span> <span class='ocrx_word' id='word_1_373' title='bbox 3020 2335 3274 2408; x_wconf 81' lang='grc' dir='ltr'>ἐξελθὼν,</span> <span class='ocrx_word' id='word_1_374' title='bbox 3328 2335 3459 2399; x_wconf 72' lang='grc' dir='ltr'>τοὺς</span> <span class='ocrx_word' id='word_1_375' title='bbox 3519 2336 3612 2391; x_wconf 74' lang='grc' dir='ltr'>σὺν</span> <span class='ocrx_word' id='word_1_376' title='bbox 3651 2335 3805 2410; x_wconf 80' lang='grc' dir='ltr'>αύτῷ</span> 
     </span>
    </p>
   </div>
   <div class='ocr_carea' id='block_1_57' title="bbox 2145 2421 3810 2500">
    <p class='ocr_par' dir='ltr' id='par_1_57' title="bbox 2145 2421 3810 2500">
     <span class='ocr_line' id='line_1_57' title="bbox 2145 2421 3810 2500; baseline 0.001 -21"><span class='ocrx_word' id='word_1_377' title='bbox 2145 2423 2345 2486; x_wconf 82' lang='grc' dir='ltr'>πάντας</span> <span class='ocrx_word' id='word_1_378' title='bbox 2378 2421 2677 2493; x_wconf 86' lang='grc' dir='ltr'>διαλαθὼν,</span> <span class='ocrx_word' id='word_1_379' title='bbox 2718 2424 2858 2494; x_wconf 84' lang='grc' dir='ltr'>ἦλθε</span> <span class='ocrx_word' id='word_1_380' title='bbox 2911 2423 3002 2480; x_wconf 81' lang='grc' dir='ltr'>διὰ</span> <span class='ocrx_word' id='word_1_381' title='bbox 3062 2424 3270 2500; x_wconf 77' lang='grc' dir='ltr'>μακρὰς</span> <span class='ocrx_word' id='word_1_382' title='bbox 3320 2422 3450 2480; x_wconf 77' lang='grc' dir='ltr'>ὁδοῦ</span> <span class='ocrx_word' id='word_1_383' title='bbox 3497 2424 3638 2499; x_wconf 88' lang='grc' dir='ltr'>πρὸς</span> <span class='ocrx_word' id='word_1_384' title='bbox 3688 2445 3810 2480; x_wconf 88' lang='grc' dir='ltr'>τινα</span> 
     </span>
    </p>
   </div>
   <div class='ocr_carea' id='block_1_58' title="bbox 2146 2511 3807 2593">
    <p class='ocr_par' dir='ltr' id='par_1_58' title="bbox 2146 2511 3807 2593">
     <span class='ocr_line' id='line_1_58' title="bbox 2146 2511 3807 2593; baseline 0 -25"><span class='ocrx_word' id='word_1_385' title='bbox 2146 2513 2394 2593; x_wconf 86' lang='grc' dir='ltr'>μοναχὸν</span> <span class='ocrx_word' id='word_1_386' title='bbox 2453 2511 2506 2568; x_wconf 88' lang='grc' dir='ltr'>ἐν</span> <span class='ocrx_word' id='word_1_387' title='bbox 2563 2512 2774 2586; x_wconf 88' lang='grc' dir='ltr'>κελλίῳ</span> <span class='ocrx_word' id='word_1_388' title='bbox 2827 2514 3189 2587; x_wconf 85' lang='grc' dir='ltr'>καθεζόμενον</span> <span class='ocrx_word' id='word_1_389' title='bbox 3243 2515 3330 2586; x_wconf 87' lang='grc' dir='ltr'>[Ρ.</span> <span class='ocrx_word' id='word_1_390' title='bbox 3379 2515 3505 2587; x_wconf 75' lang='grc'>340]</span> <span class='ocrx_word' id='word_1_391' title='bbox 3563 2511 3807 2584; x_wconf 82' lang='grc' dir='ltr'>πλησίον</span> 
     </span>
    </p>
   </div>
   <div class='ocr_carea' id='block_1_59' title="bbox 2139 2599 3799 2678">
    <p class='ocr_par' dir='ltr' id='par_1_59' title="bbox 2139 2599 3799 2678">
     <span class='ocr_line' id='line_1_59' title="bbox 2139 2599 3799 2678; baseline 0.001 -22"><span class='ocrx_word' id='word_1_392' title='bbox 2139 2604 2251 2656; x_wconf 84' lang='grc' dir='ltr'>τῶν</span> <span class='ocrx_word' id='word_1_393' title='bbox 2305 2601 2642 2676; x_wconf 86' lang='grc' dir='ltr'>προαστείων</span> <span class='ocrx_word' id='word_1_394' title='bbox 2704 2599 3360 2664; x_wconf 72' lang='grc' dir='ltr'>Κωνσταντινουπόλεωςσ</span> <span class='ocrx_word' id='word_1_395' title='bbox 3418 2602 3478 2656; x_wconf 82' lang='grc' dir='ltr'>’ὀν</span> <span class='ocrx_word' id='word_1_396' title='bbox 3538 2603 3567 2656; x_wconf 89' lang='grc' dir='ltr'>ὁ</span> <span class='ocrx_word' id='word_1_397' title='bbox 3623 2603 3799 2678; x_wconf 82' lang='grc' dir='ltr'>γὲρων</span> 
     </span>
    </p>
   </div>
   <div class='ocr_carea' id='block_1_60' title="bbox 2141 2687 3801 2766">
    <p class='ocr_par' dir='ltr' id='par_1_60' title="bbox 2141 2687 3801 2766">
     <span class='ocr_line' id='line_1_60' title="bbox 2141 2687 3801 2766; baseline 0.002 -22"><span class='ocrx_word' id='word_1_398' title='bbox 2141 2687 2348 2764; x_wconf 77' lang='grc' dir='ltr'>ἐπέγνω</span> <span class='ocrx_word' id='word_1_399' title='bbox 2403 2690 2526 2763; x_wconf 76' lang='grc' dir='ltr'>μὲν,</span> <span class='ocrx_word' id='word_1_400' title='bbox 2583 2688 2795 2762; x_wconf 74' lang='grc' dir='ltr'>ἐδέξατο</span> <span class='ocrx_word' id='word_1_401' title='bbox 2853 2687 2911 2746; x_wconf 75' lang='grc' dir='ltr'>δὲ</span> <span class='ocrx_word' id='word_1_402' title='bbox 2976 2691 3051 2754; x_wconf 83' lang='grc' dir='ltr'>ὠς</span> <span class='ocrx_word' id='word_1_403' title='bbox 3105 2688 3200 2746; x_wconf 80' lang='grc' dir='ltr'>ἓνα</span> <span class='ocrx_word' id='word_1_404' title='bbox 3254 2693 3364 2746; x_wconf 78' lang='grc' dir='ltr'>τῶν</span> <span class='ocrx_word' id='word_1_405' title='bbox 3424 2694 3801 2766; x_wconf 84' lang='grc' dir='ltr'>στρατιωτῶν.</span> 
     </span>
    </p>
   </div>
   <div class='ocr_carea' id='block_1_61' title="bbox 2141 2775 3793 2854">
    <p class='ocr_par' dir='ltr' id='par_1_61' title="bbox 2141 2775 3793 2854">
     <span class='ocr_line' id='line_1_61' title="bbox 2141 2775 3793 2854; baseline -0.001 -19"><span class='ocrx_word' id='word_1_406' title='bbox 2141 2779 2256 2835; x_wconf 91' lang='grc' dir='ltr'>Τοῦ</span> <span class='ocrx_word' id='word_1_407' title='bbox 2283 2775 2339 2834; x_wconf 80' lang='grc' dir='ltr'>δὲ</span> <span class='ocrx_word' id='word_1_408' title='bbox 2371 2777 2641 2854; x_wconf 78' lang='grc' dir='ltr'>βασιλέως</span> <span class='ocrx_word' id='word_1_409' title='bbox 2670 2779 2729 2835; x_wconf 88' lang='grc' dir='ltr'>ἐκ</span> <span class='ocrx_word' id='word_1_410' title='bbox 2749 2785 2847 2850; x_wconf 84' lang='grc' dir='ltr'>τῆς</span> <span class='ocrx_word' id='word_1_411' title='bbox 2879 2777 3013 2834; x_wconf 83' lang='grc' dir='ltr'>ὀδοῦ</span> <span class='ocrx_word' id='word_1_412' title='bbox 3041 2779 3132 2834; x_wconf 82' lang='grc' dir='ltr'>καὶ</span> <span class='ocrx_word' id='word_1_413' title='bbox 3183 2783 3280 2834; x_wconf 89' lang='grc' dir='ltr'>τοῦ</span> <span class='ocrx_word' id='word_1_414' title='bbox 3340 2777 3619 2842; x_wconf 76' lang='grc' dir='ltr'>καύσωνος</span> <span class='ocrx_word' id='word_1_415' title='bbox 3671 2777 3793 2834; x_wconf 84' lang='grc' dir='ltr'>ὀλι-</span> 
     </span>
    </p>
   </div>
   <div class='ocr_carea' id='block_1_62' title="bbox 2139 2863 3792 2944">
    <p class='ocr_par' dir='ltr' id='par_1_62' title="bbox 2139 2863 3792 2944">
     <span class='ocr_line' id='line_1_62' title="bbox 2139 2863 3792 2944; baseline 0 -22"><span class='ocrx_word' id='word_1_416' title='bbox 2139 2868 2489 2944; x_wconf 75' lang='grc' dir='ltr'>γωρήσαντος</span> <span class='ocrx_word' id='word_1_417' title='bbox 2535 2863 2744 2944; x_wconf 80' lang='grc' dir='ltr'>ἔϐρεξεν</span> <span class='ocrx_word' id='word_1_418' title='bbox 2803 2867 3000 2943; x_wconf 78' lang='grc' dir='ltr'>ἄρτους</span> <span class='ocrx_word' id='word_1_419' title='bbox 3031 2869 3060 2924; x_wconf 91' lang='lat'>6</span> <span class='ocrx_word' id='word_1_420' title='bbox 3089 2867 3280 2944; x_wconf 83' lang='grc' dir='ltr'>γέρων,</span> <span class='ocrx_word' id='word_1_421' title='bbox 3334 2869 3422 2923; x_wconf 86' lang='grc' dir='ltr'>καὶ</span> <span class='ocrx_word' id='word_1_422' title='bbox 3469 2866 3650 2938; x_wconf 87' lang='grc' dir='ltr'>βαλὼν</span> <span class='ocrx_word' id='word_1_423' title='bbox 3673 2867 3792 2938; x_wconf 78' lang='grc' dir='ltr'>ὅξος</span> 
     </span>
    </p>
   </div>
   <div class='ocr_carea' id='block_1_63' title="bbox 2140 2956 3785 3040">
    <p class='ocr_par' dir='ltr' id='par_1_63' title="bbox 2140 2956 3785 3040">
     <span class='ocr_line' id='line_1_63' title="bbox 2140 2956 3785 3040; baseline -0.001 -25"><span class='ocrx_word' id='word_1_424' title='bbox 2140 2959 2230 3015; x_wconf 83' lang='grc' dir='ltr'>καὶ</span> <span class='ocrx_word' id='word_1_425' title='bbox 2260 2958 2442 3016; x_wconf 84' lang='grc' dir='ltr'>ἔλαιον</span> <span class='ocrx_word' id='word_1_426' title='bbox 2497 2957 2748 3040; x_wconf 82' lang='grc' dir='ltr'>ἔφαγενὸ</span> <span class='ocrx_word' id='word_1_427' title='bbox 2807 2959 3070 3032; x_wconf 77' lang='grc' dir='ltr'>βασιλεὺς</span> <span class='ocrx_word' id='word_1_428' title='bbox 3125 2961 3218 3016; x_wconf 82' lang='grc' dir='ltr'>καὶ</span> <span class='ocrx_word' id='word_1_429' title='bbox 3275 2956 3422 3016; x_wconf 78' lang='grc' dir='ltr'>ἔπιεν</span> <span class='ocrx_word' id='word_1_430' title='bbox 3473 2957 3634 3036; x_wconf 77' lang='grc' dir='ltr'>ὕδωρ.</span> <span class='ocrx_word' id='word_1_431' title='bbox 3683 2959 3785 3016; x_wconf 86' lang='grc' dir='ltr'>Καὶ</span> 
     </span>
    </p>
   </div>
   <div class='ocr_carea' id='block_1_64' title="bbox 2141 3047 3786 3128">
    <p class='ocr_par' dir='ltr' id='par_1_64' title="bbox 2141 3047 3786 3128">
     <span class='ocr_line' id='line_1_64' title="bbox 2141 3047 3786 3128; baseline 0 -24"><span class='ocrx_word' id='word_1_432' title='bbox 2141 3071 2304 3128; x_wconf 84' lang='grc' dir='ltr'>φησιν</span> <span class='ocrx_word' id='word_1_433' title='bbox 2334 3051 2362 3106; x_wconf 98' lang='lat'>6</span> <span class='ocrx_word' id='word_1_434' title='bbox 2397 3048 2672 3126; x_wconf 82' lang='grc' dir='ltr'>βασιλεὺς.</span> <span class='ocrx_word' id='word_1_435' title='bbox 2697 3047 2864 3114; x_wconf 75' lang='grc' dir='ltr'>Οἶδας</span> <span class='ocrx_word' id='word_1_436' title='bbox 2885 3051 2968 3112; x_wconf 88' lang='grc' dir='ltr'>τίς</span> <span class='ocrx_word' id='word_1_437' title='bbox 2999 3049 3136 3124; x_wconf 70' lang='grc' dir='ltr'>εἰμι,</span> <span class='ocrx_word' id='word_1_438' title='bbox 3170 3049 3344 3125; x_wconf 85' lang='grc' dir='ltr'>Πάτερ</span> <span class='ocrx_word' id='word_1_439' title='bbox 3388 3068 3402 3120; x_wconf 90' lang='lat'><strong>;</strong></span> <span class='ocrx_word' id='word_1_440' title='bbox 3443 3051 3503 3108; x_wconf 84' lang='grc' dir='ltr'>Ὀ</span> <span class='ocrx_word' id='word_1_441' title='bbox 3531 3048 3590 3105; x_wconf 76' lang='grc' dir='ltr'>δὶ</span> <span class='ocrx_word' id='word_1_442' title='bbox 3621 3069 3786 3124; x_wconf 85' lang='grc' dir='ltr'>μονα-</span> 
     </span>
    </p>
   </div>
   <div class='ocr_carea' id='block_1_65' title="bbox 2141 3136 3790 3216">
    <p class='ocr_par' dir='ltr' id='par_1_65' title="bbox 2141 3136 3790 3216">
     <span class='ocr_line' id='line_1_65' title="bbox 2141 3136 3790 3216; baseline -0.001 -23"><span class='ocrx_word' id='word_1_443' title='bbox 2141 3137 2244 3216; x_wconf 87' lang='grc' dir='ltr'>χὸς</span> <span class='ocrx_word' id='word_1_444' title='bbox 2277 3140 2423 3194; x_wconf 74' lang='grc' dir='ltr'>εἶπεν</span> <span class='ocrx_word' id='word_1_445' title='bbox 2453 3141 2511 3196; x_wconf 91' lang='grc' dir='ltr'>Ὁ</span> <span class='ocrx_word' id='word_1_446' title='bbox 2541 3140 2669 3202; x_wconf 84' lang='grc' dir='ltr'>Θεὸς</span> <span class='ocrx_word' id='word_1_447' title='bbox 2699 3136 2816 3194; x_wconf 74' lang='grc' dir='ltr'>οἶδὲ</span> <span class='ocrx_word' id='word_1_448' title='bbox 2871 3160 2947 3196; x_wconf 91' lang='grc' dir='ltr'>σε.</span> <span class='ocrx_word' id='word_1_449' title='bbox 2983 3139 3087 3197; x_wconf 86' lang='grc' dir='ltr'>Καὶ</span> <span class='ocrx_word' id='word_1_450' title='bbox 3119 3139 3146 3194; x_wconf 90' lang='lat'>6</span> <span class='ocrx_word' id='word_1_451' title='bbox 3180 3137 3438 3214; x_wconf 79' lang='grc' dir='ltr'>βασιλεὺς</span> <span class='ocrx_word' id='word_1_452' title='bbox 3460 3136 3586 3214; x_wconf 80' lang='grc' dir='ltr'>ἔφη’</span> <span class='ocrx_word' id='word_1_453' title='bbox 3649 3137 3790 3212; x_wconf 84' lang='grc' dir='ltr'>Ἐγώ</span> 
     </span>
    </p>
   </div>
   <div class='ocr_carea' id='block_1_66' title="bbox 2141 3225 3793 3304">
    <p class='ocr_par' dir='ltr' id='par_1_66' title="bbox 2141 3225 3793 3304">
     <span class='ocr_line' id='line_1_66' title="bbox 2141 3225 3793 3304; baseline 0 -21"><span class='ocrx_word' id='word_1_454' title='bbox 2141 3230 2255 3302; x_wconf 80' lang='grc' dir='ltr'>εἰμι</span> <span class='ocrx_word' id='word_1_455' title='bbox 2287 3225 2572 3291; x_wconf 86' lang='grc' dir='ltr'>Θεοδόσιος</span> <span class='ocrx_word' id='word_1_456' title='bbox 2602 3229 2631 3285; x_wconf 90' lang='lat'>6</span> <span class='ocrx_word' id='word_1_457' title='bbox 2681 3227 2957 3304; x_wconf 76' lang='grc' dir='ltr'>βασιλεὺς.</span> <span class='ocrx_word' id='word_1_458' title='bbox 3015 3229 3120 3286; x_wconf 81' lang='grc' dir='ltr'>Καὶ</span> <span class='ocrx_word' id='word_1_459' title='bbox 3178 3229 3406 3290; x_wconf 77' lang='grc' dir='ltr'>αναστὰς</span> <span class='ocrx_word' id='word_1_460' title='bbox 3457 3227 3615 3290; x_wconf 78' lang='grc' dir='ltr'>εὐθύς</span> <span class='ocrx_word' id='word_1_461' title='bbox 3645 3228 3674 3283; x_wconf 89' lang='lat'>6</span> <span class='ocrx_word' id='word_1_462' title='bbox 3703 3228 3793 3302; x_wconf 76' lang='grc' dir='ltr'>γὲ-</span> 
     </span>
    </p>
   </div>
   <div class='ocr_carea' id='block_1_67' title="bbox 2141 3312 3798 3392">
    <p class='ocr_par' dir='ltr' id='par_1_67' title="bbox 2141 3312 3798 3392">
     <span class='ocr_line' id='line_1_67' title="bbox 2141 3312 3798 3392; baseline -0.001 -21"><span class='ocrx_word' id='word_1_463' title='bbox 2141 3337 2248 3388; x_wconf 89' lang='grc' dir='ltr'>ρων</span> <span class='ocrx_word' id='word_1_464' title='bbox 2295 3317 2693 3392; x_wconf 74' lang='grc' dir='ltr'>προσεκύνησεν</span> <span class='ocrx_word' id='word_1_465' title='bbox 2723 3315 2890 3391; x_wconf 78' lang='grc' dir='ltr'>αὐτῷ.</span> <span class='ocrx_word' id='word_1_466' title='bbox 2947 3320 3112 3374; x_wconf 80' lang='grc' dir='ltr'>Εἶπεν</span> <span class='ocrx_word' id='word_1_467' title='bbox 3171 3317 3263 3372; x_wconf 80' lang='grc' dir='ltr'>οὗν</span> <span class='ocrx_word' id='word_1_468' title='bbox 3305 3317 3334 3372; x_wconf 91' lang='lat'>6</span> <span class='ocrx_word' id='word_1_469' title='bbox 3370 3312 3649 3392; x_wconf 83' lang='grc' dir='ltr'>βασιλεύς”</span> <span class='ocrx_word' id='word_1_470' title='bbox 3683 3320 3798 3372; x_wconf 74' lang='grc' dir='ltr'>Μα-</span> 
     </span>
    </p>
   </div>
   <div class='ocr_carea' id='block_1_68' title="bbox 374 3405 2033 3484">
    <p class='ocr_par' dir='ltr' id='par_1_68' title="bbox 374 3405 2028 3478">
     <span class='ocr_line' id='line_1_68' title="bbox 374 3405 2028 3478; baseline 0.001 -18"><span class='ocrx_word' id='word_1_471' title='bbox 374 3405 470 3460; x_wconf 92' lang='lat' dir='ltr'>chi</span> <span class='ocrx_word' id='word_1_472' title='bbox 504 3406 664 3474; x_wconf 90' lang='lat' dir='ltr'>estis,</span> <span class='ocrx_word' id='word_1_473' title='bbox 699 3422 979 3461; x_wconf 91' lang='lat' dir='ltr'>curarum</span> <span class='ocrx_word' id='word_1_474' title='bbox 1037 3405 1217 3478; x_wconf 90' lang='lat' dir='ltr'>hujus</span> <span class='ocrx_word' id='word_1_475' title='bbox 1275 3406 1484 3462; x_wconf 91' lang='lat' dir='ltr'>mundi</span> <span class='ocrx_word' id='word_1_476' title='bbox 1515 3407 1702 3462; x_wconf 90' lang='lat' dir='ltr'>vacui.</span> <span class='ocrx_word' id='word_1_477' title='bbox 1742 3409 1886 3463; x_wconf 89' lang='lat' dir='ltr'>Vere</span> <span class='ocrx_word' id='word_1_478' title='bbox 1919 3408 2028 3463; x_wconf 90' lang='lat' dir='ltr'>tibi</span> 
     </span>
    </p>
   </div>
   <div class='ocr_carea' id='block_1_69' title="bbox 2144 3405 3796 3484">
    <p class='ocr_par' dir='ltr' id='par_1_69' title="bbox 2144 3406 3796 3484">
     <span class='ocr_line' id='line_1_69' title="bbox 2144 3406 3796 3484; baseline -0.001 -22"><span class='ocrx_word' id='word_1_479' title='bbox 2144 3407 2318 3482; x_wconf 76' lang='grc' dir='ltr'>κάριοι</span> <span class='ocrx_word' id='word_1_480' title='bbox 2355 3407 2870 3484; x_wconf 85' lang='grc' dir='ltr'>καίτρισμακάριοί</span> <span class='ocrx_word' id='word_1_481' title='bbox 2903 3406 3022 3463; x_wconf 83' lang='grc' dir='ltr'>ἐστε</span> <span class='ocrx_word' id='word_1_482' title='bbox 3074 3406 3246 3469; x_wconf 77' lang='grc' dir='ltr'>ὅντως</span> <span class='ocrx_word' id='word_1_483' title='bbox 3303 3407 3460 3480; x_wconf 81' lang='grc' dir='ltr'>ὑμεῖς</span> <span class='ocrx_word' id='word_1_484' title='bbox 3518 3407 3572 3462; x_wconf 73' lang='grc' dir='ltr'>οἱ</span> <span class='ocrx_word' id='word_1_485' title='bbox 3625 3426 3796 3481; x_wconf 84' lang='grc' dir='ltr'>μονα-</span> 
     </span>
    </p>
   </div>
   <div class='ocr_carea' id='block_1_70' title="bbox 377 3494 2028 3567">
    <p class='ocr_par' dir='ltr' id='par_1_70' title="bbox 377 3494 2028 3567">
     <span class='ocr_line' id='line_1_70' title="bbox 377 3494 2028 3567; baseline 0.002 -18"><span class='ocrx_word' id='word_1_486' title='bbox 377 3494 634 3564; x_wconf 80' lang='lat' dir='ltr'>afﬁrmo,</span> <span class='ocrx_word' id='word_1_487' title='bbox 666 3496 860 3564; x_wconf 88' lang='lat' dir='ltr'>Pater,</span> <span class='ocrx_word' id='word_1_488' title='bbox 893 3511 1199 3566; x_wconf 87' lang='lat' dir='ltr'>nunquam</span> <span class='ocrx_word' id='word_1_489' title='bbox 1235 3511 1328 3550; x_wconf 91' lang='lat' dir='ltr'>me</span> <span class='ocrx_word' id='word_1_490' title='bbox 1361 3495 1424 3550; x_wconf 92' lang='lat' dir='ltr'>in</span> <span class='ocrx_word' id='word_1_491' title='bbox 1454 3511 1586 3551; x_wconf 93' lang='lat' dir='ltr'>meo</span> <span class='ocrx_word' id='word_1_492' title='bbox 1619 3496 1838 3567; x_wconf 89' lang='lat' dir='ltr'>palatio</span> <span class='ocrx_word' id='word_1_493' title='bbox 1862 3501 2028 3552; x_wconf 84' lang='lat' dir='ltr'>tanta</span> 
     </span>
    </p>
   </div>
   <div class='ocr_carea' id='block_1_71' title="bbox 377 3582 2025 3656">
    <p class='ocr_par' dir='ltr' id='par_1_71' title="bbox 377 3582 2025 3656">
     <span class='ocr_line' id='line_1_71' title="bbox 377 3582 2025 3656; baseline 0.001 -18"><span class='ocrx_word' id='word_1_494' title='bbox 377 3599 513 3638; x_wconf 91' lang='lat' dir='ltr'>cum</span> <span class='ocrx_word' id='word_1_495' title='bbox 528 3582 826 3655; x_wconf 87' lang='lat' dir='ltr'>voluptate</span> <span class='ocrx_word' id='word_1_496' title='bbox 857 3582 1055 3638; x_wconf 90' lang='lat' dir='ltr'>cibum</span> <span class='ocrx_word' id='word_1_497' title='bbox 1085 3599 1154 3639; x_wconf 86' lang='lat' dir='ltr'>ac</span> <span class='ocrx_word' id='word_1_498' title='bbox 1174 3588 1380 3656; x_wconf 88' lang='lat' dir='ltr'>potum</span> <span class='ocrx_word' id='word_1_499' title='bbox 1413 3583 1756 3655; x_wconf 88' lang='lat' dir='ltr'>sumpsisse.</span> <span class='ocrx_word' id='word_1_500' title='bbox 1781 3585 2025 3640; x_wconf 90' lang='lat' dir='ltr'>Interim</span> 
     </span>
    </p>
   </div>
   <div class='ocr_carea' id='block_1_72' title="bbox 375 3670 2028 3744">
    <p class='ocr_par' dir='ltr' id='par_1_72' title="bbox 375 3670 2028 3744">
     <span class='ocr_line' id='line_1_72' title="bbox 375 3670 2028 3744; baseline 0.003 -18"><span class='ocrx_word' id='word_1_501' title='bbox 375 3670 695 3727; x_wconf 86' lang='lat' dir='ltr'>multitudo</span> <span class='ocrx_word' id='word_1_502' title='bbox 743 3672 1102 3744; x_wconf 84' lang='lat' dir='ltr'>supervenit.</span> <span class='ocrx_word' id='word_1_503' title='bbox 1147 3673 1412 3744; x_wconf 90' lang='lat' dir='ltr'>Cumque</span> <span class='ocrx_word' id='word_1_504' title='bbox 1469 3672 1793 3744; x_wconf 88' lang='lat' dir='ltr'>imperator</span> <span class='ocrx_word' id='word_1_505' title='bbox 1819 3690 2028 3730; x_wconf 86' lang='lat' dir='ltr'>mona-</span> 
     </span>
    </p>
   </div>
   <div class='ocr_carea' id='block_1_73' title="bbox 374 3761 2024 3836">
    <p class='ocr_par' dir='ltr' id='par_1_73' title="bbox 374 3761 2024 3836">
     <span class='ocr_line' id='line_1_73' title="bbox 374 3761 2024 3836; baseline 0.002 -20"><span class='ocrx_word' id='word_1_506' title='bbox 374 3761 553 3818; x_wconf 91' lang='lat' dir='ltr'>chum</span> <span class='ocrx_word' id='word_1_507' title='bbox 586 3761 648 3818; x_wconf 92' lang='lat' dir='ltr'>in</span> <span class='ocrx_word' id='word_1_508' title='bbox 675 3768 995 3834; x_wconf 89' lang='lat' dir='ltr'>conspectu</span> <span class='ocrx_word' id='word_1_509' title='bbox 1025 3763 1294 3820; x_wconf 91' lang='lat' dir='ltr'>omnium</span> <span class='ocrx_word' id='word_1_510' title='bbox 1324 3769 1639 3820; x_wconf 89' lang='lat' dir='ltr'>veneratus</span> <span class='ocrx_word' id='word_1_511' title='bbox 1669 3763 1799 3836; x_wconf 90' lang='lat' dir='ltr'>ejus</span> <span class='ocrx_word' id='word_1_512' title='bbox 1829 3766 2024 3836; x_wconf 84' lang='lat' dir='ltr'>preci-</span> 
     </span>
    </p>
   </div>
   <div class='ocr_carea' id='block_1_74' title="bbox 367 3850 2026 3918">
    <p class='ocr_par' dir='ltr' id='par_1_74' title="bbox 367 3850 2026 3918">
     <span class='ocr_line' id='line_1_74' title="bbox 367 3850 2026 3918; baseline 0.002 -13"><span class='ocrx_word' id='word_1_513' title='bbox 367 3850 480 3905; x_wconf 90' lang='lat' dir='ltr'>bus</span> <span class='ocrx_word' id='word_1_514' title='bbox 561 3853 865 3907; x_wconf 82' lang='lat' dir='ltr'>universos</span> <span class='ocrx_word' id='word_1_515' title='bbox 937 3852 1432 3918; x_wconf 90' lang='lat' dir='ltr'>commendasset,</span> <span class='ocrx_word' id='word_1_516' title='bbox 1521 3851 1795 3908; x_wconf 90' lang='lat' dir='ltr'>discessit</span> <span class='ocrx_word' id='word_1_517' title='bbox 1849 3853 2026 3909; x_wconf 87' lang='lat' dir='ltr'>salvis</span> 
     </span>
    </p>
   </div>
   <div class='ocr_carea' id='block_1_75' title="bbox 369 3938 2023 4014">
    <p class='ocr_par' dir='ltr' id='par_1_75' title="bbox 369 3938 2023 4014">
     <span class='ocr_line' id='line_1_75' title="bbox 369 3938 2023 4014; baseline 0.002 -21"><span class='ocrx_word' id='word_1_518' title='bbox 369 3938 572 4008; x_wconf 89' lang='lat' dir='ltr'>rebus,</span> <span class='ocrx_word' id='word_1_519' title='bbox 605 3944 663 3993; x_wconf 87' lang='lat' dir='ltr'>et</span> <span class='ocrx_word' id='word_1_520' title='bbox 694 3940 766 3994; x_wconf 90' lang='lat' dir='ltr'>ab</span> <span class='ocrx_word' id='word_1_521' title='bbox 798 3956 868 3995; x_wconf 91' lang='lat' dir='ltr'>eo</span> <span class='ocrx_word' id='word_1_522' title='bbox 898 3945 1166 4014; x_wconf 92' lang='lat' dir='ltr'>tempore</span> <span class='ocrx_word' id='word_1_523' title='bbox 1196 3941 1558 3997; x_wconf 90' lang='lat' dir='ltr'>monachum</span> <span class='ocrx_word' id='word_1_524' title='bbox 1591 3941 1769 3996; x_wconf 89' lang='lat' dir='ltr'>istum</span> <span class='ocrx_word' id='word_1_525' title='bbox 1811 3941 1873 3996; x_wconf 90' lang='lat' dir='ltr'>in</span> <span class='ocrx_word' id='word_1_526' title='bbox 1917 3941 2023 3997; x_wconf 80' lang='lat' dir='ltr'>ho-</span> 
     </span>
    </p>
   </div>
   <div class='ocr_carea' id='block_1_76' title="bbox 373 4027 2024 4104">
    <p class='ocr_par' dir='ltr' id='par_1_76' title="bbox 373 4027 2024 4104">
     <span class='ocr_line' id='line_1_76' title="bbox 373 4027 2024 4104; baseline 0.003 -23"><span class='ocrx_word' id='word_1_527' title='bbox 373 4043 520 4082; x_wconf 90' lang='lat' dir='ltr'>nore</span> <span class='ocrx_word' id='word_1_528' title='bbox 552 4027 777 4085; x_wconf 90' lang='lat' dir='ltr'>habuit.</span> <span class='ocrx_word' id='word_1_529' title='bbox 811 4030 1027 4086; x_wconf 86' lang='lat' dir='ltr'>Verum</span> <span class='ocrx_word' id='word_1_530' title='bbox 1049 4030 1098 4086; x_wconf 91' lang='lat' dir='ltr'>is</span> <span class='ocrx_word' id='word_1_531' title='bbox 1129 4029 1266 4103; x_wconf 83' lang='lat' dir='ltr'>fuga</span> <span class='ocrx_word' id='word_1_532' title='bbox 1294 4047 1356 4086; x_wconf 87' lang='lat' dir='ltr'>se</span> <span class='ocrx_word' id='word_1_533' title='bbox 1375 4029 1654 4086; x_wconf 84' lang='lat' dir='ltr'>subduxit</span> <span class='ocrx_word' id='word_1_534' title='bbox 1683 4037 1744 4086; x_wconf 91' lang='lat' dir='ltr'>et</span> <span class='ocrx_word' id='word_1_535' title='bbox 1763 4031 1826 4086; x_wconf 93' lang='lat' dir='ltr'>in</span> <span class='ocrx_word' id='word_1_536' title='bbox 1857 4033 2024 4104; x_wconf 56' lang='grc' dir='ltr'>Εεν-</span> 
     </span>
    </p>
   </div>
   <div class='ocr_carea' id='block_1_77' title="bbox 370 4116 766 4187">
    <p class='ocr_par' dir='ltr' id='par_1_77' title="bbox 370 4116 766 4187">
     <span class='ocr_line' id='line_1_77' title="bbox 370 4116 766 4187; baseline 0.005 -17"><span class='ocrx_word' id='word_1_537' title='bbox 370 4120 540 4187; x_wconf 88' lang='lat' dir='ltr'>ptum</span> <span class='ocrx_word' id='word_1_538' title='bbox 570 4116 766 4172; x_wconf 89' lang='lat' dir='ltr'>rediit.</span> 
     </span>
    </p>
   </div>
   <div class='ocr_carea' id='block_1_78' title="bbox 443 4385 2024 4460">
    <p class='ocr_par' dir='ltr' id='par_1_78' title="bbox 443 4385 2024 4460">
     <span class='ocr_line' id='line_1_78' title="bbox 443 4385 2024 4460; baseline 0.004 -22"><span class='ocrx_word' id='word_1_539' title='bbox 443 4385 524 4439; x_wconf 89' lang='lat' dir='ltr'>Eo</span> <span class='ocrx_word' id='word_1_540' title='bbox 585 4388 850 4456; x_wconf 91' lang='lat' dir='ltr'>tempore</span> <span class='ocrx_word' id='word_1_541' title='bbox 900 4385 1081 4441; x_wconf 86' lang='lat' dir='ltr'>etiam</span> <span class='ocrx_word' id='word_1_542' title='bbox 1113 4402 1364 4456; x_wconf 81' lang='lat' dir='ltr'>magnus</span> <span class='ocrx_word' id='word_1_543' title='bbox 1401 4386 1501 4442; x_wconf 90' lang='lat' dir='ltr'>ille</span> <span class='ocrx_word' id='word_1_544' title='bbox 1533 4387 1812 4460; x_wconf 85' lang='lat' dir='ltr'>Symeon,</span> <span class='ocrx_word' id='word_1_545' title='bbox 1849 4388 1950 4460; x_wconf 89' lang='lat' dir='ltr'>qui</span> <span class='ocrx_word' id='word_1_546' title='bbox 1990 4405 2024 4444; x_wconf 90' lang='lat' dir='ltr'>a</span> 
     </span>
    </p>
   </div>
   <div class='ocr_carea' id='block_1_79' title="bbox 376 4473 2021 4549">
    <p class='ocr_par' dir='ltr' id='par_1_79' title="bbox 376 4473 2021 4549">
     <span class='ocr_line' id='line_1_79' title="bbox 376 4473 2021 4549; baseline 0.004 -22"><span class='ocrx_word' id='word_1_547' title='bbox 376 4473 656 4528; x_wconf 89' lang='lat' dir='ltr'>columna</span> <span class='ocrx_word' id='word_1_548' title='bbox 695 4474 933 4546; x_wconf 86' lang='lat' dir='ltr'>Stylites</span> <span class='ocrx_word' id='word_1_549' title='bbox 990 4475 1353 4544; x_wconf 84' lang='lat' dir='ltr'>nominatur,</span> <span class='ocrx_word' id='word_1_550' title='bbox 1412 4476 1660 4549; x_wconf 89' lang='lat' dir='ltr'>gloriam</span> <span class='ocrx_word' id='word_1_551' title='bbox 1711 4477 2021 4533; x_wconf 91' lang='lat' dir='ltr'>hominum</span> 
     </span>
    </p>
   </div>
   <div class='ocr_carea' id='block_1_80' title="bbox 365 4561 2020 4632">
    <p class='ocr_par' dir='ltr' id='par_1_80' title="bbox 365 4561 2020 4632">
     <span class='ocr_line' id='line_1_80' title="bbox 365 4561 2020 4632; baseline 0.003 -16"><span class='ocrx_word' id='word_1_552' title='bbox 365 4561 624 4632; x_wconf 81' lang='lat' dir='ltr'>fugiens,</span> <span class='ocrx_word' id='word_1_553' title='bbox 653 4561 994 4619; x_wconf 90' lang='lat' dir='ltr'>columnam</span> <span class='ocrx_word' id='word_1_554' title='bbox 1025 4565 1388 4620; x_wconf 90' lang='lat' dir='ltr'>conscendit.</span> <span class='ocrx_word' id='word_1_555' title='bbox 1422 4566 1566 4622; x_wconf 89' lang='lat' dir='ltr'>Cum</span> <span class='ocrx_word' id='word_1_556' title='bbox 1597 4566 1759 4622; x_wconf 92' lang='lat' dir='ltr'>enim</span> <span class='ocrx_word' id='word_1_557' title='bbox 1787 4566 1861 4622; x_wconf 87' lang='lat' dir='ltr'>ad</span> <span class='ocrx_word' id='word_1_558' title='bbox 1885 4583 2020 4622; x_wconf 91' lang='lat' dir='ltr'>eum</span> 
     </span>
    </p>
   </div>
   <div class='ocr_carea' id='block_1_81' title="bbox 368 4649 2019 4728">
    <p class='ocr_par' dir='ltr' id='par_1_81' title="bbox 368 4649 2019 4728">
     <span class='ocr_line' id='line_1_81' title="bbox 368 4649 2019 4728; baseline 0.004 -24"><span class='ocrx_word' id='word_1_559' title='bbox 368 4649 544 4704; x_wconf 91' lang='lat' dir='ltr'>multi</span> <span class='ocrx_word' id='word_1_560' title='bbox 575 4651 845 4706; x_wconf 90' lang='lat' dir='ltr'>venirent</span> <span class='ocrx_word' id='word_1_561' title='bbox 873 4653 1274 4726; x_wconf 91' lang='lat' dir='ltr'>pelliceasque</span> <span class='ocrx_word' id='word_1_562' title='bbox 1306 4656 1435 4728; x_wconf 87' lang='lat' dir='ltr'>ejus</span> <span class='ocrx_word' id='word_1_563' title='bbox 1464 4661 1655 4712; x_wconf 89' lang='lat' dir='ltr'>vestes</span> <span class='ocrx_word' id='word_1_564' title='bbox 1689 4673 1866 4711; x_wconf 90' lang='lat' dir='ltr'>nemo</span> <span class='ocrx_word' id='word_1_565' title='bbox 1898 4672 2019 4710; x_wconf 89' lang='lat' dir='ltr'>non</span> 
     </span>
    </p>
   </div>
   <div class='ocr_carea' id='block_1_82' title="bbox 369 4742 2096 4841">
    <p class='ocr_par' dir='ltr' id='par_1_82' title="bbox 369 4742 2096 4841">
     <span class='ocr_line' id='line_1_82' title="bbox 369 4742 2096 4841; baseline 0.005 -50"><span class='ocrx_word' id='word_1_566' title='bbox 369 4743 610 4811; x_wconf 88' lang='lat' dir='ltr'>tangere</span> <span class='ocrx_word' id='word_1_567' title='bbox 641 4747 902 4812; x_wconf 90' lang='lat' dir='ltr'>cuperet,</span> <span class='ocrx_word' id='word_1_568' title='bbox 936 4742 1275 4801; x_wconf 88' lang='lat' dir='ltr'>columnam</span> <span class='ocrx_word' id='word_1_569' title='bbox 1323 4744 1688 4800; x_wconf 87' lang='lat' dir='ltr'>conscendit.</span> <span class='ocrx_word' id='word_1_570' title='bbox 1720 4744 2019 4816; x_wconf 90' lang='lat' dir='ltr'>Principio</span> <span class='ocrx_word' id='word_1_571' title='bbox 2054 4776 2096 4841; x_wconf 81' lang='lat' dir='ltr'><strong>D</strong></span> 
     </span>
    </p>
   </div>
   <div class='ocr_carea' id='block_1_83' title="bbox 373 4827 2022 4904">
    <p class='ocr_par' dir='ltr' id='par_1_83' title="bbox 373 4827 2022 4904">
     <span class='ocr_line' id='line_1_83' title="bbox 373 4827 2022 4904; baseline 0.005 -23"><span class='ocrx_word' id='word_1_572' title='bbox 373 4827 614 4899; x_wconf 90' lang='lat' dir='ltr'>quidem</span> <span class='ocrx_word' id='word_1_573' title='bbox 646 4846 778 4886; x_wconf 89' lang='lat' dir='ltr'>eam</span> <span class='ocrx_word' id='word_1_574' title='bbox 809 4848 910 4888; x_wconf 87' lang='lat' dir='ltr'>sex</span> <span class='ocrx_word' id='word_1_575' title='bbox 941 4832 1279 4890; x_wconf 86' lang='lat' dir='ltr'>cubitorum</span> <span class='ocrx_word' id='word_1_576' title='bbox 1337 4834 1465 4889; x_wconf 81' lang='lat' dir='ltr'>fleri</span> <span class='ocrx_word' id='word_1_577' title='bbox 1489 4833 1694 4904; x_wconf 80' lang='lat' dir='ltr'>jussit,</span> <span class='ocrx_word' id='word_1_578' title='bbox 1753 4833 1891 4888; x_wconf 89' lang='lat' dir='ltr'>inde</span> <span class='ocrx_word' id='word_1_579' title='bbox 1947 4833 2022 4890; x_wconf 90' lang='lat' dir='ltr'>ad</span> 
     </span>
    </p>
   </div>
   <div class='ocr_carea' id='block_1_84' title="bbox 368 4917 2024 4996">
    <p class='ocr_par' dir='ltr' id='par_1_84' title="bbox 368 4917 2024 4996">
     <span class='ocr_line' id='line_1_84' title="bbox 368 4917 2024 4996; baseline 0.004 -23"><span class='ocrx_word' id='word_1_580' title='bbox 368 4917 707 4990; x_wconf 91' lang='lat' dir='ltr'>duodecim,</span> <span class='ocrx_word' id='word_1_581' title='bbox 739 4928 873 4992; x_wconf 89' lang='lat' dir='ltr'>post</span> <span class='ocrx_word' id='word_1_582' title='bbox 902 4922 976 4978; x_wconf 89' lang='lat' dir='ltr'>ad</span> <span class='ocrx_word' id='word_1_583' title='bbox 997 4924 1200 4996; x_wconf 88' lang='lat' dir='ltr'>viginti</span> <span class='ocrx_word' id='word_1_584' title='bbox 1232 4923 1370 4992; x_wconf 92' lang='lat' dir='ltr'>duo,</span> <span class='ocrx_word' id='word_1_585' title='bbox 1391 4922 1648 4995; x_wconf 87' lang='lat' dir='ltr'>denique</span> <span class='ocrx_word' id='word_1_586' title='bbox 1677 4923 1750 4978; x_wconf 91' lang='lat' dir='ltr'>ad</span> <span class='ocrx_word' id='word_1_587' title='bbox 1781 4923 2024 4996; x_wconf 85' lang='lat' dir='ltr'>triginta</span> 
     </span>
    </p>
   </div>
   <div class='ocr_carea' id='block_1_85' title="bbox 367 5007 2025 5085">
    <p class='ocr_par' dir='ltr' id='par_1_85' title="bbox 367 5007 2025 5085">
     <span class='ocr_line' id='line_1_85' title="bbox 367 5007 2025 5085; baseline 0.004 -23"><span class='ocrx_word' id='word_1_588' title='bbox 367 5023 468 5063; x_wconf 84' lang='lat' dir='ltr'>sex</span> <span class='ocrx_word' id='word_1_589' title='bbox 497 5007 728 5066; x_wconf 85' lang='lat' dir='ltr'>cubitos</span> <span class='ocrx_word' id='word_1_590' title='bbox 751 5011 942 5068; x_wconf 91' lang='lat' dir='ltr'>educi.</span> <span class='ocrx_word' id='word_1_591' title='bbox 968 5013 1109 5085; x_wconf 91' lang='lat' dir='ltr'>Ejus</span> <span class='ocrx_word' id='word_1_592' title='bbox 1135 5012 1452 5068; x_wconf 88' lang='lat' dir='ltr'>stationem</span> <span class='ocrx_word' id='word_1_593' title='bbox 1477 5011 1748 5066; x_wconf 87' lang='lat' dir='ltr'>existimo</span> <span class='ocrx_word' id='word_1_594' title='bbox 1769 5027 1804 5068; x_wconf 90' lang='lat' dir='ltr'>a</span> <span class='ocrx_word' id='word_1_595' title='bbox 1824 5011 2025 5069; x_wconf 88' lang='lat' dir='ltr'>divina</span> 
     </span>
    </p>
   </div>
   <div class='ocr_carea' id='block_1_86' title="bbox 365 5096 2023 5173">
    <p class='ocr_par' dir='ltr' id='par_1_86' title="bbox 365 5096 2023 5173">
     <span class='ocr_line' id='line_1_86' title="bbox 365 5096 2023 5173; baseline 0.004 -22"><span class='ocrx_word' id='word_1_596' title='bbox 365 5096 740 5166; x_wconf 88' lang='lat' dir='ltr'>providentia</span> <span class='ocrx_word' id='word_1_597' title='bbox 794 5099 980 5156; x_wconf 87' lang='lat' dir='ltr'>fuisse</span> <span class='ocrx_word' id='word_1_598' title='bbox 1027 5101 1380 5173; x_wconf 84' lang='lat' dir='ltr'>ignoratam,</span> <span class='ocrx_word' id='word_1_599' title='bbox 1441 5116 1572 5171; x_wconf 75' lang='lat' dir='ltr'>quaa</span> <span class='ocrx_word' id='word_1_600' title='bbox 1621 5099 2023 5173; x_wconf 86' lang='lat' dir='ltr'>ignavioribus</span> 
     </span>
    </p>
   </div>
   <div class='ocr_carea' id='block_1_87' title="bbox 366 5186 2021 5246">
    <p class='ocr_par' dir='ltr' id='par_1_87' title="bbox 366 5186 2021 5246">
     <span class='ocr_line' id='line_1_87' title="bbox 366 5186 2021 5246; baseline 0.004 -6"><span class='ocrx_word' id='word_1_601' title='bbox 366 5186 500 5240; x_wconf 90' lang='lat' dir='ltr'>usui</span> <span class='ocrx_word' id='word_1_602' title='bbox 521 5186 693 5242; x_wconf 87' lang='lat' dir='ltr'>foret.</span> <span class='ocrx_word' id='word_1_603' title='bbox 731 5187 894 5244; x_wconf 90' lang='lat' dir='ltr'>Sicut</span> <span class='ocrx_word' id='word_1_604' title='bbox 923 5189 1077 5244; x_wconf 88' lang='lat' dir='ltr'>Deus</span> <span class='ocrx_word' id='word_1_605' title='bbox 1134 5193 1194 5244; x_wconf 90' lang='lat' dir='ltr'>et</span> <span class='ocrx_word' id='word_1_606' title='bbox 1221 5188 1435 5245; x_wconf 87' lang='lat' dir='ltr'>Isaiam</span> <span class='ocrx_word' id='word_1_607' title='bbox 1487 5187 1717 5244; x_wconf 91' lang='lat' dir='ltr'>nudum</span> <span class='ocrx_word' id='word_1_608' title='bbox 1773 5205 1842 5245; x_wconf 87' lang='lat' dir='ltr'>ac</span> <span class='ocrx_word' id='word_1_609' title='bbox 1893 5189 2021 5246; x_wconf 91' lang='lat' dir='ltr'>sine</span> 
     </span>
    </p>
   </div>
   <div class='ocr_carea' id='block_1_88' title="bbox 369 5273 2022 5351">
    <p class='ocr_par' dir='ltr' id='par_1_88' title="bbox 369 5273 2022 5351">
     <span class='ocr_line' id='line_1_88' title="bbox 369 5273 2022 5351; baseline 0.004 -24"><span class='ocrx_word' id='word_1_610' title='bbox 369 5273 585 5330; x_wconf 90' lang='lat' dir='ltr'>calceis</span> <span class='ocrx_word' id='word_1_611' title='bbox 605 5277 755 5332; x_wconf 73' lang='grc'>597</span> <span class='ocrx_word' id='word_1_612' title='bbox 791 5277 1070 5334; x_wconf 91' lang='lat' dir='ltr'>incedere</span> <span class='ocrx_word' id='word_1_613' title='bbox 1093 5278 1296 5350; x_wconf 91' lang='lat' dir='ltr'>jussit,</span> <span class='ocrx_word' id='word_1_614' title='bbox 1330 5285 1390 5334; x_wconf 88' lang='lat' dir='ltr'>et</span> <span class='ocrx_word' id='word_1_615' title='bbox 1411 5277 1728 5333; x_wconf 85' lang='lat' dir='ltr'>Jeremiam</span> <span class='ocrx_word' id='word_1_616' title='bbox 1761 5276 2022 5351; x_wconf 81' lang='lat' dir='ltr'>subliga-</span> 
     </span>
    </p>
   </div>
   <div class='ocr_carea' id='block_1_89' title="bbox 368 5361 2021 5442">
    <p class='ocr_par' dir='ltr' id='par_1_89' title="bbox 368 5361 2021 5442">
     <span class='ocr_line' id='line_1_89' title="bbox 368 5361 2021 5442; baseline 0.005 -25"><span class='ocrx_word' id='word_1_617' title='bbox 368 5363 500 5419; x_wconf 92' lang='lat' dir='ltr'>culo</span> <span class='ocrx_word' id='word_1_618' title='bbox 532 5365 768 5424; x_wconf 90' lang='lat' dir='ltr'>lumbos</span> <span class='ocrx_word' id='word_1_619' title='bbox 799 5361 1132 5428; x_wconf 65' lang='lat' dir='ltr'>succi&#39;ntum</span> <span class='ocrx_word' id='word_1_620' title='bbox 1155 5371 1482 5440; x_wconf 89' lang='lat' dir='ltr'>vaticinari,</span> <span class='ocrx_word' id='word_1_621' title='bbox 1505 5370 1828 5442; x_wconf 85' lang='lat' dir='ltr'>aliquando</span> <span class='ocrx_word' id='word_1_622' title='bbox 1841 5371 2021 5425; x_wconf 86' lang='lat' dir='ltr'>etiam</span> 
     </span>
    </p>
   </div>
   <div class='ocr_carea' id='block_1_90' title="bbox 2135 3493 3802 3573">
    <p class='ocr_par' dir='ltr' id='par_1_90' title="bbox 2135 3493 3802 3573">
     <span class='ocr_line' id='line_1_90' title="bbox 2135 3493 3802 3573; baseline 0 -22"><span class='ocrx_word' id='word_1_623' title='bbox 2135 3494 2252 3572; x_wconf 67' lang='grc' dir='ltr'>χοῖ,</span> <span class='ocrx_word' id='word_1_624' title='bbox 2285 3496 2377 3551; x_wconf 75' lang='grc' dir='ltr'>καὶ</span> <span class='ocrx_word' id='word_1_625' title='bbox 2403 3496 2699 3573; x_wconf 79' lang='grc' dir='ltr'>ἀμέριμνοι</span> <span class='ocrx_word' id='word_1_626' title='bbox 2739 3501 2836 3552; x_wconf 89' lang='grc' dir='ltr'>τοῦ</span> <span class='ocrx_word' id='word_1_627' title='bbox 2893 3497 3126 3569; x_wconf 87' lang='grc' dir='ltr'>κόσμου.</span> <span class='ocrx_word' id='word_1_628' title='bbox 3191 3496 3310 3553; x_wconf 89' lang='grc' dir='ltr'>Ἐπ’</span> <span class='ocrx_word' id='word_1_629' title='bbox 3358 3493 3621 3567; x_wconf 83' lang='grc' dir='ltr'>ἀληθείας</span> <span class='ocrx_word' id='word_1_630' title='bbox 3655 3494 3802 3571; x_wconf 86' lang='grc' dir='ltr'>λέγω</span> 
     </span>
    </p>
   </div>
   <div class='ocr_carea' id='block_1_91' title="bbox 2135 3581 3797 3662">
    <p class='ocr_par' dir='ltr' id='par_1_91' title="bbox 2135 3581 3797 3662">
     <span class='ocr_line' id='line_1_91' title="bbox 2135 3581 3797 3662; baseline 0 -22"><span class='ocrx_word' id='word_1_631' title='bbox 2135 3605 2242 3657; x_wconf 88' lang='grc' dir='ltr'>σοι,</span> <span class='ocrx_word' id='word_1_632' title='bbox 2272 3585 2472 3661; x_wconf 85' lang='grc' dir='ltr'>Πάτερ.</span> <span class='ocrx_word' id='word_1_633' title='bbox 2506 3586 2589 3640; x_wconf 82' lang='grc' dir='ltr'>ὅτι</span> <span class='ocrx_word' id='word_1_634' title='bbox 2648 3585 2701 3641; x_wconf 87' lang='grc' dir='ltr'>ἐν</span> <span class='ocrx_word' id='word_1_635' title='bbox 2741 3589 2824 3656; x_wconf 86' lang='grc' dir='ltr'>τῷ</span> <span class='ocrx_word' id='word_1_636' title='bbox 2853 3583 3108 3659; x_wconf 84' lang='grc' dir='ltr'>παλατίῳ</span> <span class='ocrx_word' id='word_1_637' title='bbox 3166 3585 3476 3662; x_wconf 77' lang='grc' dir='ltr'>ἐγεννήθην,</span> <span class='ocrx_word' id='word_1_638' title='bbox 3505 3584 3596 3640; x_wconf 86' lang='grc' dir='ltr'>καὶ</span> <span class='ocrx_word' id='word_1_639' title='bbox 3639 3581 3797 3640; x_wconf 84' lang='grc' dir='ltr'>ούδέ-</span> 
     </span>
    </p>
   </div>
   <div class='ocr_carea' id='block_1_92' title="bbox 2133 3671 3798 3750">
    <p class='ocr_par' dir='ltr' id='par_1_92' title="bbox 2133 3671 3798 3750">
     <span class='ocr_line' id='line_1_92' title="bbox 2133 3671 3798 3750; baseline 0.001 -22"><span class='ocrx_word' id='word_1_640' title='bbox 2133 3693 2270 3730; x_wconf 88' lang='grc' dir='ltr'>ποτε</span> <span class='ocrx_word' id='word_1_641' title='bbox 2317 3675 2432 3746; x_wconf 85' lang='grc' dir='ltr'>μετ’</span> <span class='ocrx_word' id='word_1_642' title='bbox 2478 3671 2693 3744; x_wconf 80' lang='grc' dir='ltr'>ἡδονῶν</span> <span class='ocrx_word' id='word_1_643' title='bbox 2753 3673 3047 3744; x_wconf 71' lang='grc' dir='ltr'>ἀπήλαυσα</span> <span class='ocrx_word' id='word_1_644' title='bbox 3117 3674 3374 3750; x_wconf 87' lang='grc' dir='ltr'>βρώσεως</span> <span class='ocrx_word' id='word_1_645' title='bbox 3432 3673 3524 3729; x_wconf 77' lang='grc' dir='ltr'>καὶ</span> <span class='ocrx_word' id='word_1_646' title='bbox 3579 3672 3798 3737; x_wconf 76' lang='grc' dir='ltr'>πὸσεως</span> 
     </span>
    </p>
   </div>
   <div class='ocr_carea' id='block_1_93' title="bbox 2134 3760 3794 3844">
    <p class='ocr_par' dir='ltr' id='par_1_93' title="bbox 2134 3760 3794 3844">
     <span class='ocr_line' id='line_1_93' title="bbox 2134 3760 3794 3844; baseline 0 -26"><span class='ocrx_word' id='word_1_647' title='bbox 2134 3763 2312 3828; x_wconf 88' lang='grc' dir='ltr'>καθὼς</span> <span class='ocrx_word' id='word_1_648' title='bbox 2338 3765 2601 3838; x_wconf 69' lang='grc' dir='ltr'>σήμερον.</span> <span class='ocrx_word' id='word_1_649' title='bbox 2642 3767 2749 3820; x_wconf 90' lang='grc' dir='ltr'>Τοῦ</span> <span class='ocrx_word' id='word_1_650' title='bbox 2781 3760 2839 3818; x_wconf 74' lang='grc' dir='ltr'>δὲ</span> <span class='ocrx_word' id='word_1_651' title='bbox 2869 3768 3006 3819; x_wconf 79' lang='grc' dir='ltr'>λαοῦ</span> <span class='ocrx_word' id='word_1_652' title='bbox 3037 3762 3360 3844; x_wconf 76' lang='grc' dir='ltr'>φθάσαντος,</span> <span class='ocrx_word' id='word_1_653' title='bbox 3401 3763 3488 3818; x_wconf 81' lang='grc' dir='ltr'>καὶ</span> <span class='ocrx_word' id='word_1_654' title='bbox 3547 3761 3794 3819; x_wconf 85' lang='grc' dir='ltr'>ἐπώπιον</span> 
     </span>
    </p>
   </div>
   <div class='ocr_carea' id='block_1_94' title="bbox 2135 3851 3792 3928">
    <p class='ocr_par' dir='ltr' id='par_1_94' title="bbox 2135 3851 3792 3928">
     <span class='ocr_line' id='line_1_94' title="bbox 2135 3851 3792 3928; baseline -0.001 -20"><span class='ocrx_word' id='word_1_655' title='bbox 2135 3853 2351 3909; x_wconf 77' lang='grc' dir='ltr'>πάντων</span> <span class='ocrx_word' id='word_1_656' title='bbox 2419 3853 2760 3927; x_wconf 78' lang='grc' dir='ltr'>ἀξιοπρεπῶς</span> <span class='ocrx_word' id='word_1_657' title='bbox 2841 3854 3172 3927; x_wconf 74' lang='grc' dir='ltr'>τιμήσαντος</span> <span class='ocrx_word' id='word_1_658' title='bbox 3238 3853 3331 3908; x_wconf 85' lang='grc' dir='ltr'>τὸν</span> <span class='ocrx_word' id='word_1_659' title='bbox 3390 3851 3640 3928; x_wconf 70' lang='grc' dir='ltr'>γέροντα,</span> <span class='ocrx_word' id='word_1_660' title='bbox 3696 3851 3792 3908; x_wconf 77' lang='grc' dir='ltr'>καὶ</span> 
     </span>
    </p>
   </div>
   <div class='ocr_carea' id='block_1_95' title="bbox 2133 3939 3792 4019">
    <p class='ocr_par' dir='ltr' id='par_1_95' title="bbox 2133 3939 3792 4019">
     <span class='ocr_line' id='line_1_95' title="bbox 2133 3939 3792 4019; baseline -0.002 -22"><span class='ocrx_word' id='word_1_661' title='bbox 2133 3942 2337 4005; x_wconf 86' lang='grc' dir='ltr'>πάντας</span> <span class='ocrx_word' id='word_1_662' title='bbox 2369 3942 2662 4015; x_wconf 79' lang='grc' dir='ltr'>ἀξιωθῆναι</span> <span class='ocrx_word' id='word_1_663' title='bbox 2714 3948 2815 4012; x_wconf 79' lang='grc' dir='ltr'>τῆς</span> <span class='ocrx_word' id='word_1_664' title='bbox 2869 3941 3038 4019; x_wconf 75' lang='grc' dir='ltr'>εὐχῆς</span> <span class='ocrx_word' id='word_1_665' title='bbox 3089 3941 3255 3998; x_wconf 79' lang='grc' dir='ltr'>αὐτοῦ</span> <span class='ocrx_word' id='word_1_666' title='bbox 3310 3939 3664 4004; x_wconf 82' lang='grc' dir='ltr'>κελεύσαντος</span> <span class='ocrx_word' id='word_1_667' title='bbox 3691 3945 3792 3996; x_wconf 87' lang='grc' dir='ltr'>τοῦ</span> 
     </span>
    </p>
   </div>
   <div class='ocr_carea' id='block_1_96' title="bbox 2137 4028 3794 4107">
    <p class='ocr_par' dir='ltr' id='par_1_96' title="bbox 2137 4028 3794 4107">
     <span class='ocr_line' id='line_1_96' title="bbox 2137 4028 3794 4107; baseline -0.002 -20"><span class='ocrx_word' id='word_1_668' title='bbox 2137 4029 2430 4106; x_wconf 80' lang='grc' dir='ltr'>βασιλέως,</span> <span class='ocrx_word' id='word_1_669' title='bbox 2487 4030 2835 4107; x_wconf 77' lang='grc' dir='ltr'>ἀνεχώρησεν</span> <span class='ocrx_word' id='word_1_670' title='bbox 2893 4031 2970 4095; x_wconf 79' lang='grc' dir='ltr'>είς</span> <span class='ocrx_word' id='word_1_671' title='bbox 3011 4032 3112 4101; x_wconf 79' lang='grc' dir='ltr'>τὴν</span> <span class='ocrx_word' id='word_1_672' title='bbox 3143 4028 3266 4087; x_wconf 82' lang='grc' dir='ltr'>ὁδὸν</span> <span class='ocrx_word' id='word_1_673' title='bbox 3299 4029 3466 4086; x_wconf 72' lang='grc' dir='ltr'>αὺτοῦ</span> <span class='ocrx_word' id='word_1_674' title='bbox 3499 4032 3616 4104; x_wconf 88' lang='grc' dir='ltr'>μετ’</span> <span class='ocrx_word' id='word_1_675' title='bbox 3645 4030 3794 4107; x_wconf 76' lang='grc' dir='ltr'>εἰρή-</span> 
     </span>
    </p>
   </div>
   <div class='ocr_carea' id='block_1_97' title="bbox 2131 4117 3787 4197">
    <p class='ocr_par' dir='ltr' id='par_1_97' title="bbox 2131 4117 3787 4197">
     <span class='ocr_line' id='line_1_97' title="bbox 2131 4117 3787 4197; baseline 0.001 -21"><span class='ocrx_word' id='word_1_676' title='bbox 2131 4142 2252 4192; x_wconf 83' lang='grc' dir='ltr'>νης.</span> <span class='ocrx_word' id='word_1_677' title='bbox 2287 4120 2390 4178; x_wconf 84' lang='grc' dir='ltr'>Καὶ</span> <span class='ocrx_word' id='word_1_678' title='bbox 2420 4117 2622 4197; x_wconf 77' lang='grc' dir='ltr'>ἤρξατο</span> <span class='ocrx_word' id='word_1_679' title='bbox 2653 4121 2758 4176; x_wconf 82' lang='grc' dir='ltr'>ἀπὸ</span> <span class='ocrx_word' id='word_1_680' title='bbox 2811 4120 2935 4177; x_wconf 85' lang='grc' dir='ltr'>τότε</span> <span class='ocrx_word' id='word_1_681' title='bbox 2991 4125 3154 4195; x_wconf 79' lang='grc' dir='ltr'>τιμᾷν</span> <span class='ocrx_word' id='word_1_682' title='bbox 3223 4119 3383 4176; x_wconf 75' lang='grc' dir='ltr'>αὐτὸν</span> <span class='ocrx_word' id='word_1_683' title='bbox 3445 4121 3474 4176; x_wconf 95' lang='lat'>6</span> <span class='ocrx_word' id='word_1_684' title='bbox 3503 4122 3787 4196; x_wconf 67' lang='grc' dir='ltr'>βασιλεὺς.</span> 
     </span>
    </p>
   </div>
   <div class='ocr_carea' id='block_1_98' title="bbox 2133 4205 3792 4291">
    <p class='ocr_par' dir='ltr' id='par_1_98' title="bbox 2133 4205 3792 4291">
     <span class='ocr_line' id='line_1_98' title="bbox 2133 4205 3792 4291; baseline -0.002 -23"><span class='ocrx_word' id='word_1_685' title='bbox 2133 4211 2194 4268; x_wconf 73' lang='grc' dir='ltr'>Ὀ</span> <span class='ocrx_word' id='word_1_686' title='bbox 2226 4209 2285 4266; x_wconf 76' lang='grc' dir='ltr'>δὲ</span> <span class='ocrx_word' id='word_1_687' title='bbox 2311 4210 2484 4287; x_wconf 72' lang='grc' dir='ltr'>γέρων</span> <span class='ocrx_word' id='word_1_688' title='bbox 2545 4210 2773 4273; x_wconf 79' lang='grc' dir='ltr'>ἀναστὰς</span> <span class='ocrx_word' id='word_1_689' title='bbox 2831 4205 2993 4291; x_wconf 82' lang='grc' dir='ltr'>ἔφυγε</span> <span class='ocrx_word' id='word_1_690' title='bbox 3023 4209 3114 4266; x_wconf 81' lang='grc' dir='ltr'>καὶ</span> <span class='ocrx_word' id='word_1_691' title='bbox 3174 4209 3338 4266; x_wconf 89' lang='grc' dir='ltr'>πάλιν</span> <span class='ocrx_word' id='word_1_692' title='bbox 3397 4209 3642 4280; x_wconf 73' lang='grc' dir='ltr'>ἀπῆλθεν</span> <span class='ocrx_word' id='word_1_693' title='bbox 3709 4210 3792 4274; x_wconf 79' lang='grc' dir='ltr'>εἰς</span> 
     </span>
    </p>
   </div>
   <div class='ocr_carea' id='block_1_99' title="bbox 2133 4300 2437 4373">
    <p class='ocr_par' dir='ltr' id='par_1_99' title="bbox 2133 4300 2437 4373">
     <span class='ocr_line' id='line_1_99' title="bbox 2133 4300 2437 4373; baseline -0.003 -16"><span class='ocrx_word' id='word_1_694' title='bbox 2133 4300 2412 4373; x_wconf 83' lang='grc' dir='ltr'>Δῖγυπτον</span> <span class='ocrx_word' id='word_1_695' title='bbox 2423 4343 2437 4356; x_wconf 93' lang='grc'>.</span> 
     </span>
    </p>
   </div>
   <div class='ocr_carea' id='block_1_100' title="bbox 2202 4387 3790 4464">
    <p class='ocr_par' dir='ltr' id='par_1_100' title="bbox 2202 4387 3790 4464">
     <span class='ocr_line' id='line_1_100' title="bbox 2202 4387 3790 4464; baseline -0.002 -19"><span class='ocrx_word' id='word_1_696' title='bbox 2202 4390 2292 4446; x_wconf 89' lang='grc' dir='ltr'>Ἐν</span> <span class='ocrx_word' id='word_1_697' title='bbox 2345 4393 2462 4451; x_wconf 88' lang='grc' dir='ltr'>τοῖς</span> <span class='ocrx_word' id='word_1_698' title='bbox 2539 4387 2767 4464; x_wconf 85' lang='grc' dir='ltr'>χρόνοις</span> <span class='ocrx_word' id='word_1_699' title='bbox 2825 4387 3042 4451; x_wconf 86' lang='grc' dir='ltr'>τούτοις</span> <span class='ocrx_word' id='word_1_700' title='bbox 3093 4388 3184 4444; x_wconf 82' lang='grc' dir='ltr'>καὶ</span> <span class='ocrx_word' id='word_1_701' title='bbox 3217 4389 3244 4443; x_wconf 83' lang='grc' dir='ltr'><strong>ὁ</strong></span> <span class='ocrx_word' id='word_1_702' title='bbox 3279 4389 3444 4462; x_wconf 66' lang='grc' dir='ltr'>μέγας</span> <span class='ocrx_word' id='word_1_703' title='bbox 3504 4388 3730 4460; x_wconf 86' lang='grc' dir='ltr'>Συμεὼν</span> <span class='ocrx_word' id='word_1_704' title='bbox 3760 4388 3790 4442; x_wconf 90' lang='lat'>6</span> 
     </span>
    </p>
   </div>
   <div class='ocr_carea' id='block_1_101' title="bbox 2131 4468 3783 4548">
    <p class='ocr_par' dir='ltr' id='par_1_101' title="bbox 2131 4468 3783 4548">
     <span class='ocr_line' id='line_1_101' title="bbox 2131 4468 3783 4548; baseline -0.002 -19"><span class='ocrx_word' id='word_1_705' title='bbox 2131 4473 2402 4545; x_wconf 89' lang='grc' dir='ltr'>Στυλίτης</span> <span class='ocrx_word' id='word_1_706' title='bbox 2434 4468 2605 4545; x_wconf 66' lang='grc' dir='ltr'>ἐπέϐη</span> <span class='ocrx_word' id='word_1_707' title='bbox 2635 4479 2718 4547; x_wconf 79' lang='grc' dir='ltr'>τῷ</span> <span class='ocrx_word' id='word_1_708' title='bbox 2748 4474 2908 4546; x_wconf 90' lang='grc' dir='ltr'>κίονι,</span> <span class='ocrx_word' id='word_1_709' title='bbox 2938 4475 3040 4544; x_wconf 80' lang='grc' dir='ltr'>τήν</span> <span class='ocrx_word' id='word_1_710' title='bbox 3100 4471 3256 4546; x_wconf 81' lang='grc' dir='ltr'>δόξαν</span> <span class='ocrx_word' id='word_1_711' title='bbox 3314 4477 3426 4528; x_wconf 85' lang='grc' dir='ltr'>τῶν</span> <span class='ocrx_word' id='word_1_712' title='bbox 3484 4472 3783 4548; x_wconf 83' lang='grc' dir='ltr'>ἀνθρώπων</span> 
     </span>
    </p>
   </div>
   <div class='ocr_carea' id='block_1_102' title="bbox 2130 4558 3778 4641">
    <p class='ocr_par' dir='ltr' id='par_1_102' title="bbox 2130 4558 3778 4641">
     <span class='ocr_line' id='line_1_102' title="bbox 2130 4558 3778 4641; baseline -0.004 -23"><span class='ocrx_word' id='word_1_713' title='bbox 2130 4563 2367 4641; x_wconf 75' lang='grc' dir='ltr'>φεύγωνο</span> <span class='ocrx_word' id='word_1_714' title='bbox 2400 4562 2611 4619; x_wconf 76' lang='grc' dir='ltr'>Πολλοὶ</span> <span class='ocrx_word' id='word_1_715' title='bbox 2638 4563 2744 4641; x_wconf 79' lang='grc' dir='ltr'>γὰρ</span> <span class='ocrx_word' id='word_1_716' title='bbox 2790 4562 2868 4627; x_wconf 80' lang='grc' dir='ltr'>είς</span> <span class='ocrx_word' id='word_1_717' title='bbox 2932 4562 3091 4618; x_wconf 81' lang='grc' dir='ltr'>αὐτὸν</span> <span class='ocrx_word' id='word_1_718' title='bbox 3147 4562 3536 4636; x_wconf 81' lang='grc' dir='ltr'>ἀφικνούμενοι</span> <span class='ocrx_word' id='word_1_719' title='bbox 3583 4558 3778 4631; x_wconf 74' lang='grc' dir='ltr'>ἤθελον</span> 
     </span>
    </p>
   </div>
   <div class='ocr_carea' id='block_1_103' title="bbox 2128 4647 3773 4727">
    <p class='ocr_par' dir='ltr' id='par_1_103' title="bbox 2128 4647 3773 4727">
     <span class='ocr_line' id='line_1_103' title="bbox 2128 4647 3773 4727; baseline -0.001 -21"><span class='ocrx_word' id='word_1_720' title='bbox 2128 4652 2321 4717; x_wconf 87' lang='grc' dir='ltr'>πάντες</span> <span class='ocrx_word' id='word_1_721' title='bbox 2371 4651 2561 4726; x_wconf 78' lang='grc' dir='ltr'>ψαύειν</span> <span class='ocrx_word' id='word_1_722' title='bbox 2616 4657 2726 4706; x_wconf 83' lang='grc' dir='ltr'>τῶν</span> <span class='ocrx_word' id='word_1_723' title='bbox 2794 4650 3134 4727; x_wconf 88' lang='grc' dir='ltr'>δερματίνων</span> <span class='ocrx_word' id='word_1_724' title='bbox 3190 4649 3402 4707; x_wconf 84' lang='grc' dir='ltr'>ἐλείνου</span> <span class='ocrx_word' id='word_1_725' title='bbox 3452 4647 3773 4722; x_wconf 88' lang='grc' dir='ltr'>ἐνδυμάτων.</span> 
     </span>
    </p>
   </div>
   <div class='ocr_carea' id='block_1_104' title="bbox 2129 4736 3775 4818">
    <p class='ocr_par' dir='ltr' id='par_1_104' title="bbox 2129 4736 3775 4818">
     <span class='ocr_line' id='line_1_104' title="bbox 2129 4736 3775 4818; baseline -0.004 -20"><span class='ocrx_word' id='word_1_726' title='bbox 2129 4743 2233 4798; x_wconf 82' lang='grc' dir='ltr'>Καὶ</span> <span class='ocrx_word' id='word_1_727' title='bbox 2264 4746 2480 4817; x_wconf 81' lang='grc' dir='ltr'>πρῶτον</span> <span class='ocrx_word' id='word_1_728' title='bbox 2537 4742 2630 4815; x_wconf 76' lang='grc' dir='ltr'>μὲν</span> <span class='ocrx_word' id='word_1_729' title='bbox 2685 4737 2738 4812; x_wconf 76' lang='grc' dir='ltr'>ἔξ</span> <span class='ocrx_word' id='word_1_730' title='bbox 2794 4744 3022 4816; x_wconf 77' lang='grc' dir='ltr'>πήχεων</span> <span class='ocrx_word' id='word_1_731' title='bbox 3088 4739 3336 4798; x_wconf 68' lang='grc' dir='ltr'>ἐκέλευσε</span> <span class='ocrx_word' id='word_1_732' title='bbox 3394 4739 3632 4818; x_wconf 83' lang='grc' dir='ltr'>γενέσθαι</span> <span class='ocrx_word' id='word_1_733' title='bbox 3681 4736 3775 4792; x_wconf 80' lang='grc' dir='ltr'>τὸν</span> 
     </span>
    </p>
   </div>
   <div class='ocr_carea' id='block_1_105' title="bbox 2129 4825 3779 4904">
    <p class='ocr_par' dir='ltr' id='par_1_105' title="bbox 2129 4825 3779 4904">
     <span class='ocr_line' id='line_1_105' title="bbox 2129 4825 3779 4904; baseline -0.004 -18"><span class='ocrx_word' id='word_1_734' title='bbox 2129 4831 2301 4898; x_wconf 87' lang='grc' dir='ltr'>κίονα,</span> <span class='ocrx_word' id='word_1_735' title='bbox 2334 4831 2452 4886; x_wconf 80' lang='grc' dir='ltr'>εἶτα</span> <span class='ocrx_word' id='word_1_736' title='bbox 2493 4827 2726 4902; x_wconf 83' lang='grc' dir='ltr'>δώδεκα,</span> <span class='ocrx_word' id='word_1_737' title='bbox 2773 4829 2867 4886; x_wconf 81' lang='grc' dir='ltr'>καὶ</span> <span class='ocrx_word' id='word_1_738' title='bbox 2927 4831 3064 4904; x_wconf 80' lang='grc' dir='ltr'>μετά</span> <span class='ocrx_word' id='word_1_739' title='bbox 3118 4835 3286 4886; x_wconf 87' lang='grc' dir='ltr'>ταῦτα</span> <span class='ocrx_word' id='word_1_740' title='bbox 3339 4829 3508 4886; x_wconf 62' lang='grc' dir='ltr'>εἴκοσι</span> <span class='ocrx_word' id='word_1_741' title='bbox 3539 4825 3656 4896; x_wconf 88' lang='grc' dir='ltr'>δύο,</span> <span class='ocrx_word' id='word_1_742' title='bbox 3685 4830 3779 4881; x_wconf 89' lang='grc' dir='ltr'>νῦν</span> 
     </span>
    </p>
   </div>
   <div class='ocr_carea' id='block_1_106' title="bbox 2132 4916 3788 4993">
    <p class='ocr_par' dir='ltr' id='par_1_106' title="bbox 2132 4916 3788 4993">
     <span class='ocr_line' id='line_1_106' title="bbox 2132 4916 3788 4993; baseline -0.001 -19"><span class='ocrx_word' id='word_1_743' title='bbox 2132 4917 2189 4976; x_wconf 73' lang='grc' dir='ltr'>δὲ</span> <span class='ocrx_word' id='word_1_744' title='bbox 2223 4919 2588 4993; x_wconf 81' lang='grc' dir='ltr'>τριακονταέξ.</span> <span class='ocrx_word' id='word_1_745' title='bbox 2621 4921 2721 4977; x_wconf 85' lang='grc' dir='ltr'>Ἤν</span> <span class='ocrx_word' id='word_1_746' title='bbox 2774 4917 2874 4974; x_wconf 76' lang='grc' dir='ltr'>οὐκ</span> <span class='ocrx_word' id='word_1_747' title='bbox 2920 4920 3041 4974; x_wconf 80' lang='grc' dir='ltr'>ἄνευ</span> <span class='ocrx_word' id='word_1_748' title='bbox 3099 4926 3198 4990; x_wconf 81' lang='grc' dir='ltr'>τῆς</span> <span class='ocrx_word' id='word_1_749' title='bbox 3267 4918 3409 4984; x_wconf 88' lang='grc' dir='ltr'>θείας</span> <span class='ocrx_word' id='word_1_750' title='bbox 3466 4916 3788 4990; x_wconf 75' lang='grc' dir='ltr'>οἰκονομίας</span> 
     </span>
    </p>
   </div>
   <div class='ocr_carea' id='block_1_107' title="bbox 2131 5002 3786 5084">
    <p class='ocr_par' dir='ltr' id='par_1_107' title="bbox 2131 5002 3786 5084">
     <span class='ocr_line' id='line_1_107' title="bbox 2131 5002 3786 5084; baseline -0.002 -20"><span class='ocrx_word' id='word_1_751' title='bbox 2131 5003 2510 5082; x_wconf 75' lang='grc' dir='ltr'>ὒπολαμϐάνω</span> <span class='ocrx_word' id='word_1_752' title='bbox 2567 5007 2804 5084; x_wconf 74' lang='grc' dir='ltr'>γενέσθαι</span> <span class='ocrx_word' id='word_1_753' title='bbox 2856 5010 2956 5078; x_wconf 83' lang='grc' dir='ltr'>τήν</span> <span class='ocrx_word' id='word_1_754' title='bbox 3013 5009 3218 5079; x_wconf 84' lang='grc' dir='ltr'>στάσιν,</span> <span class='ocrx_word' id='word_1_755' title='bbox 3279 5005 3552 5076; x_wconf 78' lang='grc' dir='ltr'>ὡφελείας</span> <span class='ocrx_word' id='word_1_756' title='bbox 3605 5002 3786 5061; x_wconf 67' lang='grc' dir='ltr'>ἕνεκεν</span> 
     </span>
    </p>
   </div>
   <div class='ocr_carea' id='block_1_108' title="bbox 2130 5096 3788 5174">
    <p class='ocr_par' dir='ltr' id='par_1_108' title="bbox 2130 5096 3788 5174">
     <span class='ocr_line' id='line_1_108' title="bbox 2130 5096 3788 5174; baseline -0.004 -19"><span class='ocrx_word' id='word_1_757' title='bbox 2130 5103 2239 5156; x_wconf 84' lang='grc' dir='ltr'>τῶν</span> <span class='ocrx_word' id='word_1_758' title='bbox 2295 5097 2704 5174; x_wconf 66' lang='grc' dir='ltr'>ῥᾳθυμοτέρων,</span> <span class='ocrx_word' id='word_1_759' title='bbox 2765 5097 2945 5172; x_wconf 86' lang='grc' dir='ltr'>ὥσπερ</span> <span class='ocrx_word' id='word_1_760' title='bbox 3003 5097 3094 5154; x_wconf 85' lang='grc' dir='ltr'>καὶ</span> <span class='ocrx_word' id='word_1_761' title='bbox 3145 5100 3238 5154; x_wconf 87' lang='grc' dir='ltr'>τὸν</span> <span class='ocrx_word' id='word_1_762' title='bbox 3297 5096 3522 5154; x_wconf 77' lang='grc' dir='ltr'>Ἡσαΐαν</span> <span class='ocrx_word' id='word_1_763' title='bbox 3571 5096 3788 5171; x_wconf 82' lang='grc' dir='ltr'>γυμνὸν</span> 
     </span>
    </p>
   </div>
   <div class='ocr_carea' id='block_1_109' title="bbox 2131 5185 3794 5264">
    <p class='ocr_par' dir='ltr' id='par_1_109' title="bbox 2131 5185 3794 5264">
     <span class='ocr_line' id='line_1_109' title="bbox 2131 5185 3794 5264; baseline -0.002 -20"><span class='ocrx_word' id='word_1_764' title='bbox 2131 5187 2222 5244; x_wconf 80' lang='grc' dir='ltr'>καὶ</span> <span class='ocrx_word' id='word_1_765' title='bbox 2280 5185 2609 5244; x_wconf 83' lang='grc' dir='ltr'>ἆνυπόδετον</span> <span class='ocrx_word' id='word_1_766' title='bbox 2671 5188 2886 5264; x_wconf 82' lang='grc' dir='ltr'>βαδίσαι</span> <span class='ocrx_word' id='word_1_767' title='bbox 2944 5186 3284 5264; x_wconf 67' lang='grc' dir='ltr'>προσέταξε,</span> <span class='ocrx_word' id='word_1_768' title='bbox 3328 5187 3420 5244; x_wconf 84' lang='grc' dir='ltr'>καὶ</span> <span class='ocrx_word' id='word_1_769' title='bbox 3477 5186 3570 5242; x_wconf 86' lang='grc' dir='ltr'>τὸν</span> <span class='ocrx_word' id='word_1_770' title='bbox 3629 5186 3794 5261; x_wconf 80' lang='grc' dir='ltr'>Ἰερε-</span> 
     </span>
    </p>
   </div>
   <div class='ocr_carea' id='block_1_110' title="bbox 2139 5274 3792 5354">
    <p class='ocr_par' dir='ltr' id='par_1_110' title="bbox 2139 5274 3792 5354">
     <span class='ocr_line' id='line_1_110' title="bbox 2139 5274 3792 5354; baseline -0.004 -21"><span class='ocrx_word' id='word_1_771' title='bbox 2139 5277 2265 5352; x_wconf 90' lang='grc' dir='ltr'>μίαν</span> <span class='ocrx_word' id='word_1_772' title='bbox 2322 5276 2608 5353; x_wconf 82' lang='grc' dir='ltr'>περίζωμα</span> <span class='ocrx_word' id='word_1_773' title='bbox 2650 5279 2719 5351; x_wconf 78' lang='grc' dir='ltr'>τῇ</span> <span class='ocrx_word' id='word_1_774' title='bbox 2781 5275 2945 5354; x_wconf 76' lang='grc' dir='ltr'>ὀσφύϊ</span> <span class='ocrx_word' id='word_1_775' title='bbox 3006 5277 3304 5351; x_wconf 89' lang='grc' dir='ltr'>περιθεῖναι</span> <span class='ocrx_word' id='word_1_776' title='bbox 3331 5275 3422 5331; x_wconf 76' lang='grc' dir='ltr'>καὶ</span> <span class='ocrx_word' id='word_1_777' title='bbox 3479 5274 3623 5330; x_wconf 72' lang='grc' dir='ltr'>οὕτω</span> <span class='ocrx_word' id='word_1_778' title='bbox 3653 5292 3792 5348; x_wconf 79' lang='grc' dir='ltr'>προ-</span> 
     </span>
    </p>
   </div>
   <div class='ocr_carea' id='block_1_111' title="bbox 2137 5356 3794 5446">
    <p class='ocr_par' dir='ltr' id='par_1_111' title="bbox 2137 5356 3794 5446">
     <span class='ocr_line' id='line_1_111' title="bbox 2137 5356 3794 5446; baseline -0.004 -23"><span class='ocrx_word' id='word_1_779' title='bbox 2137 5367 2408 5446; x_wconf 82' lang='grc' dir='ltr'>φητεύειν,</span> <span class='ocrx_word' id='word_1_780' title='bbox 2436 5365 2525 5422; x_wconf 86' lang='grc' dir='ltr'>καὶ</span> <span class='ocrx_word' id='word_1_781' title='bbox 2552 5356 2759 5422; x_wconf 61' lang='grc' dir='ltr'>άλλοτε</span> <span class='ocrx_word' id='word_1_782' title='bbox 2785 5365 3009 5428; x_wconf 81' lang='grc' dir='ltr'>κλοιοὺς</span> <span class='ocrx_word' id='word_1_783' title='bbox 3068 5364 3319 5435; x_wconf 79' lang='grc' dir='ltr'>ξυλίνους</span> <span class='ocrx_word' id='word_1_784' title='bbox 3373 5363 3464 5420; x_wconf 80' lang='grc' dir='ltr'>καὶ</span> <span class='ocrx_word' id='word_1_785' title='bbox 3523 5359 3794 5436; x_wconf 81' lang='grc' dir='ltr'>σιδηροῦς</span> 
     </span>
    </p>
   </div>
   <div class='ocr_carea' id='block_1_112' title="bbox 1567 5495 2576 5552">
    <p class='ocr_par' dir='ltr' id='par_1_112' title="bbox 1567 5495 2576 5552">
     <span class='ocr_line' id='line_1_112' title="bbox 1567 5495 2576 5552; baseline -0.004 0"><span class='ocrx_word' id='word_1_786' title='bbox 1567 5497 1933 5552; x_wconf 77' lang='lat' dir='ltr'>XYLANDRI</span> <span class='ocrx_word' id='word_1_787' title='bbox 1973 5497 2060 5550; x_wconf 92' lang='lat' dir='ltr'>ET</span> <span class='ocrx_word' id='word_1_788' title='bbox 2101 5496 2316 5552; x_wconf 81' lang='lat' dir='ltr'>GOARI</span> <span class='ocrx_word' id='word_1_789' title='bbox 2356 5495 2576 5551; x_wconf 71' lang='lat' dir='ltr'>NOT/E.</span> 
     </span>
    </p>
   </div>
   <div class='ocr_carea' id='block_1_113' title="bbox 440 5627 1725 5700">
    <p class='ocr_par' dir='ltr' id='par_1_113' title="bbox 440 5627 1725 5700">
     <span class='ocr_line' id='line_1_113' title="bbox 440 5627 1725 5700; baseline 0.004 -18"><span class='ocrx_word' id='word_1_790' title='bbox 440 5627 560 5700; x_wconf 76' lang='lat' dir='ltr'>(6t)</span> <span class='ocrx_word' id='word_1_791' title='bbox 593 5630 760 5685; x_wconf 88' lang='lat' dir='ltr'>Oasis</span> <span class='ocrx_word' id='word_1_792' title='bbox 793 5631 855 5686; x_wconf 91' lang='lat' dir='ltr'>in</span> <span class='ocrx_word' id='word_1_793' title='bbox 897 5634 1114 5692; x_wconf 80' lang='lat' dir='ltr'>Arabia</span> <span class='ocrx_word' id='word_1_794' title='bbox 1143 5641 1250 5691; x_wconf 91' lang='lat' dir='ltr'>est.</span> <span class='ocrx_word' id='word_1_795' title='bbox 1283 5638 1556 5690; x_wconf 87' lang='lat' dir='ltr'>Zonaras.</span> <span class='ocrx_word' id='word_1_796' title='bbox 1587 5635 1725 5688; x_wconf 77' lang='lat' dir='ltr'>XvL.</span> 
     </span>
    </p>
   </div>
  </div>
