4124 6312
302 368 421 429 649

1403 370 1959 436 HISTORIARUM
2003 368 2543 431 COMPENDIUM.

3589 380 3710 438 650

298 498 614 591 περιϐαλεῖν
646 507 727 576 τῷ
757 504 1053 580 τραχήλῳ,
1095 505 1184 560 καὶ
1211 510 1292 578 τῷ
1341 507 1502 575 Ὡσηὶ
1546 510 1771 581 γυναῖκα
1823 505 1948 591 πόρ-

2064 503 2341 559 numellis
2373 504 2582 576 ligneis
2613 521 2680 559 ac
2711 504 2921 561 terreis
2951 505 3171 560 collum
3220 506 3609 567 circumdare.
3642 514 3713 566 Et

298 612 397 660 νην
431 586 617 646 λαϐεῖν
647 591 736 646 καὶ
766 590 934 647 πάλιν
965 593 1243 667 ἀγαπῆσαι
1301 594 1546 668 πονηρὰν
1600 598 1828 671 γυναῖκα
1865 588 1953 646 καὶ

302 676 634 754 μοιχαλίδα,
665 680 753 735 καὶ
785 681 875 736 τὸν
907 681 1162 752 Ἐζεκιὴλ
1202 680 1291 737 ἐπὶ
1343 704 1440 738 του
1491 679 1664 752 δεξιοῦ
1715 680 1956 754 πλευροῦ

299 770 513 843 ἡμέρας
545 770 598 840 μ’
638 768 729 824 καὶ
783 768 871 825 ἐπὶ
935 774 1033 824 τοῦ
1091 771 1372 846 ἀριστεροῦ
1433 773 1503 846 ρν¹
1558 769 1954 838 κατακλιθῆναι

299 855 390 911 καί
431 855 586 920 αὖθίς
623 854 863 932 διορύξαι
892 859 984 914 τὸν
1015 863 1208 934 τοῖχον
1239 859 1331 915 καὶ
1377 864 1588 937 φυγεῖν,
1637 859 1728 913 καὶ
1776 856 1953 932 αἶ’χμ-

298 943 544 1001 αλωσίαν
600 948 774 1019 ἑαυτῷ
833 944 1148 1022 διαγράψαι,
1206 949 1297 1004 καὶ
1377 947 1583 1004 ἄλλοτε
1666 947 1724 1002 δὲ
1797 946 1952 1024 ξίφος

297 1034 373 1095 εἰς
404 1035 588 1108 ἀκμὴν
618 1036 924 1110 παραθῆξαι
955 1037 1045 1090 καὶ
1107 1036 1363 1109 ξύρασθαι
1411 1036 1588 1109 τούτῳ
1637 1037 1736 1105 τὴν
1788 1055 1951 1111 κεφα-

296 1122 401 1193 λήν
436 1125 527 1180 καὶ
558 1132 799 1201 τετραχῆ
831 1126 930 1189 τὰς
959 1126 1156 1202 τρίχας
1189 1124 1409 1183 διελεῖν.
1446 1127 1545 1182 Καὶ
1569 1127 1659 1181 ’ἱνα
1683 1127 1758 1200 μή
1782 1127 1952 1180 πάντα

295 1212 464 1286 λέγω,
526 1216 774 1289 γενεσθαι
830 1215 1038 1270 τούτων
1097 1212 1322 1271 ἕκαστον
1380 1216 1735 1291 προσέταττεν
1767 1216 1796 1270 ὁ
1846 1218 1951 1268 τῶν

293 1299 480 1377 λόγων
522 1304 786 1376 πρύτανις
816 1303 943 1365 τοὺς
976 1302 1132 1377 λόγῳ
1187 1305 1264 1377 μὴ
1324 1302 1683 1378 πεεθομένους
1729 1308 1809 1377 τῷ
1850 1311 1948 1373 τῆς

291 1391 533 1463 θεωρίας
592 1390 882 1466 παραδόξῳ
970 1391 1277 1469 συλλέγων.
1336 1395 1406 1448 Τὸ
1462 1395 1562 1468 γὰρ
1617 1394 1801 1448 καινὸν
1850 1397 1947 1447 τοῦ

290 1480 564 1550 θεάματος
604 1480 862 1555 ἐνέχυρον
923 1480 1227 1557 ἀξιόχρεων
1281 1480 1487 1556 γίνεται
1544 1487 1642 1537 τοῦ
1692 1478 1950 1557 διδάγμα-

288 1588 405 1629 τος.
441 1570 692 1644 Καθάπερ
734 1570 837 1646 γὰρ
897 1570 974 1632 εἷς
1034 1568 1264 1645 λυχνίαν
1324 1571 1495 1635 τεθεὶς
1562 1572 1591 1625 ὁ
1649 1569 1946 1644 φανότατος

290 1660 451 1720 οὗτος
484 1656 708 1733 λύχνος,
741 1659 768 1712 ὁ
806 1658 974 1733 μέγας
1016 1656 1233 1730 δηλαδὴ
1275 1660 1524 1730 Συμεὼν,
1576 1656 1946 1728 ἡλίουδίκην

286 1746 553 1802 πάντοθεν
585 1747 681 1809 τὰς
721 1748 940 1810 ἀκτῖνας
998 1747 1287 1822 ἐξέπεμψε,
1336 1749 1426 1803 καί
1482 1749 1549 1818 ἦν
1610 1744 1744 1803 ἲδεῖν
1790 1742 1945 1819 ’16η-

289 1854 388 1909 ρας
448 1837 539 1890 καὶ
593 1836 917 1912 Ἀρμενίους
972 1839 1060 1893 καὶ
1122 1838 1328 1914 Πέρσας
1412 1838 1501 1892 καὶ
1584 1837 1940 1911 Ἰσμαηλίτας

288 1924 558 1999 ὁσημέραι
586 1925 1007 2004 ἀφικνουμένοκς
1063 1927 1153 1982 καὶ
1208 1931 1307 1982 τοῦ
1358 1928 1505 1991 θείου
1567 1925 1938 2004 βαπτίσματος

290 2011 692 2077 ἀπολαύοντας.
760 2016 1042 2088 Τασαύτην
1092 2015 1182 2071 οὖν
1229 2017 1328 2085 τήν
1377 2018 1538 2094 χάριν
1573 2017 1600 2071 ὁ
1637 2018 1938 2089 θαυμάσιος

288 2102 368 2164 εἷς
400 2105 484 2175 [Ρ.
521 2107 646 2177 341]
677 2103 849 2160 πάντα
896 2106 962 2160 τά
1008 2101 1134 2177 ἔθνη
1196 2104 1488 2180 ἐξέπεμψεν
1540 2103 1679 2160 ὣστε
1720 2105 1789 2161 τὰ
1832 2109 1938 2160 τῶν

293 2191 564 2264 πατρῴων
598 2194 731 2246 θεῶν
780 2190 983 2266 εἷ’δῳλα
1038 2193 1143 2268 πρὸ
1199 2198 1296 2248 τοῦ
1348 2192 1529 2255 κίονος
1586 2192 1790 2249 ἐκείνου
1841 2198 1938 2249 τοῦ

293 2279 441 2335 θείου
469 2278 702 2354 ἃγοντας
732 2277 1048 2357 συντρίϐειν,
1094 2284 1196 2352 τήν
1247 2280 1303 2338 δὲ
1349 2282 1584 2357 καθαρὰν
1637 2282 1729 2338 καὶ
1781 2282 1939 2355 ἀμώ-

299 2391 472 2444 μητον
506 2373 668 2443 ἡμῶν
704 2375 811 2427 τῶν
852 2376 1196 2449 Χριστιανῶν
1244 2372 1424 2429 πίστιν
1472 2372 1577 2428 ὑπὸ
1617 2376 1716 2428 τοῦ
1775 2374 1938 2449 μεγά-

296 2472 398 2515 λου
457 2468 754 2536 Συμεῶνος
786 2461 1216 2534 ἔκπαιδεύεσθαι,
1260 2462 1352 2520 διὰ
1379 2464 1609 2521 πολλῶν
1647 2465 1936 2537 θαυμάτων

291 2552 383 2607 καὶ
421 2552 686 2628 μεγίστων
716 2553 1009 2628 τεραστίων
1041 2554 1269 2618 τούτους
1315 2554 1520 2630 ἐνάγων
1566 2554 1643 2617 εἷς
1689 2555 1790 2624 τήν
1838 2557 1940 2609 τοῦ

292 2644 536 2716 Χριστοῦ
565 2640 863 2699 πολιτείαν.
898 2643 1140 2706 Εἰκότως
1183 2643 1274 2699 οῦν
1325 2638 1510 2719 ἔλεγεν
1541 2644 1570 2698 ὁ
1602 2643 1823 2718 Κύριος
1877 2644 1940 2700 Ὀ

292 2730 558 2785 πιστεύων
628 2730 707 2794 εἷς
765 2732 883 2805 ἐμὶ,
940 2734 1008 2786 τὰ
1053 2728 1183 2809 ἔργα
1239 2734 1273 2788 ἄ
1338 2731 1448 2811 ἐγὼ
1504 2737 1649 2788 ποιῶ
1697 2731 1938 2795 κάκεῖνος

292 2821 534 2890 ποιήσει,
588 2821 678 2875 καὶ
738 2822 965 2893 μείζονα
1028 2822 1237 2878 τούτων
1298 2824 1538 2893 ποιήσει·
1606 2819 1665 2884 ὅς
1718 2825 1788 2895 τῇ
1843 2824 1941 2877 τοῦ

294 2909 447 2985 ἁγίου
502 2908 813 2983 Πνεύματος
864 2907 1035 2987 αἶ’γλῃ
1098 2909 1595 2983 καταλαμπόμενος
1651 2909 1742 2965 καὶ
1810 2930 1939 2965 παν-

297 2996 470 3072 ταχοῦ
492 2998 590 3061 τὰς
615 3004 715 3066 τῆς
768 2998 995 3077 χάριτος
1048 2998 1269 3063 ἀκτῖνας
1323 2996 1615 3072 ἐκπέμπων
1668 2999 1805 3054 κατὰ
1850 2998 1941 3053 τὸν

305 3082 462 3160 μέγαν
497 3085 800 3144 Βασίλειον.
836 3087 981 3157 Φησὶ
1029 3087 1154 3162 γάρ’
1205 3091 1410 3161 Ὥσπερ
1456 3087 1523 3142 τὰ
1573 3086 1801 3162 λαμπρὰ
1851 3086 1942 3141 καὶ

309 3171 529 3251 διαφανῆ
586 3179 694 3231 τῶν
752 3177 1021 3249 σωμάτων
1080 3176 1297 3239 ἀκτῖνος
1354 3175 1541 3238 αὐτοῖς
1597 3175 1939 3249 ἐμπεσούσης

2065 595 2226 649 Oseae
2257 594 2562 650 mandavit
2590 600 2655 649 ut
2712 598 3086 652 meretricem
3152 615 3401 655 uxorem
3446 600 3708 671 duceret,

2061 698 2130 737 ac
2154 700 2394 753 pravam
2417 687 2476 737 et
2495 682 2827 740 adulteram
2848 702 3095 741 uxorem
3117 693 3344 743 amaret
3367 706 3380 742 :
3403 691 3708 748 Ezechielo

2062 776 2128 825 ut
2158 772 2218 825 in
2249 771 2456 827 dextro
2488 772 2673 828 latere
2730 774 3123 847 quadraginta
3166 776 3315 845 dies,
3356 778 3418 833 in
3465 781 3706 836 sinistro

2061 866 2301 915 centum
2333 861 2764 933 quinquaginta
2805 862 3197 930 recumberet,
3252 882 3611 940 rursumque
3643 874 3710 925 ut

2059 949 2398 1020 perfoderet
2425 967 2664 1005 murum
2696 967 2763 1005 ac
2793 949 3040 1021 fugeret,
3074 951 3305 1023 sibique
3328 954 3440 1026 ipsi
3460 958 3704 1028 captivi-

2059 1042 2242 1092 tatem
2274 1038 2664 1105 describeret;
2693 1039 2961 1110 aliasque
2992 1039 3255 1112 gladium
3280 1057 3489 1098 acuere
3513 1061 3705 1116 eoque

2059 1134 2238 1198 caput
2266 1127 2498 1197 radere,
2531 1133 2588 1182 et
2619 1128 2815 1183 crines
2846 1127 3268 1198 quadrifariam
3309 1130 3592 1187 dividere.
3623 1136 3705 1188 Ac

2058 1232 2134 1270 ne
2152 1216 2353 1271 omnia
2375 1217 3017 1288 referam,gubernator
3047 1217 3334 1272 orationis
3356 1218 3483 1274 haec
3504 1223 3706 1278 omnia

2057 1303 2185 1358 fieri
2211 1304 2413 1375 jussit,
2445 1310 2511 1359 ut
2539 1305 2639 1375 qui
2670 1322 2792 1360 non
2812 1310 3091 1376 parerent
3121 1305 3396 1374 orationi,
3431 1307 3699 1364 iisaltem

2054 1389 2334 1446 inusitato
2357 1393 2694 1463 spectaculo
2726 1393 3130 1463 allicerentur,
3145 1393 3315 1464 cujus
3332 1395 3561 1449 novitas
3577 1395 3705 1451 suf-

2054 1478 2261 1533 ﬁciens
2293 1484 2383 1533 est
2411 1479 2697 1534 doctrinae
2728 1479 2959 1552 pignus.
2996 1481 3082 1534 Ita
3126 1479 3380 1551 Symeon
3429 1481 3531 1536 ille
3573 1498 3697 1537 ma-

2051 1585 2201 1640 gnus
2230 1569 2409 1624 veluti
2436 1569 2642 1624 lumen
2673 1569 3224 1641 splendidissimum
3254 1572 3318 1626 in
3339 1571 3696 1627 candelabro

2048 1659 2309 1730 positum
2341 1659 2483 1714 solis
2515 1661 2703 1715 instar
2726 1660 2922 1716 radios
2953 1678 3091 1717 suos
3140 1662 3200 1716 in
3244 1678 3451 1718 omnes
3499 1667 3697 1734 partes

2050 1747 2382 1815 emittebat;
2408 1747 2742 1819 licebatque
2764 1749 2961 1805 videre
2987 1749 3697 1818 lberos,Armenios,Per-

2051 1852 2146 1891 sas
2178 1842 2235 1891 et
2262 1837 2590 1893 Ismaelitas
2621 1838 2885 1909 quotidie
2916 1839 3221 1895 venientes
3252 1857 3321 1895 ac
3351 1857 3518 1896 sacro
3549 1840 3695 1913 bap-

2046 1926 2223 1981 tismo
2256 1929 2570 1999 patientes.
2604 1930 2852 1985 Tantum
2902 1947 3076 2001 porro
3131 1932 3332 2002 gratim
3386 1932 3449 1987 in
3504 1932 3695 1988 varias

2043 2016 2315 2088 regiones
2347 2016 2556 2073 beatus
2581 2018 2683 2073 ille
2712 2019 3095 2090 pr0pagabat,
3128 2025 3195 2074 ut
3224 2021 3471 2076 deorum
3503 2026 3697 2093 pater-

2044 2120 2259 2159 norum
2290 2105 2611 2162 simulacra
2641 2107 2714 2162 ad
2745 2108 3088 2163 columnam
3120 2109 3248 2179 ejus
3280 2109 3537 2166 adducta
3558 2126 3694 2165 con-

2045 2193 2350 2267 fregerint,
2382 2197 2541 2252 etab
2583 2214 2652 2252 eo
2710 2214 2919 2268 puram
2976 2198 3458 2270 inculpatamque
3508 2200 3687 2255 ﬁdem

2043 2283 2437 2340 Christianam
2467 2285 2661 2341 edocti
2682 2287 2819 2341 sint.
2851 2288 2996 2341 Nam
3027 2304 3129 2342 eos
3158 2288 3361 2343 multis
3383 2288 3688 2343 miraculis

2046 2390 2114 2429 eo
2136 2373 2516 2444 perducebat.
2540 2377 2717 2430 Recte
2741 2375 2939 2446 itaque
2963 2375 3143 2431 habet
3168 2377 3385 2431 Christi
3417 2376 3641 2431 dictum
3668 2393 3681 2430 :

2046 2465 2154 2529 Qui
2186 2465 2249 2519 in
2276 2482 2373 2521 me
2404 2465 2611 2534 credit,
2637 2484 2769 2522 mea
2798 2483 3034 2538 quoque
3058 2483 3258 2539 opera,
3287 2467 3435 2523 etiis
3455 2468 3685 2537 majora

2045 2552 2352 2625 prmstabit
2378 2553 2420 2608 θ.
2453 2555 2508 2609 Is
2540 2571 2676 2623 ergo
2707 2556 2961 2626 Symeon
3018 2554 3245 2628 fulgore
3293 2555 3446 2612 598
3498 2555 3687 2610 sancti

2047 2642 2299 2713 Spiritus
2329 2642 2659 2698 illustratus
2687 2642 3073 2714 undiquaque
3095 2661 3234 2699 suos
3265 2644 3441 2716 ejecit
3469 2643 3689 2714 radios,

2048 2731 2345 2802 quomodo
2376 2732 2628 2788 Basilius
2657 2732 2923 2803 loquitur
2948 2732 3042 2787 his
3066 2732 3281 2803 verbis,
3298 2733 3693 2798 Quemadmo-

2048 2821 2191 2876 dum
2222 2821 2537 2892 spIendida
2557 2826 2615 2876 et
2632 2820 2947 2893 perspicua
2967 2838 3215 2893 corpora
3228 2821 3413 2877 radiis
3430 2821 3695 2877 inciden-

2048 2908 2210 2963 tibus
2240 2914 2299 2963 et
2335 2909 2466 2980 ipsa
2515 2909 2894 2964 illustrantur
2946 2914 3006 2965 et
3055 2926 3271 2964 novum
3329 2909 3514 2965 edunt
3551 2926 3587 2964 a
3630 2925 3693 2963 se

2049 2995 2448 3067 splendorem,
2473 2995 2558 3050 sic
2574 3000 2634 3050 et
2653 2995 2896 3067 Spiritui
2917 2996 3260 3067 recipiendo
3282 3001 3432 3066 aptas
3454 2995 3691 3061 animaa,

2049 3101 2084 3140 a
2113 3085 2333 3155 Spiritu
2364 3084 2736 3154 illuminataa,
2770 3101 2903 3140 cum
2935 3085 3079 3156 ipsm
3133 3086 3285 3139 fiunt
3331 3083 3693 3156 spirituales,

2055 3178 2178 3229 tum
2209 3173 2459 3245 gratiam
2490 3174 2620 3246 ejus
2643 3190 2775 3228 cum
2798 3173 2933 3228 aliis
2954 3174 3415 3229 communicant.
3439 3173 3582 3228 Inde
3604 3173 3694 3227 fu-

309 3238 438 3318 αὖτά
463 3238 747 3339 τε-γίνεται
803 3238 1127 3342 περιλαμπῆ
1195 3238 1291 3321 καὶῗ
1335 3266 1519 3340 ἑτέραν
1579 3238 1753 3338 αύγὴν
1815 3238 1944 3318 ἀπο-

2060 3267 2324 3317 turorum
2365 3263 2672 3334 prmsagia,
2725 3262 3060 3317 intellectus
3106 3262 3548 3334 mysteriorum,
3598 3278 3698 3316 oc-

303 3346 532 3425 στίλϐει,
564 3352 740 3416 οὕτως
771 3354 826 3407 αἱ
882 3353 1323 3432 πνευματοφόροι
1372 3352 1547 3429 ψυχαὶ
1605 3350 1941 3429 ὲλλαμφθεῖ-

302 3461 385 3494 σαι
445 3441 591 3516 παρᾶ
640 3446 740 3497 τοῦ
798 3442 1106 3515 Πνεύματος
1178 3441 1334 3497 αὐταί
1409 3463 1468 3497 τε
1550 3440 1945 3497 ἀποτελοῦνται

298 3533 657 3604 πνευματικαὶ
691 3531 782 3586 καὶ
842 3530 917 3594 εἷς
974 3531 1188 3606 ἑτέρους
1233 3533 1333 3601 τὴν
1389 3532 1552 3610 χάριν
1615 3530 1945 3602 ἐξαποστέλ-

299 3617 512 3679 λουσιν.
564 3622 835 3677 Ἐντεῦθεν
890 3620 1210 3695 μελλόντων
1249 3622 1575 3697 πρόγνωσις,
1629 3622 1945 3697 μυστηρίων

2055 3352 2351 3408 cultorum
2382 3352 2858 3424 comprehensio,
2884 3351 3175 3408 donorum
3200 3351 3560 3418 distributio,
3584 3351 3701 3404 vita

2057 3440 2334 3511 caelestis,
2368 3441 2599 3496 choreas
2629 3457 2762 3496 cum
2793 3440 3038 3511 angelis,
3065 3440 3367 3495 inﬁnitum
3395 3439 3698 3512 gaudium,

2056 3530 2117 3585 in
2147 3532 2265 3585 Deo
2287 3529 2790 3600 permansio,cum
2812 3531 2929 3585 Deo
2947 3529 3293 3594 similitudo,
3303 3529 3587 3600 perfectio
3603 3543 3702 3599 ap-

2056 3620 2299 3691 petitus,
2333 3618 2463 3673 ﬁeri
2497 3620 2683 3675 Deum
2715 3619 2872 3689 quod
2901 3619 2976 3674 ad
3005 3619 3278 3691 gratiam.

301 3709 536 3777 σύνεσις,
570 3706 961 3784 κεκρυμμένων
1029 3708 1360 3784 κατάληψις,
1423 3710 1786 3788 χαρισμάτων
1845 3705 2102 3781 διανομὴ,
2162 3705 2225 3760 τὸ
2284 3704 2536 3781 οὐράνιον
2591 3704 2922 3777 πολίτευμα,
2961 3707 2988 3773 ἡ
3026 3707 3141 3777 μετ’
3190 3700 3437 3778 ἀγγέλων
3488 3721 3702 3778 χορειαι

300 3800 336 3867 ἡ
400 3795 767 3868 ἀτελεύτητος
818 3797 1146 3873 εὐφροσύνη,
1177 3801 1212 3868 ἡ
1245 3797 1299 3853 ἐν
1347 3803 1467 3871 Θεῷ
1526 3796 1786 3873 διαμονή,
1818 3795 2023 3869 ἡπρὸς
2077 3793 2206 3850 Θεὸν
2267 3793 2559 3866 ὁμοίωσις,
2612 3793 2677 3848 τὸ
2733 3793 3028 3867 ἀκρότατον
3083 3796 3192 3847 τῶν
3251 3791 3510 3865 ὄρεκτῶν,
3573 3789 3702 3846 Θεὸν

300 3887 547 3964 γενέσθαι
576 3886 711 3941 κατὰ
738 3885 899 3961 χάριν
910 3930 923 3943 .

378 3977 533 4033 Μετὰ
560 3997 677 4031 τινα
706 3974 764 4030 δὲ
788 3977 983 4053 παιρὸν
1012 3976 1040 4031 ὁ
1073 3980 1221 4041 θεῖος
1250 3976 1455 4046 Δανιὴλ
1487 3976 1515 4031 ὁ
1561 3975 1613 4032 ἐν
1661 3981 1736 4049 τῷ
1792 3977 1953 4034 Ἀνά-

306 4063 436 4137 πλῳ
467 4068 608 4139 (62),
640 4066 967 4139 θεασάμενος
1004 4066 1094 4121 τὸν
1131 4066 1298 4140 μέγαν
1329 4067 1625 4139 Συμεώνην
1658 4066 1748 4121 καὶ
1807 4067 1955 4130 θείου

310 4154 486 4225 ζήλου
515 4153 780 4225 πλησθεὶς
808 4156 906 4223 τὴν
939 4152 1186 4230 καρδίαν,
1243 4153 1416 4210 ἐλθὼν
1477 4155 1529 4209 ἐν
1567 4160 1647 4227 τῷ
1699 4154 1956 4228 Ἀνάπλῳ

310 4240 478 4314 ἐπέϐη
509 4244 598 4299 καὶ
655 4243 817 4306 αὐτὸς
874 4248 954 4316 τῷ
991 4241 1194 4315 στύλῳ,
1252 4242 1481 4298 πολλῶν
1534 4244 1622 4298 καὶ
1689 4243 1953 4320 μεγίστων

313 4332 604 4405 θαυμάτων
640 4333 941 4407 αὐτουργὸς
994 4331 1305 4407 γενόμενος,
1368 4328 1621 4405 διήρκεσε
1665 4329 1722 4386 δὲ
1772 4331 1824 4386 ἐν
1874 4337 1955 4405 τῷ

311 4423 455 4478 κίονι
511 4420 644 4497 ἄχρι
701 4422 962 4497 τετάρτου
1018 4417 1170 4483 ἔτους
1226 4425 1324 4475 τοῦ
1375 4419 1644 4496 βασιλέως
1729 4423 1959 4485 Λέοντος

313 4516 410 4568 τοῦ
445 4509 728 4588 Μεγάλου,
759 4512 851 4566 καὶ
883 4511 1056 4575 οὕτως
1083 4511 1221 4586 πρὸς
1250 4507 1450 4586 Κύριον
1485 4508 1788 4584 ἐξεδήμησε
1815 4510 1960 4583 πλή-

315 4622 417 4678 ρης
447 4600 662 4675 ἀγαθῶν
695 4595 887 4677 ἔργων.

381 4696 474 4763 Τῷ
533 4692 612 4761 κζ¹
671 4689 775 4746 ἔτει
835 4689 1154 4767 παρεγένετο
1208 4687 1600 4755 Οὐαλεντιανὸς
1666 4690 1775 4746 ἀπὸ
1831 4691 1964 4748 Ῥώ-

325 4799 434 4851 μης
465 4777 518 4833 ἐν
578 4776 1171 4851 Κωνσταντινουπόλει,
1223 4776 1313 4832 καὶ
1368 4772 1540 4853 ἔγημε
1590 4784 1815 4854 γυναῖκα
1862 4783 1962 4851 τὴν

320 4866 587 4943 θυγατέρα
619 4865 908 4923 Θεοδοσίου
948 4871 1046 4923 τοῦ
1100 4865 1372 4942 βασιλέως
1429 4864 1709 4938 Εὖδοξίαν,
1765 4871 1866 4939 τὴν
1913 4868 1965 4941 ἐξ

320 4955 591 5021 Εύδοκίας
642 4961 981 5033 γεννηθεῖσαν
1032 4955 1202 5028 αὐτῷ,
1271 4954 1360 5010 καί
1440 4952 1604 5011 πᾶλιν
1666 4956 1966 5029 ἐπανῆλθεν

323 5044 376 5099 ἐν
403 5046 623 5119 Ῥώμῃ.
659 5049 830 5120 Κῦρος
871 5043 1113 5119 ἔπαρχος
1155 5047 1253 5113 τῆς
1306 5042 1545 5115 πόλεως,
1596 5046 1732 5120 ἀνὴρ
1792 5049 1969 5127 σοφώ-

321 5154 482 5197 τατος
536 5134 625 5187 καὶ
685 5133 885 5203 ἱκανὸς,
939 5130 1246 5193 καταλύσας
1330 5132 1392 5187 τὸ
1473 5139 1729 5212 χερσαῖον
1782 5141 1969 5211 τεῖχος

2134 3973 2453 4043 Aliquanto
2466 3975 2875 4043 posttempore
2897 3970 3130 4026 divinus
3165 3968 3439 4026 Danielus
3465 3970 3526 4025 in
3546 3970 3707 4026 Ana-

2064 4061 2162 4133 plo
2193 4077 2326 4117 cum
2351 4061 2595 4115 vidisset
2620 4075 2898 4132 magnum
2921 4060 3500 4131 Symeonem,divina
3522 4075 3708 4114 amu-

2064 4150 2287 4206 latione
2317 4150 2629 4221 instigatus
2658 4149 2783 4219 ipse
2805 4165 3040 4219 quoque
3061 4148 3400 4204 columnam
3421 4165 3709 4205 conscen-

2066 4239 2174 4307 dit,
2204 4239 2508 4308 multaque
2540 4244 2599 4293 et
2624 4238 2884 4292 maxima
2903 4237 3090 4292 edidit
3108 4239 3415 4295 miracula.
3432 4240 3710 4292 Perman-

2066 4330 2143 4384 sit
2161 4329 2223 4383 in
2241 4330 2521 4384 columna
2540 4344 2729 4398 usque
2750 4327 2824 4382 ad
2842 4332 3118 4398 quartum
3132 4344 3355 4383 annum
3372 4326 3579 4382 Leonis
3600 4329 3712 4381 Ma-

2067 4417 2203 4491 gni;
2237 4423 2412 4488 atque
2443 4417 2526 4472 ita
2554 4417 2630 4472 ad
2658 4417 2977 4473 Dominum
3008 4417 3335 4489 emigravit,
3366 4416 3538 4472 bonis
3567 4432 3709 4488 cpe-

2068 4507 2234 4562 ribus
2263 4505 2499 4561 abunde
2530 4505 2830 4577 praestitis.

2142 4697 2313 4750 Anno
2343 4694 2623 4750 vicesimo
2645 4699 2807 4749 sexto
2830 4693 3280 4750 Valentinianus
3301 4695 3489 4750 Roma
3508 4691 3719 4765 Cpolin

2073 4784 2250 4855 venit,
2285 4784 2569 4856 duxitque
2587 4800 2834 4840 uxorem
2860 4784 3043 4840 ﬁliam
3064 4783 3377 4838 Theodosii
3398 4784 3723 4854 imperato-

2074 4875 2158 4930 ris
2186 4874 2534 4943 Eudoxiam,
2566 4891 2637 4930 ex
2686 4873 2944 4930 Eudocia
2989 4873 3101 4945 ipsi
3150 4877 3373 4940 natam,
3425 4871 3721 4939 rediitque

2077 4965 2343 5019 Romam.
2377 4965 2562 5035 Cyrus
2591 4961 2758 5017 urbis
2788 4963 3122 5033 praefectus,
3151 4961 3329 5015 homo
3361 4956 3724 5031 sapientissi-

2079 5069 2213 5108 mus
2243 5058 2421 5124 atqne
2452 5050 2802 5115 industrius,
2854 5055 3194 5105 terrestrem
3243 5048 3440 5119 Cpolis
3485 5060 3723 5101 murum

2081 5139 2401 5197 demolitus
2432 5146 2548 5206 est;
2572 5139 2822 5209 aliisque
2842 5135 3411 5193 duobusintervallis
3434 5134 3586 5192 599
3619 5131 3726 5188 ad-

324 5220 945 5285 Κωνσταντινουπόλεως
992 5222 1081 5277 καὶ
1137 5221 1383 5296 προσθεὶ,
1443 5218 1588 5277 ἄλλα
1633 5220 1948 5299 διαστήματ<

2082 5229 2434 5300 ditis,alium
2452 5244 2690 5284 murum
2708 5226 2865 5282 intra
2878 5226 3306 5298 sexagesimum
3320 5224 3478 5279 diem
3492 5227 3728 5279 exstru-

391 5369 412 5403 ν
442 5369 608 5424 Joan.
643 5384 716 5440 ιν,
753 5371 837 5422 l2.

1523 5473 1882 5533 XYLANDRI
1922 5480 2010 5533 ET
2050 5479 2266 5535 GOARI
2308 5478 2530 5534 NOTE.

395 5593 644 5668 (6?)_CP.
680 5591 921 5668 locoita
961 5595 1183 5668 voc_ato_.
1242 5589 1416 5668 Cosa.
1464 5621 1532 5629 —
1588 5587 1896 5655 Ἀνάπλους
1948 5595 2242 5668 interpres
2296 5593 2609 5666 Nicephori
2659 5593 2953 5648 transitum
3007 5590 3204 5660 vertit,
3262 5606 3355 5660 xv,
3400 5592 3489 5645 22.
3540 5589 3738 5661 Appa-

326 5661 415 5717 ret
446 5661 627 5718 fuisse
661 5662 1012 5719 suburbium
1044 5661 1310 5731 Cpoleos.
1347 5661 1484 5714 ΧΠ..

570 5785 831 5845 ΡΑΤιιοι.
881 5784 990 5843 Gn.
1038 5779 1244 5841 CXXI.

3421 5782 3491 5838 21
