4126 6296
455 371 568 432 651

1775 375 2098 436 GEORGII
2143 377 2498 439 CEDRENI

3734 387 3846 446 652

450 507 558 561 xit.
589 506 771 577 Cujus
799 504 995 576 operis
1026 503 1100 560 ad
1132 505 1636 576 pulchritudinem
1669 510 1727 561 et
1753 505 2084 561 festinatam

2207 503 2324 573 δύο,
2357 503 2646 579 οἰκοδομεῖ
2669 505 2856 582 ἓτερον
2913 512 3102 584 τεῖχος
3165 509 3238 568 δι’
3294 511 3514 584 ἡμερῶν
3573 513 3856 586 ἐξήκοντα·

451 596 887 652 absolutionem
917 595 1342 666 obstupescens
1371 596 1627 668 populus
1657 597 2012 667 imperatore
2035 596 2098 651 in

450 687 614 742 Circo
648 685 890 741 sedente
919 685 1302 742 exclamavit:
1335 686 1761 742 Constantinus
1792 686 2094 752 condidit;

449 778 634 847 Cyrus
675 776 1044 831 instauravit.
1076 777 1402 848 Eapropter
1458 777 1521 832 in
1577 777 1859 832 invidiam
1913 777 2093 844 venit,

450 871 508 920 et
539 865 753 921 Grmcis
791 866 968 922 rebus
1025 866 1263 921 studere
1307 883 1414 938 per
1469 865 1828 922 calumniam
1879 866 2094 932 dictus,

447 953 768 1026 publicatis
799 955 928 1027 ejus
957 954 1150 1022 bonis,
1185 972 1318 1011 raso
1349 956 1541 1028 capite
1563 955 1827 1027 Smyrnaa
1867 955 2096 1026 episco—

449 1060 563 1116 pus
593 1045 891 1114 deligitur.

521 1135 666 1190 Cum
689 1136 752 1190 in
774 1137 983 1191 Persas
1005 1135 1444 1208 expeditionem
1475 1135 1715 1192 fecisset
1753 1135 2093 1206 Procopius,

450 1225 631 1279 Persa
662 1225 714 1278 ei
744 1225 898 1280 hanc
925 1225 1327 1280 conditionem
1359 1225 1498 1280 tulit
1523 1225 1609 1280 uti
1660 1242 1795 1296 pars
1841 1229 2094 1295 utraque

449 1330 638 1368 unum
667 1313 855 1378 daret,
899 1314 1111 1384 quibus
1161 1314 1446 1386 singulari
1493 1331 1692 1388 pugna
1738 1314 2090 1387 congressis,

453 1403 584 1458 victi
618 1419 755 1474 pars
785 1407 956 1474 pacta
985 1404 1145 1475 pacis
1176 1404 1248 1460 ad
1300 1421 1488 1460 annos
1529 1405 1963 1477 quinquaginta
2004 1421 2096 1458 ac-

451 1493 693 1563 ciperet.
728 1492 1052 1564 Procopius
1085 1491 1298 1566 delegit
1327 1493 1401 1548 ad
1431 1493 1542 1549 hoc
1571 1491 1970 1548 Areobindum
2004 1509 2096 1547 co-

449 1581 656 1636 mitem
686 1579 1124 1636 fmderatorum.
1160 1582 1212 1636 ls
1245 1582 1456 1653 laqueo
1483 1585 1725 1637 Persam
1760 1582 2008 1636 irretivit
2037 1585 2096 1636 et

449 1669 522 1724 ab
552 1685 702 1742 equo
733 1669 1029 1742 dejectum
1062 1671 1308 1726 necavit.
1341 1668 1423 1726 Ex
1476 1687 1545 1726 eo
1595 1671 1755 1726 inter
1799 1673 2094 1726 Romanos

450 1764 510 1812 et
529 1760 737 1814 Persas
748 1777 860 1830 pax
874 1759 946 1814 ad
965 1776 1154 1814 annos
1167 1759 1595 1832 quinquaginta
1609 1749 1736 1815 coin
1745 1760 1936 1830 posita
1960 1759 2090 1814 fuit.

2207 596 2323 649 ὅθεν
2357 594 2446 650 καὶ
2477 597 2505 650 6
2537 594 2715 669 δῆμος
2744 595 3190 672 ἐκπληττόμενος
3222 601 3307 654 ἐπὶ
3339 604 3420 672 τῷ
3441 601 3600 676 τάχει
3661 602 3753 657 καὶ
3784 609 3858 676 τῷ

2205 683 2399 740 κάλλει
2439 692 2541 755 τῆς
2596 690 2694 742 τοῦ
2749 686 2974 763 τείχους
3029 689 3258 750 κτίσεως
3313 685 3574 760 ἀνεϐόησε
3635 698 3857 761 καθεζοο

2209 775 2368 846 μένου
2424 779 2524 830 τοῦ
2586 775 2856 850 βασιλέως
2913 776 2968 831 ἐν
3015 783 3101 850 τῷ
3153 778 3385 851 ἱππικῷ·
3446 783 3858 844 Κωνσταντῖνος

2205 859 2400 936 ἔκτισε,
2465 866 2649 940 Κύρος
2706 865 2986 924 ἀνενέωσε.
3045 867 3143 924 Διὰ
3195 873 3360 924 τοῦτο
3391 870 3680 948 φθονηθεὶς
3742 869 3855 926 διας

2206 947 2468 1008 ϐάλλεται
2501 953 2576 1016 ὡς
2607 952 3027 1034 Ἐλληνόφρων,
3062 956 3152 1012 καὶ
3187 947 3480 1030 δημευθεὶς
3511 958 3602 1014 καὶ
3654 964 3858 1015 ἀποκα-

2207 1042 2318 1114 ρεὶς
2349 1049 2744 1117 χειροτονεῖται
2773 1043 2826 1098 ἐν
2855 1045 3078 1122 Σμύρνῃ
3113 1045 3432 1108 ἐπίσκοπος.

2275 1130 2420 1186 Κατᾶ
2478 1135 2696 1206 Περσῶν
2755 1138 3190 1209 στρατηγοῦντος
3249 1136 3589 1206 Προκοπίου,
3653 1133 3862 1208 δηλοῦ-

2201 1239 2291 1274 ται
2311 1219 2460 1292 αὐτῷ
2484 1222 2630 1296 παρὰ
2648 1225 2744 1276 τοῦ
2773 1221 3004 1296 Πέρσου,
3029 1223 3135 1291 ὃτι,
3161 1224 3434 1298 Δώσωμεν
3461 1225 3853 1304 μονομάχους,

2202 1308 2291 1362 καὶ
2323 1309 2440 1372 οἶος
2470 1308 2534 1364 ἄν
2575 1309 2790 1384 ἡττηθῇ
2847 1308 3048 1368 διδότω
3105 1311 3166 1367 τὸ
3230 1313 3392 1388 μέρος
3450 1313 3619 1370 αὐτοῦ
3681 1317 3853 1370 πάκτα

2203 1397 2292 1452 ἐπὶ
2349 1400 2590 1474 χρόνους
2649 1402 3004 1470 πεντήκοντα.
3066 1399 3292 1458 Δίδωσιν
3355 1404 3447 1458 οὖν
3487 1405 3516 1459 ὀ
3549 1404 3851 1479 στρατηγὸς

2204 1487 2514 1563 Ηροκόπιος
2549 1485 2888 1564 Ἀρεόϐινδον
2919 1486 3139 1564 κόμητα
3167 1495 3274 1546 τῶν
3327 1491 3672 1568 φοιδεράτων
3721 1497 3854 1568 (63),

2203 1575 2262 1639 ὅς
2294 1577 2592 1652 σώκιστρον
2621 1577 2872 1658 κατέχων
2905 1580 2995 1635 τὸν
3024 1583 3235 1654 Πέρσην
3293 1581 3520 1638 ἐσώκισε
3577 1583 3668 1637 καὶ
3729 1603 3858 1637 κατ-

2204 1667 2430 1740 ενεγκὼν
2462 1665 2522 1722 ἐκ
2549 1673 2646 1723 τοῦ
2691 1667 2868 1724 ἵππου
2917 1669 3212 1725 ἀπέκτεινε.
3267 1670 3372 1727 Καὶ
3429 1670 3627 1750 γέγονε
3687 1673 3854 1726 πάκτα

2202 1755 2428 1829 εἰρήνης
2491 1759 2684 1830 μεταξυ
2759 1757 3048 1831 Ῥωμαίων
3133 1761 3223 1816 καὶ
3282 1762 3363 1833 [Ρ.
3425 1763 3552 1835 342]
3610 1767 3851 1836 Περσῶν.

446 1848 820 1904 Areobindus
837 1848 1043 1904 urbem
1068 1849 1704 1920 ingressushonoriﬂce
1733 1848 1804 1904 ab
1835 1851 2084 1920 impera-

2209 1844 2481 1910 Εἰσελθὼν
2514 1843 2572 1902 δὲ
2605 1843 2952 1946 Ἀρεόϐινδος
2983 1847 3036 1903 ἐν
3063 1854 3132 1924 τῇ
3161 1849 3322 1904 πόλει
3352 1849 3443 1906 καὶ
3495 1849 3714 1926 μεγάλα
3752 1851 3850 1905 ὑπὸ

449 1943 576 1992 tore
603 1937 891 2009 accipitur
921 1943 976 1992 et
1003 1937 1075 1992 ad
1106 1939 1480 1992 consulatum
1511 1939 1796 1993 evehitur.

520 2027 691 2082 Anno
719 2029 788 2080 28
819 2025 993 2080 ruina
1023 2025 1240 2081 theatri
1269 2024 1652 2082 Alexandrini
1679 2027 1833 2082 viros
1864 2029 1968 2080 5'72
1997 2045 2095 2098 op-

451 2116 685 2186 pressit.
720 2116 1072 2170 Maximiano
1104 2115 1223 2171 vita
1274 2115 1476 2170 functo
1509 2116 1919 2172 sanctissimus
1951 2118 2096 2172 Pro-

450 2204 578 2262 clus
606 2205 918 2276 episcopus
979 2203 1172 2276 Cpolis
1229 2204 1542 2276 deligitur;
1602 2207 1770 2276 isque
1812 2206 2095 2277 reliquias

441 2294 846 2365 Chrysostomi
865 2291 1206 2364 reportavit,
1239 2309 1463 2349 annum
1495 2294 1864 2349 tricesimum
1896 2295 2092 2366 impe-

443 2387 612 2438 rante
643 2381 991 2448 Theodosio,
1023 2383 1203 2453 inque
1227 2382 1447 2452 templo
1469 2382 1887 2454 Apostolorum
1909 2383 2092 2455 depo-

447 2471 584 2527 suit.
611 2470 816 2526 Proclo
847 2470 1124 2526 Ecclesia;
1147 2471 1670 2542 antistite,Cpolim
1695 2488 1898 2543 graves
1923 2477 2093 2528 terras

454 2564 653 2615 motus
685 2564 1118 2615 concusserunt
1145 2576 1252 2630 per
1299 2559 1440 2614 anni
1486 2559 1784 2629 trientem,
1833 2559 1980 2616 adeo
2029 2566 2094 2616 ut

445 2647 729 2722 oppidani
759 2653 920 2704 metu
951 2649 1199 2721 periculi
1221 2654 1383 2706 extra
1412 2649 1621 2705 urbem
1649 2649 1714 2705 in
1755 2667 1962 2722 campo
2009 2651 2091 2706 vi-

445 2740 662 2806 xerint,
695 2741 840 2795 Cum
871 2745 1070 2796 autem
1101 2739 1345 2796 Proclus
1376 2739 1457 2795 ibi
1493 2757 1613 2797 una
1643 2757 1777 2796 cum
1826 2742 1984 2797 clero
2035 2746 2094 2798 et

445 2829 665 2902 populo
697 2830 761 2884 in
792 2829 1324 2902 supplicationibus
1347 2829 1421 2886 ad
1451 2831 1636 2886 Deum
1667 2837 2092 2904 perseveraret,

449 2920 602 2976 σου
631 2918 829 2974 subito
887 2918 1232 2974 adolescens
1282 2917 1558 2975 omnibus
1605 2921 1988 2976 cernentibus
2032 2923 2093 2976 in

446 3025 645 3066 aerem
676 3015 766 3065 est
795 3013 1126 3080 surreptus,
1175 3007 1514 3080 audivitque
1583 3009 1840 3066 divinam
1892 3028 2094 3066 vocem

443 3098 554 3152 sibi
572 3095 976 3164 mandantem,
1000 3102 1063 3152 ut
1087 3097 1362 3168 episcopo
1383 3099 1755 3154 renuntiaret
1771 3105 1828 3154 et
1849 3100 2092 3172 populo,

441 3192 510 3241 ut
538 3187 602 3241 in
633 3186 885 3258 publicis
917 3186 1438 3257 deprecationibus
1485 3187 1569 3242 sic
1621 3193 1830 3244 orent:
1882 3191 2094 3245 Sancte

443 3277 619 3341 Deus,
655 3281 852 3330 sancte
885 3275 1074 3343 fortis,
1121 3280 1322 3330 sancte
1378 3276 1756 3344 immortalis,
1807 3279 2090 3334 miserere

447 3363 658 3427 nostri,
691 3379 884 3432 neque
915 3362 1077 3417 aliud
1111 3363 1435 3433 quidquam
1467 3364 1706 3420 addant.
1753 3366 1838 3421 Ita
1887 3369 2088 3423 statim

443 3455 718 3506 cantante
748 3450 967 3522 populo
999 3454 1172 3504 terrae
1203 3457 1398 3505 motus
1429 3451 1621 3506 desiit.
1681 3455 1760 3508 Eo
1801 3457 2088 3512 miraculo

444 3538 765 3594 admodum
798 3538 1056 3610 perculsi
1083 3539 1446 3594 Theodosius
1475 3557 1544 3595 ac
1599 3542 1913 3598 Pulchcria
1961 3545 2084 3600 edi-

441 3632 658 3683 xerunt
687 3632 753 3682 ut
783 3643 950 3683 sacra
979 3627 1175 3683 cantio
1206 3643 1313 3699 per
1334 3633 1523 3683 totum
1555 3629 1759 3685 orbem
1791 3636 2086 3688 terrarum

441 3717 527 3772 sic
558 3733 769 3773 cauere
779 3721 890 3772 tur.

510 4045 680 4098 Anno
713 4043 778 4097 35
811 4041 1080 4100 Paneade
1129 4043 1387 4099 advectas
1435 4048 1576 4099 sunt
1619 4046 1888 4118 reliquie
1937 4051 2082 4105 vatis

435 4132 624 4200 Isaias,
659 4136 717 4188 et
747 4133 809 4186 in
839 4132 954 4187 divi
985 4133 1283 4188 Laurentii
1316 4133 1537 4204 templo
1567 4136 1863 4206 repositas.

503 4241 676 4296 Anno
709 4241 775 4294 36
807 4239 1168 4296 Theodosius
1197 4239 1550 4296 Antiochum
1606 4243 1990 4314 prmpositum
2023 4251 2082 4302 et

433 4329 768 4400 patricium,
805 4345 1099 4400 suumque
1121 4328 1409 4400 bajulum,
1437 4345 1651 4402 papam
1673 4332 2078 4401 fecit,iaculta-

431 4417 589 4474 tibus
622 4435 857 4489 quoque
889 4419 1018 4489 ejus
1048 4417 1384 4490 publicatis,
1419 4419 1580 4491 quod
1615 4420 1666 4474 is
1715 4427 1922 4480 contra
1969 4425 2077 4480 im-

2109 4383 2156 4448 D

2201 1937 2299 1988 τοῦ
2335 1933 2603 2008 βασιλέως
2632 1932 2958 2012 ἀποδεχθεὶς
2989 1939 3251 2014 προήχθη
3285 1939 3506 2001 ὕπατος.

2271 2027 2358 2094 Τῷ
2412 2025 2498 2093 κη’
2556 2021 2662 2079 ἔτει
2723 2025 3041 2098 σύμπτωσις
3098 2025 3310 2102 ἐγένετο
3397 2025 3448 2082 ἐν
3504 2032 3586 2100 τῷ
3647 2029 3846 2101 θεάτρῳ

2203 2109 2630 2186 Ἀλεξανδρείας,
2659 2113 2747 2168 καὶ
2807 2111 3074 2169 ἀπέθανον
3134 2113 3321 2189 ἄνδρες
3376 2117 3518 2195 φοβ“.
3581 2113 3852 2188 Τελευτή-

2201 2221 2390 2263 σαντος
2418 2202 2763 2274 Μαξιμιοινοῦ
2813 2202 3065 2278 Πρόκλος
3107 2204 3136 2258 6
3190 2205 3495 2280 ἁγιώτατος
3554 2201 3854 2268 ἐπίσκοπος

2201 2289 2826 2354 Κωνσταντινουπόλεως
2862 2292 3294 2367 προχειρίζεται,
3351 2292 3408 2354 ὃς
3459 2293 3522 2348 τὸ
3572 2299 3674 2348 τοῦ
3723 2297 3854 2368 Χρυ-

2200 2375 2474 2450 σοστόμου
2507 2375 2764 2452 λείψανον
2796 2379 3108 2453 ἀνακομίζει
3145 2385 3226 2453 τῷ
3275 2379 3326 2435 λ’
3377 2379 3486 2436 ἔτεί
3540 2388 3647 2452 τῆς
3699 2384 3851 2457 βασι-

2201 2463 2351 2526 λείας
2386 2463 2700 2536 Θεοδοσίου,
2730 2467 2821 2521 καὶ
2853 2467 2928 2530 εἷς
2958 2469 3053 2523 τὸν
3095 2473 3201 2524 τῶν
3254 2467 3451 2544 Ἀγίων
3495 2470 3850 2526 Ἀποστόλιυν

2199 2552 2489 2625 ἀποτίθησι
2523 2555 2666 2611 ναόν.
2699 2557 2826 2612 Ἐπὶ
2870 2554 3068 2612 τούτου
3125 2557 3340 2630 σεισμοὶ
3391 2557 3632 2633 μεγάλοι
3691 2559 3846 2634 γεγό-

2193 2661 2347 2696 νασιν
2405 2641 2454 2696 ἐν
2527 2643 3098 2700 Κωνσταντινουπόλει
3183 2642 3236 2699 ἔν
3318 2646 3452 2718 μησὶ
3543 2645 3845 2720 τεσσαρσιν,

2201 2729 2339 2786 ὥστε
2371 2726 2703 2807 φοϐηθέντας
2733 2731 2860 2795 τοὺς
2902 2731 2954 2788 ἰν
3004 2733 3281 2807 Βυζαντίῳ
3328 2728 3430 2807 ἔξω
3477 2741 3578 2805 τῆς
3639 2733 3846 2796 πόλεως

2202 2823 2256 2878 ἐν
2287 2827 2366 2895 τῷ
2397 2820 2677 2898 λεγομένῳ
2729 2825 2933 2899 κάμπῳ
2981 2821 3305 2898 διατρίϐειν.
3359 2831 3466 2880 Τοῦ
3517 2832 3650 2902 γοῦν
3698 2827 3845 2901 εἰρη-

2205 2913 2369 2986 μένου
2422 2914 2768 2988 πατριάρχου
2830 2915 2966 2988 μετὰ
3006 2919 3103 2970 τοῦ
3156 2913 3374 2990 κλήρου
3421 2915 3512 2971 καὶ
3561 2921 3658 2971 τοῦ
3709 2916 3836 2968 λαοῦ

2199 3007 2321 3064 τοῖς
2378 3001 2558 3064 λιταῖς
2616 3000 2786 3057 ἐκεῖσε
2869 3008 3426 3080 προσκαρτεροῖητος,
3511 3005 3629 3079 περί
3693 3001 3826 3076 ὥραν

2198 3089 2406 3164 τρίτην,
2435 3091 2586 3170 ἄφνω
2621 3091 2836 3146 πάντων
2893 3092 3146 3167 ὁρώντων
3206 3095 3434 3170 ἡρπάγη
3501 3092 3702 3154 νεανίας
3757 3089 3829 3152 εὶς

2198 3179 2290 3234 τὸν
2325 3179 2453 3254 ἀέρα
2482 3181 2569 3235 καὶ
2621 3179 2824 3250 ἢκουσε
2873 3181 3018 3244 θείας
3069 3189 3255 3258 φωνῆς
3312 3181 3703 3257 παρεγγυώσης
3743 3181 3841 3236 αὖ·

2155 3274 2168 3296 ⁴
2198 3273 2278 3340 τῷ
2309 3269 2743 3344 ἀναγγεῖλαιτῷ
2791 3268 3072 3343 ἐπισκόπει)
3117 3270 3208 3326 καὶ
3248 3275 3328 3342 τῷ
3384 3270 3502 3342 λαῷ
3547 3268 3843 3326 λιτανεύειν

2200 3357 2366 3425 οὕτω,
2397 3358 2487 3412 καὶ
2518 3356 2713 3432 λέγειν’
2747 3360 2947 3434 Ἀγιος
2979 3359 3007 3418 6
3039 3359 3188 3428 Θεὸς,
3221 3356 3375 3434 ἅγιος
3409 3359 3666 3434 ἰσχυρὸς,
3702 3361 3846 3436 ἅγιος

2199 3445 2480 3517 ἀθάνατος,
2515 3445 2738 3518 ἐλέησον
2795 3449 2960 3521 ἡμᾶς·
3015 3449 3105 3503 καὶ
3167 3445 3334 3521 μηδὲν
3384 3445 3566 3524 ἕτερον
3628 3469 3850 3524 προστι-

2197 3534 2364 3592 θέναι.
2400 3536 2497 3590 Καὶ
2532 3535 2726 3602 εὐθέως
2754 3541 2916 3593 τοῦτο
2956 3537 3264 3612 ψάλλοντος
3317 3543 3413 3594 τοῦ
3468 3537 3608 3594 λαοῦ
3662 3537 3786 3608 ἔστη
3821 3539 3848 3591 6

2199 3625 2443 3699 σεισμός.
2482 3627 2640 3683 Ὀθεν
2673 3627 2700 3681 ὁ
2735 3625 2991 3702 βασιλεὺς
3040 3623 3326 3688 Θεοδόσιος
3375 3628 3465 3682 καὶ
3514 3630 3548 3697 ἡ
3606 3627 3843 3702 μακαρία

2195 3713 2532 3789 Πουλχερία,
2592 3714 3044 3791 ὓπεραγασθὲντες
3095 3720 3176 3788 τῷ
3233 3713 3486 3790 θαύματι,
3560 3715 3844 3772 ἐθὲσπισαν

2193 3803 2330 3858 κατὰ
2369 3808 2542 3858 πᾶσαν
2600 3802 2926 3878 οἱκοτμένην
2983 3803 3129 3859 οὕτω
3186 3802 3486 3878 ψαΑλεσθαι
3545 3804 3642 3860 τὸν
3702 3810 3842 3870 θεῖον

2193 3892 2384 3964 ὓμνον.

2262 3983 2352 4053 Τῷ
2383 3979 2458 4035 λε’
2487 3977 2592 4036 ἔτει
2621 3980 2825 4058 ἠνέχθη
2859 3981 2966 4036 ἀπὸ
3019 3979 3287 4046 Πανεάδος
3339 3982 3402 4037 τὸ
3451 3981 3712 4057 λείψανον
3745 3986 3837 4038 τοῦ

2189 4072 2478 4148 προφήτου
2507 4071 2752 4144 Ἡσαΐου,
2781 4072 2872 4126 καὶ
2904 4069 3058 4142 ἐτὲθη
3109 4069 3161 4125 ἐν
3204 4070 3285 4144 τῷ
3333 4075 3448 4144 ναῷ
3494 4076 3592 4128 τοῦ
3653 4073 3837 4149 Ἀγίου

2190 4160 2540 4234 Λαυρεντίου.

2260 4250 2357 4320 Τῷ
2396 4247 2479 4312 λς’
2528 4247 2633 4304 ἔτει
2684 4247 2944 4312 Θοδόσιος
2974 4249 3002 4305 6
3038 4246 3290 4324 βασιλεὺς
3340 4248 3628 4325 ’Δντίοχον
3679 4269 3832 4324 πραιο

2186 4337 2412 4392 πόσιτον
2465 4337 2555 4392 καὶ
2611 4338 2916 4414 πατρίκιον,
2969 4339 3061 4392 τὸν
3131 4335 3390 4412 βαΐουλον
3473 4339 3644 4394 αὐτοῦ
3703 4339 3828 4410 (64),

2189 4422 2370 4481 πᾶπαν
2401 4427 2514 4500 (65)
2563 4424 2808 4498 ἐποίησε,
2864 4425 3140 4500 δημεύσας
3188 4427 3279 4482 καὶ
3325 4427 3419 4482 τὸν
3469 4430 3622 4483 οἷκον
3673 4427 3827 4482 αὐτοῦ

1627 4535 1991 4596 XYLANDRI
2029 4543 2114 4598 ET
2152 4544 2365 4600 GOARI
2403 4544 2626 4600 ΝΟΤίΕ.

501 4656 611 4729 (63)
639 4651 965 4729 Φοιδεράτοι
997 4653 1168 4729 ἤγουν
1211 4654 1560 4724 ὑπόσπονδοι,
1596 4661 1803 4718 scribit
1829 4665 2070 4724 Harme-

429 4726 685 4801 nopolus
712 4726 750 4781 Ι.
788 4726 858 4794 ιν,
895 4728 985 4801 ιὶῐΖ
1021 4726 1105 4801 12.
1139 4729 1218 4783 De
1252 4729 1466 4800 quibus
1497 4730 1786 4801 Rigaltius
1817 4735 1881 4790 in
1913 4738 2066 4792 Glos-

426 4799 574 4852 sario
607 4799 843 4866 Tarlico,
879 4803 934 4853 et
963 4799 1286 4854 Jordanus’
1317 4801 1390 4855 De
1439 4799 1598 4854 rebus
1655 4803 1832 4858 Germ.
1869 4823 1883 4860 :
1933 4809 2074 4863 Dum

423 4870 846 4937 famosissimam
930 4869 1319 4926 Constantinus
1397 4886 1496 4926 suo
1543 4873 1769 4929 nomine
1823 4878 2072 4934 conderet

425 4943 722 5016 ciuitatem,
760 4941 1061 5016 Gothorum
1119 4942 1389 5016 interfuit,
1413 4943 1682 5012 operatio,
1731 4947 1831 5016 qui
1869 4951 2072 5016 foedere

422 5013 561 5070 inito
597 5029 720 5070 cum
749 5014 1083 5084 imperatore
1111 5014 1490 5085 quadraginta
1525 5013 1757 5071 suorunl
1772 5013 1952 5075 millia
1981 5022 2072 5078 illi

421 5085 482 5138 in
537 5087 736 5141 solatio
793 5088 988 5160 contra
1041 5092 1223 5155 gentes
1261 5087 1444 5160 uarias
1501 5087 1767 5160 obtulere.
1831 5093 2070 5160 Quorum

418 5171 677 5228 numeras
707 5163 757 5211 et
785 5154 966 5228 millia
1005 5154 1168 5228 usque
1215 5158 1288 5212 ad
1327 5173 1575 5228 prmsens
1616 5154 1980 5219 nominantur
2009 5165 2068 5221 in

418 5242 480 5279 re
500 5227 730 5305 publica
763 5227 823 5281 id
859 5227 1265 5305 est_[a»de_rat_i.
1317 5229 1398 5305 ᾼο
1456 5229 1649 5300 quoad
1699 5235 2067 5305 propositum

420 5303 664 5375 spectat.
697 5315 813 5369 quo
849 5297 919 5354 de
951 5299 1278 5375 Theodosio
1311 5301 1376 5355 ﬁt
1412 5297 1634 5375 sermo,
1667 5297 1868 5362 subd-it
1913 5307 2065 5363 infe-

416 5372 542 5450 rius
567 5383 593 5450 :_
615 5372 849 5450 Cunclus
874 5373 1147 5450 e.rerc_itus
1180 5374 1240 5426 in
1278 5373 1498 5450 servitio
1546 5374 1834 5450 Theodosii
1889 5380 2065 5450 impe-

415 5440 619 5516 ratoris
646 5443 974 5516 perdamus,
1009 5445 1251 5498 Romano
1279 5459 1348 5516 se,
1383 5447 1616 5512 imperio
1660 5448 1892 5505 subdens
1943 5440 2066 5508 cum

415 5507 594 5587 milite
632 5507 778 5587 uelut
809 5507 982 5587 unum
1028 5530 1222 5585 corpus
1270 5507 1474 5587 effecit;
1505 5518 1789 5587 milliaque
1818 5521 1929 5576 ista
1955 5507 2064 5578 du;

415 5580 546 5662 dum
575 5580 1334 5662 ειιρροηειαηεξηο-ρῆῃοὶρε
1351 5580 1746 5654 ῇεάειάιονιιῖη
1774 5600 2058 5662 renovata,

413 5655 464 5704 el
495 5652 607 5719 ipsi
634 5652 773 5706 dicti
799 5661 928 5707 sunt
956 5652 1230 5720 fazdérat-i.
1260 5652 1442 5712 Cosa.

482 5724 600 5794 (64)
630 5723 920 5780 Fortassis
949 5725 1033 5779 ita
1062 5731 1302 5782 notatur
1331 5727 1381 5782 is
1410 5730 1579 5800 cujus
1619 5749 1813 5803 operte
1860 5736 2062 5792 omnia

2184 4669 2509 4740 imperator
2537 4669 2960 4740 commisisset,
2992 4671 3089 4740 der
3118 4669 3239 4740 das,
3269 4669 3360 4740 fac
3393 4673 3596 4736 totum,
3639 4684 3807 4723 mare.

2185 4736 2322 4795 ΧΥῘ..
2355 4770 2424 4781 —-
2481 4736 2750 4800 Βαΐουλος
2809 4740 2870 4801 ὃς
2921 4737 3169 4794 καλεῖται
3225 4738 3539 4812 ἐπίτροπος,
3597 4745 3811 4795 vocatur

2174 4819 2534 4886 procuratpr,
2568 4812 2766 4886 inquit
2787 4813 3184 4886 ‘Gregorasiv,
3215 4815 3268 4886 9_.
3289 4812 3694 4886 Moschopulus
3713 4826 3815 4886 au-

2182 4877 2301 4958 :tem
2331 4877 2684 4958 παιδαγωγδξ
2712 4881 2802 4958 καὶ
2841 4877 3205 4958 παῖδομτρίϐης
3235 4883 3262 4936 6
3295 4877 3597 4958 λεγόμενος⁸
3637 4881 3813 4958 palo};-

2180 4949 2301 5013 λος.
2336 4949 2556 5009 Auctor
2602 4949 2678 5010 'de
2738 4955 2850 5010 hoc
2907 4949 3116 5012 eodem
3159 4949 3466 5012 iAntioch'o
3519 4949 3649 5010 folf
3681 4956 3815 5009 334:

2179 5021 2464 5101 ξΑντίοχόν
2519 5045 2642 5101 τινα
2723 5026 3025 5101 θαυμαστὸν
3082 5023 3606 5101 x1i__).oyu_inrcov_
3661 5021 3820 5101 ἄνδρα

2177 5092 2471 5172 ἐπίτροπον
2499 5095 2597 5172 καὶΔ
2619 5092 2966 5172 παιδαγωγὸν
2999 5092 3351 5172 ἀποστείλαςξ
3395 5092 3772 5172 Leunclavius
3801 5111 3812 5150 :

2177 5190 2205 5218 «
2241 5167 2480 5252 magnus
2504 5167 2743 5252 bajulus
2768 5167 3143 5252 imperatoris
3167 5171 3268 5252 qui
3298 5169 3636 5252 moderator
3655 5174 3741 5252 est
3763 5173 3818 5223 et

2176 5238 2399 5294 arbiter
2431 5238 2816 5296 consiliorum
2847 5238 3032 5312 ipsius
3065 5247 3123 5295 et
3153 5238 3474 5308 actionum,
3507 5246 3610 5298 aut
3641 5241 3814 5296 etiam

2177 5315 2336 5366 tutor
2365 5312 2496 5382 ejus
2529 5311 2588 5366 in
2627 5311 3060 5368 minore’mtate
3093 5313 3416 5367 constituti.
3454 5334 3482 5363 ››
3517 5315 3693 5369 (ΞοΑιι.

2245 5383 2362 5452 (65)
2392 5383 2549 5456 Papa
2579 5382 2675 5437 hic
2705 5383 2988 5456 clericum
3020 5455 3030 5456 ί
3048 5384 3362 5456 signiﬁcat,
3411 5386 3508 5440 ain
3558 5385 3810 5454 Pfa/fen:

2175 5453 2863 5527 quomodofAugustinus
2895 5461 2953 5509 et
2981 5455 3080 5510 alii
3109 5453 3177 5510 in
3236 5456 3504 5527 epistolis
3551 5453 3812 5527 persaepe

2171 5530 2440 5581 utuntur.
2472 5525 2726 5580 Zonaras
2757 5525 2977 5581 diserte
3007 5527 3214 5581 scribit
3263 5525 3571 5582 clericunf
3594 5527 3809 5582 factum

2170 5595 2355 5651 fuisse
2405 5595 2798 5666 Euphemiani
2856 5598 3012 5668 apud
3071 5597 3505 5654 Chalcedonem
3565 5595 3811 5667 collegit.

2175 5669 2312 5732 Quae
2344 5673 2675 5738 sequuntur
2699 5667 3098 5739 narrationes,
3129 5673 3286 5724 male
3330 5675 3466 5726 sunt
3504 5671 3730 5739 ail'ectte
3755 5667 3812 5720 in

2175 5739 2393 5794 Graeco.
2426 5739 2566 5793 XYL.‘
2597 5770 2665 5780 —-
2695 5741 2864 5796 Alius
2892 5738 3096 5808 adnue,
3147 5746 3206 5796 et
3252 5741 3404 5798 alius
3451 5745 3668 5802 παπᾶςε
3719 5738 3810 5792 hic
