4124 6312
299 390 415 449 653

1444 376 1989 459 HISTORIABUM
2039 381 2586 449 COMPENUIUM.

3592 382 3715 445 654

294 524 366 584 ὡς
397 517 861 591 κατεπαιρομὲνου
920 519 1016 570 τοῦ
1074 512 1344 589 βασιλέως
1404 513 1496 568 καὶ
1543 516 1955 595 καταφρονοῦν-

2088 520 2400 573 ieratorem
2448 537 2555 591 per
2603 524 3009 592 contemptum
3039 536 3101 575 se
3150 518 3479 576 extulisset.
3514 520 3718 589 Itaque

295 632 388 672 τος
447 607 631 664 αὐτοῦ.
693 606 788 660 Διὸ
818 606 909 659 καὶ
967 605 1138 678 νόμον
1192 601 1398 673 ἐξέθετο
1466 603 1540 675 μὴ
1614 604 1957 682 εῗσέρχεσοαι

299 702 378 762 είς
433 695 725 774 πατρικίου
777 692 927 766 ἀξίαν
987 692 1274 771 εὐνοῦχον.
1356 690 1528 754 Οὗτος
1586 694 1614 747 6
1674 690 1959 754 Θεοδόσιος

299 790 687 866 εύμετάγωγος
716 787 784 856 ἦν
806 783 1037 865 σφόδρα,
1068 783 1393 858 πειθόμενος
1426 789 1538 845 τοῖς
1602 778 1955 838 ὑποϐάλλου-

298 901 381 935 σιν
406 877 553 949 αύτῷ
584 876 831 947 οἰκείοις,
863 876 938 936 ὡς
970 867 1245 935 πολλάκις
1275 873 1366 928 καὶ
1427 872 1666 949 χάρτους
1724 876 1841 947 (66)
1877 872 1952 945 μὴ

300 967 692 1044 ἀναγινώσκων
763 964 1081 1043 ὑπὲγραφεν.
1140 966 1306 1038 Ὃπερ
1396 963 1638 1036 μαθοῦσα
1702 959 1957 1035 Πουλχε-

306 1059 398 1132 ρία
426 1059 461 1127 ἡ
497 1057 665 1111 αὐτοῦ
696 1052 931 1133 ἀδελφὴ,
984 1052 1074 1107 καὶ
1114 1050 1389 1114 πολλάκις
1419 1051 1809 1122 νουθετήσασα,
1842 1049 1957 1104 ἐπεὶ

303 1148 402 1202 οὐκ
426 1140 624 1215 ἔπειθε,
662 1147 844 1219 σοφῶς
903 1141 1139 1212 ὑπῆλθεν
1200 1140 1388 1213 αὐτὸν,
1441 1141 1533 1196 καὶ
1592 1138 1797 1215 δωρεὰν
1857 1136 1957 1209 δῆ-

301 1239 386 1291 θεν
419 1235 578 1290 αἴτεῖο
612 1237 646 1303 ἡ
683 1231 728 1287 δ’
787 1234 856 1301 ἦν
914 1232 1050 1306 πρὸς
1102 1228 1355 1286 δουλείαν
1413 1228 1734 1305 ἐκχωροῦσα
1783 1225 1960 1284 E660-

300 1325 422 1382 κίαν
451 1327 553 1395 τὴν
594 1323 758 1378 αύτοῦ
787 1323 1058 1398 γαμετήν.
1102 1321 1448 1395 Ηροσήνεκτο
1477 1320 1659 1374 τοίνυν
1714 1320 1741 1373 6
1797 1322 1957 1373 τοῦτο

305 1414 726 1486 διαταττόμενος
757 1413 973 1491 χάρτης
1030 1410 1119 1464 καὶ
1175 1410 1319 1485 παρὰ
1380 1413 1477 1464 τοῦ
1524 1405 1792 1484 βασιλέως
1855 1406 1956 1463 ὑπ-

305 1506 653 1580 εσημαίνετο.
687 1504 834 1559 Μετὰ
884 1499 943 1557 δὲ
986 1502 1149 1557 τοῦτο
1180 1500 1603 1575 ἀναγνωσθέντος
1632 1498 1798 1554 aito?)
1850 1496 1957 1552 δει-

301 1601 407 1658 νῶς
442 1595 545 1651 ὑπὸ
576 1599 677 1663 τῆς
714 1589 1055 1667 Πουλχερίας
1103 1587 1416 1661 ὡνειδίσθη,
1449 1588 1539 1643 καὶ
1594 1584 1779 1643 ἔκτοτε
1808 1586 1958 1662 ἀκρί-

307 1680 453 1740 ϐειαν
507 1687 615 1739 τῶν
669 1679 934 1737 τοιούτων
992 1677 1184 1734 ἐποίει.
1253 1680 1380 1734 Ἐπὶ
1434 1679 1630 1733 τοότου
1678 1680 1772 1731 τοῖ’)
1807 1676 1959 1750 βασις

306 1774 447 1835 λέως
478 1772 670 1828 ἐκτῶν
705 1771 921 1826 Γότθιον
975 1769 1189 1845 γέγονεν
1243 1766 1370 1840 ἔθνη
1432 1767 1686 1843 τέσσαρα,
1746 1767 1958 1832 Γότθοι,

305 1862 628 1960 ,Υτὶόγοτθοι
686 1862 820 1960 (67),
880 1856 1120 1960 Γήπεδες
1172 1857 1264 1912 καὶ
1342 1854 1826 1960 ΟύάνδηλυοιίἢἙξ
1869 1855 1961 1960 ’ὧν
1996 1896 2041 1960 Β

307 1948 541 2027 ’Άϐαρις
598 1952 709 2027 (68)
781 1947 981 2023 ἤρξατο
1069 1946 1324 2022 διαπερᾷν
1401 1947 1457 2001 ἓν
1549 1948 1618 2020 τῇ
1670 1945 1962 2019 Ῥωμαίων

345 2065 403 2117 ῃ.

308 2064 475 2205 Yn’i‘q»
514 2128 600 2194 λο⁹
632 2127 739 2186 ἔτει
773 2124 1055 2202 Κύριλλος
1096 2122 1508 2201 Ἀλεξανδρείας
1563 2125 1655 2180 καὶ
1717 2122 1966 2199 ΗρόκΛος

312 2216 945 2278 Ιίιυνσταντινουπόλεως
992 2212 1229 2280 εὐσεϐῶς
1283 2215 1678 2290 ἐκοιμήθησαν.
1714 2213 1816 2270 Καὶ
1873 2214 1963 2267 τὸν

316 2311 408 2385 μὲν
446 2307 699 2385 Πρόκλον
764 2303 1077 2368 ψλαὸιανὸς
1135 2305 1219 2379 [Ρ.
1279 2308 1403 2378 343]
1462 2299 1824 2379 πρεσϐύτερος
1874 2302 1965 2356 καὶ

313 2397 644 2476 σκευοφύλαξ
678 2398 791 2471 (69)
845 2394 1106 2473 Μεγάλης
1152 2392 1482 2464 Ἐκκλησίας
1534 2398 1964 2476 Κωνσταντινου-

310 2473 529 2549 πόλεως
562 2483 857 2559 διεδέξατο,
889 2482 1161 2559 Κύριλλον
1193 2481 1251 2537 δὲ
1283 2482 1574 2554 Διόσκορος
1598 2483 1625 2536 6
1680 2473 1964 2548 δυσσεϐὴς,

320 2575 449 2651 μηδ’
484 2576 628 2638 ὅλως
651 2572 722 2629 ὤν
756 2570 1167 2637 διδασκαλικὸς,
1219 2570 1443 2646 ἀχρεῖος
1503 2568 1559 2625 δὲ
1613 2571 1703 2625 καὶ
1761 2569 1966 2640 ἀνημε-

317 2686 436 2743 ρος,
467 2664 743 2739 ἐξαιρὲτως
800 2661 856 2718 δὲ
890 2663 941 2718 ἐν
1001 2669 1117 2724 τοῖς
1175 2661 1454 2737 συγγενέσι
1503 2657 1782 2735 Κυρίλλου
1811 2660 1966 2735 γενό-

316 2757 504 2829 μενός·
564 2753 828 2827 αἱρετικὸς
890 2752 992 2828 γὰρ
1044 2750 1131 2822 ἦν,
1208 2749 1260 2820 ἐξ
1342 2748 1567 2804 ἁπαλῶν
1629 2749 1844 2823 ὀνύχων
1898 2747 1965 2801 τὰ

315 2841 625 2918 ’ῼριγένους
656 2844 888 2919 φρονῶν.

384 2936 482 3007 Τῷ
512 2934 600 3007 μα’
631 2930 731 2987 ἔτει
766 2933 801 3002 ἡ
837 2931 1109 3006 Λῃστρική
1140 2929 1230 2985 καὶ
1252 2928 1568 3005 παράνομος
1600 2927 1962 3003 συνηθροίσθη

317 3020 561 3092 σύνοδος,
593 3018 690 3076 τοῦ
714 3022 968 3094 κριθῆναι
996 3020 1061 3075 τὰ
1120 3019 1243 3094 περὶ
1300 3012 1615 3073 Φλαϐιανοῦ
1672 3017 1763 3072 καὶ
1794 3013 1967 3069 Εὔτυ-

319 3112 475 3187 χοῦς,
510 3109 613 3166 ὑπὸ
647 3109 941 3183 Διοσκόρου
973 3113 1070 3162 τοῦ
1094 3102 1409 3176 δυσσεϐοῦς,
1465 3106 1602 3161 κατὰ
1649 3103 1962 3180 παραίνεσιν

323 3201 631 3279 Χρυσαιρίου
663 3199 930 3275 εὐνούχου
962 3199 1024 3253 τὸ
1055 3197 1289 3266 ἐπίκλην
1321 3200 1533 3269 Ζουμνᾶ
1576 3196 1711 3268 (‘70),
1741 3194 1841 3263 τήν
1870 3196 1965 3247 τοῦ

317 3287 587 3365 βασιλεως
619 3286 905 3358 ἁπλότητα
938 3285 1391 3361 παραπείσαντος.

380 3469 472 3539 Τῷ
504 3465 712 3523 ἐπιόντι
743 3465 798 3521 δὲ
829 3466 1026 3543 καιρῷ,
1059 3465 1231 3541 ἤγουν
1283 3468 1362 3536 τῷ
1417 3466 1529 3540 μβ’,
1561 3463 1717 3540 γνοὺς
1763 3462 1790 3517 6
1836 3469 1963 3517 Θεο-

315 3554 500 3619 δόσιος
557 3558 630 3619 ὡς
689 3558 968 3627 ἠπάτηται
1018 3555 1163 3630 παρὰ
1216 3554 1558 3634 Χρυσαιρίου,
1619 3558 1833 3628 πρῶτον
1871 3551 1964 3625 μὶν

313 3643 471 3701 αὐτὸν
513 3644 741 3721 ἐξορίζει
794 3644 871 3707 εἲς
935 3664 1057 3700 τινα
1111 3649 1299 3714 νῆσον,
1352 3646 1421 3717 τῇ
1482 3639 1716 3713 Εύδοκίᾳ
1771 3639 1827 3696 δὲ
1877 3642 1966 3695 καί

318 3732 600 3809 Δύγούστῃ
655 3732 966 3812 ἐπισέρεται
1026 3730 1297 3813 σφοδρῶς,
1356 3733 1571 3787 πάντων
1628 3732 1738 3786 τῶν
1788 3734 1968 3785 κακῶν

319 3824 499 3879 αἰτίαν
571 3822 738 3892 αὐτὴν
799 3820 1096 3878 ἀποκαλῶν
1180 3823 1254 3884 ὡς
1307 3820 1397 3876 καί
1467 3819 1805 3897 Πουλχερίαν
1865 3822 1972 3874 τῶν

319 3911 615 3989 βασιλείων
679 3910 1080 3984 ἀποδιώξασαν,
1140 3911 1253 3985 ἅμα
1312 3909 1368 3966 δὲ
1418 3910 1507 3966 καί
1570 3909 1636 3965 τὰ
1692 3909 1826 3965 κατὰ
1877 3908 1968 3964 τὸν

314 4002 582 4058 Παυλῖνον
618 4000 894 4072 ὀνειδίζων
928 4000 1086 4075 αὐτῇ,
1119 4000 1252 4075 ὑπὲρ
1304 4005 1401 4056 τοῦ
1437 3997 1621 4074 μήλου
1673 3999 1972 4054 ἀποθανόν-

313 4110 400 4151 τα.
456 4096 516 4148 ’Π
576 4090 634 4146 δὲ
692 4092 1007 4167 ἀπογνοῦσα
1063 4088 1427 4167 παρεκάλεσεν
1490 4087 1574 4144 ἐπὶ
1625 4091 1692 4144 τὰ
1743 4086 1972 4163 Ἰεροσό-

321 4181 475 4256 λυμα
534 4179 875 4251 ἀπολυθῆναι
932 4180 1119 4251 αὐτήν·
1182 4180 1211 4234 8
1284 4179 1374 4235 καὶ
1431 4179 1638 4255 γέγονε,
1697 4173 1972 4249 λαϐούσης

317 4273 432 4344 μεθ’
465 4271 662 4340 εαυτῆς
712 4266 956 4344 Σεϐῆρον
1014 4270 1106 4324 τὸν
1158 4264 1521 4344 πρεσϐύτερον
1578 4267 1667 4323 καὶ
1728 4264 1977 4325 διάκονον

318 4360 605 4431 Ἰωάννην.
642 4358 837 4416 Μαθὼν
875 4357 931 4414 δὲ
963 4360 989 4413 6
1024 4357 1279 4434 βασιλεὺς
1309 4358 1410 4422 ,ὅτι
1467 4359 1615 4413 οὗτοι
1672 4359 1760 4413 καὶ
1802 4358 1852 4413 ἐν
1906 4364 1975 4433 τῇ

323 4447 483 4504 πόλει
544 4448 682 4522 πρὸς
741 4445 907 4516 αὐτὴν
959 4444 1277 4522 ἐσύχναζον,
1336 4443 1661 4509 ἀποστείλας
1710 4447 1977 4524 ἀπεκεφά-

319 4538 470 4595 λισεν
505 4534 721 4602 αὐτούς’
756 4538 852 4605 τήν
884 4533 941 4591 δὲ
969 4535 1122 4611 ἁγίαν
1181 4532 1526 4611 ΙΙουλχερίαν
1563 4533 1696 4609 μετά
1751 4530 1974 4606 πολλῆς

2074 606 2251 661 etiam
2283 607 2472 680 legem
2508 609 2642 663 tulit
2671 626 2745 663 ne
2777 610 2908 680 quis
2940 610 3251 664 eunuchus
3292 608 3578 682 dignitate
3624 626 3727 679 pa-

2074 694 2228 749 tricii
2260 702 2591 753 ornaretur.
2633 698 2766 753 Fuit
2812 698 3136 769 imperator
3184 699 3292 753 iste
3324 699 3504 754 nimis
3548 714 3726 768 quam

2073 783 2334 853 mobilis,
2371 786 2638 857 adeoque
2669 786 2946 858 proclivis
2976 787 3049 842 ad
3071 786 3518 858 obsequendum
3548 787 3722 842 fami-

2072 870 2322 929 liaribus
2344 875 2572 945 aliquid
2600 876 3079 937 suadentibusut
3102 893 3257 947 saepe
3290 877 3467 932 etiam
3488 875 3727 930 schedis

2074 979 2196 1016 non
2220 963 2389 1019 lectis
2413 963 2834 1020 subscriberet.
2868 964 3032 1028 Quod
3082 981 3215 1019 cum
3239 965 3732 1021 animadverteret

2075 1067 2242 1106 soror
2273 1054 2403 1123 ejus
2434 1053 2770 1125 Pulcheria,
2799 1058 2858 1108 et
2890 1069 3045 1124 saepe
3078 1053 3416 1124 castigando
3442 1050 3734 1124 nihilpro-

2076 1140 2299 1209 ticeret,
2330 1142 2542 1197 callide
2575 1160 2709 1197 eum
2741 1141 2952 1197 adorta
2981 1146 3090 1196 est.
3132 1143 3275 1196 Nam
3310 1140 3416 1195 sub
3443 1146 3733 1212 praetextu

2072 1230 2313 1301 petendi
2346 1230 2753 1298 muneris,sibi
2786 1231 2846 1285 in
2870 1228 3210 1285 servitutem
3236 1230 3388 1285 tradi
3412 1229 3733 1284 Eudociam

2072 1315 2270 1374 fratris
2301 1336 2543 1374 uxorem
2576 1336 2683 1391 per
2713 1320 2944 1375 litteras
2966 1320 3224 1391 petebat.
3256 1319 3368 1374 Eas
3399 1318 3473 1375 ad
3505 1337 3566 1374 se
3589 1318 3737 1373 alla-

2074 1413 2162 1463 tas
2196 1409 2523 1482 imperator
2554 1410 2748 1483 sigillo
2783 1410 3172 1466 conﬁrmavit.
3226 1413 3436 1465 Postea
3466 1410 3537 1465 iis
3569 1409 3737 1464 lectis

2073 1500 2291 1554 acriter
2320 1506 2411 1556 est
2440 1518 2474 1556 a
2498 1500 2816 1556 Pulcheria
2866 1499 3233 1574 objurgatus,
3269 1507 3446 1572 atque
3478 1500 3616 1556 inde
3650 1505 3738 1555 ta-

2074 1589 2233 1643 libus
2265 1590 2325 1644 in
2357 1590 2539 1645 rebus
2599 1591 3044 1646 accurationem
3104 1589 3395 1644 adhibuit.
3448 1590 3595 1645 60]
3658 1592 3739 1644 Eo

2074 1678 2407 1749 imperante
2453 1680 2648 1734 Gotthi
2704 1681 2765 1734 in
2822 1685 3079 1750 quatuor
3110 1686 3318 1753 gentes
3369 1680 3545 1734 divisi
3579 1685 3741 1743 sunt,

2074 1768 2135 1821 in
2189 1769 2428 1835 Gothos,
2497 1769 2895 1842 Hypogothos,
2960 1769 3212 1841 Gepidas
3290 1775 3349 1824 et
3413 1768 3734 1823 Vandalos.

2074 1859 2156 1911 Ex
2210 1858 2428 1928 quibus
2457 1858 2668 1914 Abaris
2701 1859 2879 1930 coepit
2924 1858 3248 1915 Romanam
3307 1858 3597 1914 ditionem
3629 1876 3733 1929 pe-

2073 1964 2295 2021 ragrari
2306 1992 2318 2004 .

2142 2128 2314 2182 Anno
2349 2128 2416 2183 39
2439 2126 2695 2201 Cyrillus
2727 2126 3103 2183 Alexandriae
3160 2133 3218 2182 et
3263 2126 3507 2182 Proclus
3540 2127 3736 2198 Cpolis

2074 2215 2338 2289 episcopi
2370 2218 2466 2289 pie
2488 2218 2609 2273 vita
2638 2217 2903 2273 defuncti
2939 2224 3095 2272 sunt.
3130 2223 3211 2271 Ac
3249 2216 3459 2271 Proclo
3491 2216 3735 2287 quidem

2074 2307 2362 2362 successit
2418 2307 2731 2362 Flavianus
2780 2306 3089 2379 presbyter
3164 2308 3502 2378 Magnaque
3579 2306 3736 2360 Aidis

2073 2395 2395 2467 Cpolitanze
2451 2413 2722 2452 vasorum
2754 2400 2973 2465 custos,
3009 2395 3224 2467 Cyrillo
3256 2400 3455 2450 autem
3506 2394 3740 2449 Diosco-

2072 2485 2518 2557 rusimpius,ad
2549 2485 2885 2542 docendum
2946 2502 3323 2557 nequaquam
3379 2490 3570 2555 aptus,
3629 2485 3733 2539 sed

2074 2573 2300 2630 inutilis
2332 2582 2388 2631 et
2410 2577 2649 2646 efferus,
2683 2575 2980 2648 prmcipuc
3007 2593 3161 2630 unus
3192 2574 3263 2630 de
3307 2574 3505 2645 Cyrilli
3531 2574 3734 2628 inimi-

2073 2664 2187 2720 cis:
2210 2682 2347 2721 nam
2380 2683 2412 2721 a
2446 2666 2666 2721 teneris
2688 2666 2818 2739 jam
2861 2662 2997 2721 inde
3031 2662 3369 2738 unguiculis
3392 2663 3732 2736 Origenicas

2074 2754 2333 2811 haereses
2364 2753 2709 2812 imbiberat.
3528 2756 3531 2761 ⁴

2143 2936 2315 2989 Anno
2349 2936 2409 2988 41
2446 2932 3035 2990 latrociniisinfamis
3054 2937 3228 3004 atque
3252 2933 3738 3005 legibusadversa

2074 3022 2185 3079 illa
2217 3022 2477 3096 synodus
2502 3022 2753 3079 collecta
2783 3027 2872 3077 est
2902 3023 2974 3078 ad
2998 3024 3457 3078 controversiam
3473 3023 3733 3079 Flaviani

2071 3118 2249 3185 atque
2281 3110 2629 3185 Eutychetis
2661 3112 3110 3185 disceptandam
3142 3131 3175 3168 a
3207 3112 3483 3167 Dioscoro
3524 3114 3730 3184 impio,

2070 3202 2312 3257 hortatu
2336 3201 2688 3275 Chrysaphii
2715 3203 2787 3275 (is
2819 3202 2937 3257 alio
2963 3202 3204 3257 nomine
3226 3204 3498 3257 Zummas
3537 3203 3735 3274 appel-

2073 3292 2613 3367 labatur)eunuchi,
2641 3292 2739 3363 qui
2774 3290 2885 3348 hoc
2916 3291 3331 3364 persuadendo
3355 3291 3731 3365 imperatoris

2077 3381 2445 3455 simplicitati
2475 3378 2863 3454 imposuerat.

2146 3475 2316 3527 Anno
2348 3472 2619 3545 proxime
2650 3472 2941 3543 insecuto,
2975 3473 3075 3544 qui
3106 3473 3219 3529 fuit
3248 3477 3336 3543 42,
3369 3472 3733 3530 Theodosius

2079 3580 2140 3617 se
2173 3580 2207 3616 a
2236 3561 2599 3635 Chrysaphio
2633 3560 2945 3633 deceptum
2978 3560 3240 3617 sentiens
3265 3580 3417 3617 eum.
3451 3563 3510 3617 in
3534 3581 3736 3633 quam-

2079 3652 2216 3705 dam
2245 3650 2506 3706 insulam
2539 3650 2779 3723 relegat.
2814 3650 3137 3706 Eudociam
3161 3667 3395 3722 quoque
3410 3653 3733 3723 Augustam

2079 3740 2331 3813 graviter
2388 3739 2681 3811 objurgat,
2718 3740 2985 3793 omnium
3012 3739 3304 3793 malorum
3338 3756 3465 3794 eam
3494 3757 3732 3795 causam

2082 3827 2231 3883 etab
2265 3844 2333 3884 ea
2376 3826 2750 3882 Pulcheriam
2808 3826 2944 3881 aula
2997 3826 3180 3883 fuisse
3220 3826 3452 3899 pulsam
3479 3827 3682 3883 dicens
3716 3846 3731 3896 ;

2082 3916 2260 3971 simul
2292 3921 2350 3970 et
2378 3914 2692 3970 Paulinum
2724 3916 3086 3986 exprobrans
3101 3917 3361 3987 ei,quem
3377 3919 3732 3989 pomicausa

2081 4011 2358 4061 necatum
2388 4004 2569 4059 fuisse
2591 4002 3443 4074 demonstravimus.Eudocia,
3469 4008 3553 4061 rei
3580 4006 3733 4061 indi-

2083 4095 2370 4167 gnitatem
2401 4110 2520 4148 non
2560 4093 2777 4161 ferens,
2836 4093 3008 4164 petiit
3066 4098 3131 4148 ut
3189 4094 3589 4166 Hierosolyma
3621 4092 3731 4149 sibi

2085 4183 2248 4238 abire
2278 4180 2523 4250 liceret;
2559 4196 2675 4252 quo
2708 4181 3122 4253 impetrato,eo
3148 4200 3208 4237 se
3237 4182 3733 4251 contulit,comite

2086 4274 2296 4329 Severo
2327 4269 2671 4341 presbytero
2733 4276 2791 4326 et
2845 4270 3092 4325 diacono
3144 4271 3385 4326 Joanne.
3430 4272 3731 4328 6021m-

2085 4365 2323 4433 perator
2350 4359 2583 4430 cognito
2617 4357 2752 4414 illos
2811 4359 2987 4414 etiam
3020 4361 3082 4414 in
3114 4360 3258 4415 urbe
3289 4361 3632 4432 frequenter
3662 4360 3737 4415 ad

2087 4451 2277 4521 ipsam
2310 4466 2698 4516 commeasse,
2754 4448 2952 4503 missis
3001 4449 3380 4505 carniﬁcibus
3412 4450 3606 4522 capita
3637 4468 3737 4505 co-

2088 4554 2219 4595 rum
2252 4537 2542 4611 amputari
2570 4537 2768 4610 jussit.
2803 4538 3075 4594 Sanctam
3126 4544 3325 4595 autem
3364 4539 3740 4595 Pulcheriam

324 4626 730 4705 παρακλήσεως
761 4625 1038 4703 είσήγαγεν
1069 4628 1145 4689 εἷς
1199 4625 1267 4681 τὰ
1327 4625 1594 4702 βασίλεια·
1654 4628 1773 4695 ἣτις
1827 4626 1966 4682 εὐθὺς

2089 4628 2293 4684 multis
2345 4626 2537 4682 verbis
2595 4627 2934 4683 consolatus
2994 4629 3055 4682 in
3103 4628 3301 4684 aulam
3359 4630 3610 4685 reduxit.
3663 4632 3744 4684 Ea

324 4716 693 4773 ἆποστείλασα
776 4715 851 4777 εἷς
899 4723 1127 4794 Ἔφεσον
1210 4717 1383 4794 ἤγαγε
1465 4715 1526 4770 τὸ
1583 4715 1834 4790 λείψανον
1880 4723 1977 4772 τοῦ

323 4806 488 4882 ἁγίου
523 4800 861 4863 Φλαϐιανοῦ.
891 4806 1031 4862 Τότε
1082 4802 1172 4861 καὶ
1229 4807 1329 4876 τήν
1379 4809 1489 4861 τῶν
1542 4800 1976 4882 Χαλκοπρατίων

319 4895 618 4967 ἐκκλησίαν
679 4898 749 4969 τῇ
797 4896 1046 4970 Θεοτόκῳ
1122 4896 1398 4973 ἀνήγειρε,
1472 4898 1788 4973 συναγωγήν
1849 4898 1979 4952 Ἰου-

2089 4719 2288 4775 statim
2317 4718 2618 4791 Ephesum
2648 4715 2811 4772 misit
2836 4717 2936 4788 qui
2968 4718 3156 4773 sancti
3188 4718 3446 4774 Flaviani
3495 4717 3744 4774 cadaver

2089 4810 2390 4864 afferrent.
2414 4807 2575 4862 Tunc
2605 4811 2663 4862 et
2693 4806 3247 4878 Chalcopratiorum
3275 4807 3463 4863 aedem
3488 4809 3587 4862 Dei
3628 4808 3739 4863 Ge-

2090 4895 2288 4952 nitrici
2320 4894 2651 4964 aedificavit,
2710 4911 2844 4950 cum
2895 4893 2943 4948 is
2992 4894 3159 4950 locus
3215 4900 3354 4950 ante
3404 4896 3742 4949 Judmorum

1528 5012 1892 5071 XYLANDRI
1930 5016 2016 5069 ET
2056 5014 2273 5071 GOARI
2311 5013 2532 5067 ΝΟΤιΕ.

322 5140 576 5194 sacerdos
607 5139 698 5194 vel
717 5140 945 5195 clericus
972 5139 1327 5211 privatus,in
1358 5138 1581 5211 saeculo
1634 5142 1833 5195 tamen
1865 5141 1968 5195 de-

2078 5138 2218 5192 Ἀπὸ
2241 5139 2339 5191 τοῦ
2372 5136 2545 5207 χωρῶ
2567 5134 2807 5190 deducit
2872 5137 3124 5192 Lexicon
3184 5151 3547 5206 anonymum
3582 5135 3734 5192 Bibl.

323 5226 511 5282 gens;
543 5211 667 5283 ille,
695 5227 869 5282 papa,
905 5208 1204 5283 Romanus
1226 5210 1521 5283 pontifex.
1555 5210 1636 5283 De
1666 5211 1770 5283 illo
1792 5228 1982 5283 nuper
2090 5208 2517 5283 ΒεεζίιιδζίπῖοιιιιΣ

325 5278 532 5370 auctor
560 5280 664 5369 fel.
837 5300 848 5336 :
884 5279 1181 5370 K-sz‘noc'
1224 5278 1648 5370 ’Ἀλεξανδρείαὲ
1708 5280 1770 5370 '65
1811 5278 1981 5370 Κελε-

325 5350 502 5424 στίνου
533 5353 928 5424 πάπαῬώμης
969 5348 1066 5406 ’τὸν
1120 5352 1289 5406 τόπον
1343 5348 1536 5407 διεῖπε.
1598 5354 1676 5407 De
1736 5354 1847 5407 hoc
1882 5348 1977 5424 Al-

324 5422 526 5491 latius,
562 5441 799 5479 necnon
821 5422 1101 5481 Codinus.
1131 5424 1458 5480 Cmoniates
1489 5425 1668 5479 etiam
1723 5426 1820 5476 τοῦ
1850 5423 1981 5477 ποτε

2184 5275 2272 5349 67)
2306 5279 2474 5349 Forte
2499 5275 2851 5347 Visigothos.
2878 5278 3014 5331 ΧΠ..

2185 5347 2274 5411 68⁷)
2304 5347 2447 5401 Inde
2471 5349 2783 5419 Avarers,ut
2813 5348 2974 5401 Serbi
2997 5366 3102 5419 pro
3137 5348 3560 5413 Servis,etalia.
3594 5352 3733 5405 XYL.

2185 5419 2274 5491 69)
2306 5417 2619 5488 Nicephori
2648 5418 2943 5489 interpres
2964 5417 3141 5475 habet
3161 5423 3433 5475 custodem
3454 5438 3739 5477 sacrorum

330 5490 1018 5573 6‘naa§¢.;'l‘he0phanes
1050 5494 1125 5573 :_6
1159 5499 1329 5568 Κῦρος
1367 5493 1697 5573 προσφυγὼν
1754 5497 1823 5568 τῇ
1856 5495 1966 5550 Ἐκ-

2089 5490 2618 5573 ἀοὴατζίιζνωπκχιν,
2652 5491 2742 5573 41:
2768 5490 2908 5573 X11...

325 5563 534 5642 κλησίᾳ
566 5564 779 5642 ἐγένετο
794 5563 1010 5642 ῖιταπᾶς.
1048 5569 1223 5623 (ΞοΑῐι.

400 5640 507 5708 (66)
532 5638 919 5711 Ουἠιιηυιιίυδ
952 5644 1178 5711 tamen
1210 5639 1427 5694 dicitur
1480 5638 1691 5711 χάρτης
1726 5654 1738 5691 :
1774 5654 1808 5711 a
1839 5655 1977 5708 quo,

327 5726 484 5778 reor,
507 5716 673 5767 vetus
704 5710 991 5767 Gallicum
1020 5708 1371 5784 vocabulum
1414 5708 1597 5767 charte
1654 5713 1714 5764 et
1741 5710 1977 5766 chartre.

2161 5562 2273 5635 (70)
2313 5563 2381 5635 In
2402 5559 2627 5635 eclogis
2683 5560 2973 5635 Theodori
3026 5564 3394 5635 Anagnosta),
3449 5564 3740 5635 principio

2088 5631 2313 5763 parum,
2370 5634 2615 5688 'l‘zumas
2672 5631 2892 5689 dicitur
2949 5631 3357 5693 in‘terfe'ctusa
3410 5631 3719 5690 Pulcheria

2138 5724 2226 5763 γι..
