4124 6312
415 369 530 428 655

1751 360 2062 421 GEORGII
2107 360 2450 425 GEDRENI

3710 363 3834 424 656

415 503 628 557 fuisset
654 513 966 570 synagoga.
1001 497 1274 552 Flaviano
1306 497 1366 550 in
1397 497 1804 568 episc0patum
1830 513 2064 552 succes-

2181 490 2348 581 δαίων
2380 501 2643 572 πρότερον
2673 499 2854 554 οὖσαν.
2891 502 3003 567 Τῆς
3061 495 3120 553 δὲ
3175 495 3469 570 ἐκκλησίας
3505 496 3644 572 μετά
3673 497 3834 554 Φλα-

414 591 492 645 sit
519 587 845 643 Anatolius.

487 682 619 732 Post
673 675 913 747 aliquod
972 675 1256 746 temporis
1341 675 1667 745 imperator
1731 675 2061 744 equitatum

413 782 704 840 egressus,
737 783 890 836 equo
933 765 1195 836 collapso
1226 764 1482 820 afﬂictus
1513 764 1694 834 inque
1735 764 1947 818 lectica
1967 763 2065 818 do-

411 872 576 912 mum
608 854 1056 922 relatus,sorori
1081 853 1409 908 Pulcheriw
1441 853 1512 907 ad
1546 870 1609 908 se
1661 859 1878 909 vocatae
1909 852 2060 908 indi-

412 945 566 1002 cavit
595 944 812 1000 debere
847 943 960 1000 sibi
991 943 1352 998 Marcianum
1379 943 1695 998 succedere
1725 959 1736 996 :
1770 944 1882 998 hoc
1903 943 2062 998 enim

413 1035 524 1090 sibi
556 1051 591 1089 a
617 1036 844 1090 Joanne
858 1032 1153 1104 Theologo
1181 1031 1394 1103 Ephesi
1426 1033 1622 1102 agenti
1646 1032 2062 1105 signiﬁcatum.

412 1123 713 1180 Accersito
742 1123 920 1178 etiam
949 1121 1242 1177 Marciano
1274 1120 1460 1176 dixit:
1497 1121 1578 1176 Ab
1602 1123 1823 1193 Aspare
1864 1126 1922 1176 et
1970 1137 2065 1176 se-

413 1221 559 1271 natu
589 1215 733 1270 mihi
758 1214 1232 1270 demonstratum
1287 1218 1376 1267 est
1403 1218 1458 1267 te
1518 1213 1834 1284 imperium
1869 1229 1904 1268 a
1931 1229 2064 1268 meo

413 1305 580 1360 obitu
629 1309 1031 1376 accepturum.
1083 1302 1268 1358 Biduo
1317 1309 1450 1375 post
1508 1303 1834 1375 imperalor
1887 1303 2066 1358 vitam

415 1410 551 1449 cum
581 1399 771 1449 morte
821 1393 1220 1449 commutavit.
1255 1393 1478 1464 Corpus
1508 1391 1638 1463 ejus
1669 1393 1730 1448 in
1759 1393 1897 1447 fano
1921 1395 2069 1464 Apo-

416 1483 703 1538 stolorum
725 1482 1098 1538 reconditum
1154 1481 1284 1536 fuit.
1339 1482 1589 1536 Uxorem
1637 1481 1847 1536 habuit
1874 1479 2068 1536 Eudo-

415 1571 590 1643 ciam,
621 1571 805 1627 ﬁliam
829 1570 1054 1626 Leontii
1085 1569 1445 1642 philosophi,
1477 1570 1922 1626 Atheniensem.

499 1754 785 1808 Caeterum
835 1749 1073 1820 sapiens
1113 1746 1217 1802 illa
1283 1751 1336 1801 et
1398 1746 1685 1818 praeclara
1737 1747 2067 1816 Pulcheria,

417 1842 685 1898 nondum
717 1838 916 1894 fratris
964 1838 1197 1908 vulgata
1227 1842 1438 1899 morte,
1465 1836 1824 1892 Marcianum
1869 1853 2070 1892 senem

407 1931 556 2002 jam,
588 1929 776 1983 virum
807 1925 1202 1997 temperantia
1231 1941 1298 1979 ac
1329 1924 1610 1996 gravitate
1641 1924 1861 1996 insigni
1893 1930 1952 1980 et
1979 1941 2074 1980 re-

414 2019 526 2074 bus
553 2017 831 2090 gerendis
853 2013 1340 2086 aptissimum,ad
1371 2031 1434 2068 se
1455 2017 1645 2082 vocat,
1675 2013 2074 2084 ostenditque,

417 2108 702 2179 quoniam
733 2103 1059 2162 decesserit
1106 2103 1449 2173 imperator,
1497 2119 1558 2158 se
1617 2103 1812 2174 ipsum
1844 2103 2077 2157 virtutis

423 2214 602 2253 causa
628 2213 812 2252 unum
847 2194 920 2249 de
938 2193 1097 2250 omni
1120 2198 1464 2250 senatorum
1494 2208 1744 2248 numero
1766 2193 2074 2264 delegisse,

419 2301 598 2356 quem
629 2285 1049 2354 imperatorem
1081 2281 1192 2336 sibi
1225 2280 1563 2346 ascisceret,
1609 2296 1676 2335 ea
1733 2281 2075 2336 conditione

418 2378 487 2427 ut
517 2373 696 2428 ﬁdem
727 2372 896 2427 daret
927 2369 1323 2441 virginitatem
1365 2384 1554 2436 suam,
1581 2384 1761 2438 quam
1789 2370 1908 2424 Deo
1941 2385 2078 2424 con-

423 2463 732 2527 secrasset,
764 2474 827 2514 se
857 2459 1141 2512 intactam
1175 2461 1571 2512 servaturum.
1603 2457 1756 2512 603
1788 2459 1934 2513 Cum
1965 2458 2078 2512 hoc

424 2548 810 2620 stipularetur
841 2545 1300 2613 Marcianus,est
1322 2561 1358 2599 a
1385 2544 1720 2615 Pulcheria,
1752 2546 1972 2601 vocatis
2001 2545 2076 2600 ad

424 2641 536 2696 hoc
567 2641 641 2697 ab
672 2655 739 2694 ea
768 2637 1044 2694 Anatolio
1066 2636 1406 2708 patriarcha
1423 2641 1482 2692 et
1511 2636 2077 2708 senatu,imperator

425 2729 917 2788 declaratus.Fuit
949 2727 1282 2784 Marcianus
1307 2727 1665 2783 venerabilis
1691 2727 2074 2797 vir,moribus

423 2822 664 2886 sanctis,
697 2819 760 2875 in
786 2819 938 2874 facie
993 2817 1272 2873 ruborem
1303 2817 1494 2890 gratia
1546 2821 1942 2889 temperatum
1975 2818 2076 2873 ha-

421 2911 592 2980 bens,
625 2909 1070 2983 magnanimus,
1104 2907 1366 2963 avaritias
1411 2923 1651 2976 vacuus,
1711 2913 2072 2979 temperans,

421 3001 736 3073 religiosus
799 2997 956 3054 etde
989 2995 1106 3052 ﬁde
1161 3002 1321 3052 recte
1381 2996 1668 3066 sentiens,
1691 2996 2073 3052 miseratione

413 3089 788 3164 peccantium
843 3086 1148 3159 prmditus,
1199 3091 1480 3142 creterum
1513 3085 1896 3158 profanarum
1923 3087 2072 3142 litte-

411 3195 613 3234 rarum
671 3183 848 3248 atque
903 3175 1358 3246 disciplinarum
1389 3175 1718 3246 imperitus.
1752 3177 1804 3230 Is
1869 3176 2068 3231 statim

412 3283 620 3323 omnes
651 3265 752 3338 qui
775 3263 1020 3336 relegati
1035 3264 1276 3318 fuerant
1296 3264 1607 3320 revocavit.
1639 3264 2072 3320 Pulcheriaau-

409 3360 530 3410 tem
561 3353 986 3409 invisissimum
1017 3352 1190 3406 illum
1243 3353 1584 3407 eunuchum
1631 3353 2066 3425 Chrysaphium

411 3442 652 3499 Jordani
683 3440 946 3507 tradidit,
979 3441 1224 3494 Joannis
1273 3439 1418 3506 ﬁlio,
1453 3456 1629 3510 quem
1660 3440 1763 3496 ille
1795 3441 1932 3496 dolo
1965 3459 2066 3496 ne-

415 3537 669 3589 caverat.
695 3533 888 3602 Atque
919 3528 1206 3585 Iordanes
1236 3527 1428 3583 vicem
1458 3528 1512 3582 ei
1546 3528 1841 3600 rependit.

487 3625 640 3681 Olim
669 3623 1000 3680 Marcianus
1027 3637 1162 3677 cum
1191 3621 1492 3694 gregarius
1522 3620 1696 3676 miles
1745 3621 1806 3676 in
1837 3639 1942 3677 suo
1973 3640 2066 3678 or-

415 3717 557 3774 dine
587 3733 657 3772 ex
678 3715 898 3772 Graecia
927 3713 1002 3771 ad
1027 3712 1251 3768 bellum
1282 3712 1584 3768 Persicum
1637 3713 1770 3782 iret,
1803 3713 1864 3768 in
1897 3714 2070 3786 Lycia

413 3807 476 3862 in
504 3805 779 3862 morbum
803 3801 1441 3873 incidit;relictusque
1493 3801 1554 3856 in
1593 3802 1739 3857 urbe
1794 3803 2066 3874 Sydemis

413 3895 615 3965 aliqua
643 3893 724 3948 ibi
757 3909 927 3948 mora
953 3891 1110 3946 facta
1137 3889 1368 3945 duobus
1399 3889 1758 3961 quibusdam
1781 3889 2065 3948 fratribus

411 3985 565 4040 Julio
599 3989 656 4039 et
684 3984 927 4039 Tatiano
975 3981 1257 4038 societate
1297 3980 1544 4054 junctus
1574 3981 1706 4049 fuit,
1770 3981 1843 4038 ab
1875 3982 2065 4054 iisque

413 4075 656 4130 domum
685 4073 956 4145 ipsorum
991 4077 1302 4144 susceptus
1329 4076 1388 4126 et
1415 4076 1739 4128 recreatus.
1772 4074 1917 4128 Cum
1947 4089 2066 4128 una

411 4163 734 4235 aliquando
761 4167 881 4218 tres
912 4162 972 4216 hi
1024 4165 1300 4216 venatum
1357 4160 1602 4232 profecti
1645 4167 1864 4228 essent,
1924 4161 2065 4218 dum

407 4253 550 4309 fessi
580 4251 991 4317 meridiarent,
1026 4251 1327 4318 Tatianus,
1361 4251 1462 4320 qui
1495 4250 1741 4320 reliquis
1774 4251 2064 4306 maturius

408 4359 684 4400 somnum
733 4341 1108 4408 excussisset,
1141 4339 1556 4394 animadvertit
1612 4339 1968 4395 Marcianum
2001 4342 2064 4395 in

411 4431 538 4488 solo
561 4431 764 4502 jacere
813 4428 1194 4498 aquilamque
1253 4427 1554 4498 ingentem
1585 4444 1766 4499 super
1802 4445 1942 4484 eum
1999 4430 2062 4484 in

411 4537 546 4576 aere
582 4519 946 4589 librari,quac
975 4517 1254 4588 expansis
1274 4515 1386 4572 alis
1407 4515 1712 4572 hominem
1743 4517 2059 4574 obumbra-

411 4614 522 4664 ret.
555 4609 618 4665 Id
651 4579 902 4663 cernens
933 4579 1152 4662 excitat
1187 4605 1452 4673 fratrem,
1486 4607 1718 4676 hocque
1755 4613 2058 4678 spectacu-
2093 4579 2138 4642 Β

411 4695 539 4752 lum
565 4695 618 4751 ei
641 4695 922 4751 ostendit.
953 4693 1064 4748 Diu
1091 4698 1340 4764 uterque
1373 4693 1484 4748 hoc
1515 4698 1815 4748 ostentum
1872 4695 2062 4750 admi-

412 4787 526 4842 rati
583 4785 826 4841 tandem
881 4783 1244 4839 Marcianum
1302 4781 1593 4850 excitant,
1654 4782 2060 4856 scitanturque

415 4875 701 4948 quidnam
733 4872 998 4930 muneris
1030 4871 1102 4927 ab
1137 4872 1292 4926 004
1327 4886 1396 4925 eo
1419 4874 1760 4942 exspectare
1791 4872 1951 4942 ipsos
1960 4873 2062 4946 ju-

409 4967 598 5036 beret,
629 4966 677 5021 si
703 4963 942 5038 quando
970 4962 1221 5034 imperio
1254 4961 1565 5034 potiretur.
1621 4961 1956 5020 Marcianus
1998 4983 2060 5022 se

407 5075 527 5114 non
551 5075 687 5114 eum
728 5073 858 5112 esse
889 5055 985 5111 cui
1043 5054 1161 5110 tale
1211 5051 1437 5124 aliquid
1487 5051 1828 5125 contingere
1861 5062 2064 5126 posset

404 5148 625 5205 dicere.
657 5147 804 5202 Cum
841 5144 1050 5201 eadem
1103 5141 1282 5199 verba
1310 5145 1653 5214 repeterent
1681 5159 1694 5196 :
1729 5141 1807 5213 Si,
1841 5143 2056 5214 inquit,

402 5235 684 5293 divinitus
712 5236 826 5292 hoc
858 5233 1004 5290 mihi
1037 5232 1287 5300 eveniat,
1319 5231 1600 5303 patricios
1651 5247 1750 5286 vos
1778 5248 1942 5288 meos
1970 5235 2060 5290 fa-

2173 577 2293 638 ϐιαν
2303 585 2359 638 ὸν
2389 586 2620 642 Ἀνατόλ
2633 609 2710 650 ιος
2743 587 3122 646 έπεσκόπευσε.

2245 675 2398 730 Μετά
2430 673 2487 730 δέ
2513 697 2634 732 τινα
2664 676 2867 756 χρόνον
2894 675 3115 748 ἐξῆλθεν
3145 678 3172 732 ὁ
3235 675 3490 752 βασιλεὺς
3547 677 3823 746 ίππασθῆο

2175 781 2282 816 ναι·
2313 765 2401 818 καὶ
2435 765 2805 838 συμπεσόντος
2833 765 2982 838 αὐτῷ
3009 770 3106 820 τοῦ
3135 766 3312 822 ἳππου
3341 763 3578 841 πληγεὶς
3639 764 3828 831 εἰσῆλ-

2177 851 2261 904 θεν
2292 849 2344 906 έν
2375 848 2630 926 λεκτικίῳ
2654 853 2777 922 ἤτοι
2810 853 3036 932 φορείῳ,
3085 853 3177 908 καὶ
3230 851 3463 916 καλέσας
3521 856 3622 924 τὴν
3656 850 3826 908 ἀδελ-

2177 940 2283 1016 φήν
2316 940 2659 1018 Ηουλχερίαν
2681 944 2830 998 εἶπεν
2885 942 3020 1016 αὐτῇ
3085 939 3174 998 διά
3232 943 3562 1020 Μαρκιανὸν
3618 944 3710 998 τὸν
3742 965 3843 1018 μετ

2179 1029 2339 1085 αὐτὸν
2377 1029 2783 1108 βασιλεύσαντα·
2847 1034 3032 1088 Τοῦτο
3087 1030 3188 1106 γάρ
3247 1052 3364 1105 μοι,
3427 1033 3620 1110 φησὶν,
3653 1033 3836 1089 Ἰωαν-

2178 1140 2277 1190 νης
2323 1121 2350 1174 ὁ
2398 1119 2670 1197 Θεολόγος
2724 1118 3088 1196 ἀπεκάλυψεν,
3145 1119 3198 1175 ἐν
3249 1119 3458 1199 Ἐφέσῳ
3544 1141 3643 1195 μοι
3699 1117 3840 1192 ὅντι,

2180 1207 2282 1264 Καὶ
2345 1208 2834 1284 μεταστειλάμενος
2894 1210 3205 1285 Μαρκιανὸν
3281 1212 3428 1266 εἶπεν
3510 1209 3662 1283 αὖτῷ
3739 1209 3831 1266 ἐπὶ

2179 1299 2459 1374 Ἀσπαρος
2487 1300 2576 1354 καὶ
2604 1306 2702 1370 τῆς
2736 1297 3073 1375 συγκλήτουο
3109 1296 3368 1375 Ἐδείχθη
3408 1320 3503 1372 μοι
3542 1299 3627 1354 ὅτι
3661 1321 3718 1355 σε
3747 1297 3836 1355 δεῖ

2179 1387 2423 1461 γενέσθαι
2482 1388 2708 1465 βασιλέα
2774 1389 2888 1462 μετ’
2947 1387 3064 1462 ἐμέ.
3120 1388 3227 1444 Καὶ
3288 1390 3404 1462 μεθ’
3461 1390 3670 1464 ἡμέρας
3729 1387 3830 1444 δύο

2185 1476 2638 1551 ἐτελεύτησε,καῖ
2670 1479 2873 1542 τίθεται
2930 1478 2994 1532 τὸ
3025 1483 3187 1552 σῶμα
3247 1477 3415 1534 αὐτοῦ
3471 1479 3526 1534 ἐν
3583 1483 3662 1551 τῷ
3714 1484 3834 1552 ναῷ

2181 1572 2289 1621 τῶν
2321 1566 2522 1644 Ἀγίων
2555 1567 2932 1624 Ἀποστόλων.
2989 1568 3131 1636 Γυνὴ
3201 1564 3258 1622 δὲ
3311 1568 3510 1623 τούτου
3567 1565 3836 1638 Εὐδοκία,

2183 1657 2425 1732 θυγάτηρ
2455 1657 2710 1712 Λεοντίου
2742 1655 3046 1734 φιλοσόφου
3075 1655 3128 1728 ἐξ
3173 1657 3442 1728 Ἀθηνῶν.

2254 1747 2316 1803 Ἡ
2349 1742 2408 1801 δὲ
2439 1746 2580 1824 σοφὴ
2629 1745 2721 1801 καὶ
2769 1745 2942 1822 ἀγαθή
2999 1744 3318 1821 Πουλχερία
3377 1749 3548 1820 μήπω
3577 1755 3678 1818 τῆς
3733 1751 3833 1804 τοῦ

2186 1833 2425 1915 ἀδελφοῦ
2489 1835 2748 1905 τελευτῆς
2831 1837 3162 1912 γνωσθείσης
3223 1835 3688 1910 μεταστειλαμένη
3735 1837 3828 1892 τὸν

2187 1925 2517 2000 Μαρκιανὸν,
2551 1921 2712 2000 ἄνδρα
2743 1923 2796 1978 έν
2827 1923 3148 2002 σωφροσύνῃ
3207 1925 3300 1980 καὶ
3356 1927 3650 1998 σεμνότητι
3709 1923 3833 1981 δια-

2188 2012 2478 2088 πρέποντα,
2511 2013 2738 2088 γέροντα
2768 2011 2897 2068 ὄντα
2929 2013 3020 2068 καὶ
3079 2013 3429 2087 ἱκανώτατον,
3491 2014 3638 2091 λέγει
3697 2015 3834 2090 πρὸς

2187 2104 2366 2160 αὐτόν·
2399 2103 2626 2173 Ἐπειδὴ
2679 2105 2707 2158 ὁ
2769 2101 3022 2179 βασιλεὺς
3077 2101 3444 2175 ἐτελεύτησεν,
3503 2103 3610 2180 ἐγὼ
3668 2101 3727 2158 δέ
3778 2125 3839 2158 σε

2187 2197 2273 2268 [Ρ.
2308 2197 2434 2268 314]
2461 2193 2788 2265 ἒξελεξάμην
2821 2193 2874 2264 ἐξ
2905 2189 3046 2263 ὅλης
3099 2198 3200 2262 τῆς
3259 2191 3572 2270 συγκλήτου
3631 2193 3708 2256 ὡς
3764 2191 3843 2248 έν-

2185 2285 2399 2358 άρετον,
2433 2280 2524 2348 δός
2556 2303 2652 2357 μοι
2682 2279 2850 2358 λόγον
2883 2282 2970 2337 ὃτι
3021 2281 3310 2358 φυλάττεις
3357 2283 3472 2351 ’τήν
3525 2283 3839 2358 παρθενίαν,

2184 2373 2250 2444 ἢν
2309 2379 2390 2446 τῷ
2457 2377 2572 2446 Θεῷ
2631 2373 2918 2446 ἀνεθέμην,
2964 2371 3056 2428 καὶ
3109 2373 3424 2452 ἀναγορεύω
3465 2395 3523 2427 σε
3585 2371 3836 2448 βασιλέα.

2182 2464 2369 2521 Αὐτοῦ
2401 2459 2458 2517 δὲ
2515 2461 2833 2536 έυνοεμένου
2889 2465 3074 2535 τοῦτο,
3123 2459 3690 2536 μεταστέλλεταιπὸν
3741 2483 3840 2518 πα-

2181 2552 2454 2628 τριάρχην
2486 2553 2594 2625 (71)
2652 2548 2973 2607 Ἀνατόλιον
3030 2549 3122 2605 καὶ
3177 2551 3278 2620 τήν
3335 2548 3674 2628 σύγκλητον,
3742 2550 3838 2606 καὶ

2183 2639 2496 2717 ἀναγορεύει
2529 2641 2690 2696 αὐτὸν
2743 2637 2994 2716 βασιλέα.
3057 2641 3156 2696 Ἦν
3225 2637 3284 2695 δὲ
3339 2640 3652 2714 Μαρκιανὸς
3693 2638 3836 2718 αἲδὶέσ

2185 2749 2346 2802 σιμος
2403 2727 2497 2783 τὸν
2551 2729 2776 2803 τρόπον,
2837 2727 3190 2803 ἱεροπρεπὴς,
3275 2725 3529 2801 ἐρύθημα
3581 2727 3671 2783 έπὶ
3734 2733 3835 2784 τοῦ

2184 2818 2482 2892 προσώπου
2522 2817 2700 2895 φέρων
2759 2814 3092 2891 κεκραμένον
3152 2815 3366 2890 χάριτι,
3425 2815 3830 2891 μεγαλόψυχος,

2184 2907 2548 2984 φιλαργυρίας
2602 2906 2914 2982 ὑπέρτερος,
2955 2907 3190 2981 σώφρων
3246 2907 3338 2961 καὶ
3398 2905 3516 2981 περί
3551 2907 3612 2960 τὸ
3668 2911 3824 2961 Θεῖον

2183 2992 2450 3066 εὐλαϐής,
2503 2995 2595 3052 καί
2651 2992 2962 3070 ὀρθόδοξος,
3021 2994 3147 3072 περὶ
3217 2997 3345 3058 τοὺς
3424 2995 3820 3071 ἁμαρτάνοντας

2183 3088 2494 3163 συμπαθὴς,
2548 3087 2773 3162 ἄπειρος
2826 3085 2884 3141 δὲ
2929 3083 3178 3148 παιδείας
3228 3092 3332 3156 τῆς
3388 3080 3596 3157 ἔξωθεν.
3653 3085 3826 3150 Εὐθὺς

2183 3179 2276 3232 οὗν
2305 3177 2433 3240 τοὺς
2461 3176 2514 3232 ἐν
2547 3177 2727 3252 ὲξορίᾳ
2783 3177 2982 3240 πάντας
3040 3174 3424 3231 ἀνεκαλέσατο.
3477 3177 3537 3230 ἹῙ
3605 3172 3664 3230 δὲ
3723 3195 3827 3248 μα-

2181 3268 2342 3343 καρία
2375 3267 2689 3346 Πουλχερία
2723 3267 2818 3321 τὸν
2847 3266 3208 3339 παμμίσητυν
3253 3263 3571 3344 Χρυσάφιον
3618 3264 3711 3319 τὸν
3745 3264 3838 3319 εὑ-

2175 3355 2377 3412 νοῦχον
2399 3353 2645 3430 Ἰορδάνῃ
2695 3351 2960 3410 ἐκδέδωκε
3012 3357 3094 3426 τῷ
3151 3354 3255 3425 υἱῷ
3306 3353 3586 3423 Ἰωάννου,
3647 3352 3707 3414 ὃς
3744 3353 3836 3407 καὶ

2177 3444 2387 3502 ἀνεῖλεν
2417 3443 2576 3500 αὐτὸν
2610 3442 2700 3498 διὰ
2726 3443 2790 3499 τὸ
2811 3443 2973 3498 αὐτὸν
2999 3439 3209 3498 ἀνελεῖν
3239 3443 3330 3498 τὸν
3373 3441 3574 3497 τούτου
3629 3441 3838 3516 πατέρα

2179 3533 2348 3608 δόλῳ.

2251 3625 2604 3700 Στρατιώτης
2631 3621 2809 3678 τοίνυν
2842 3621 2995 3684 λιτὸς
3036 3615 3110 3675 ὤν
3169 3620 3276 3695 πρὸ
3329 3617 3526 3676 τούτου
3577 3620 3834 3694 Μαρκια-

2178 3714 2268 3776 νὸς
2295 3714 2548 3787 μετάτοῦ
2581 3709 2722 3767 ἰδίου
2778 3709 3048 3785 νουμέρου
3099 3711 3210 3784 (72)
3241 3707 3348 3763 ἀπὸ
3399 3714 3500 3778 τῆς
3549 3705 3824 3768 Ἐλλᾶδος

2176 3805 2313 3858 κατὰ
2376 3806 2594 3876 Περσῶν
2636 3800 2822 3875 ἀπῄει,
2879 3799 2970 3854 καὶ
3027 3799 3314 3876 γενόμενος
3371 3795 3425 3852 ἐν
3499 3796 3674 3868 Λυκίᾳ
3731 3796 3826 3873 ἆῤ-

2177 3893 2382 3968 ῥωστίᾳ
2411 3889 2713 3967 περιέπεσε.
2746 3889 2848 3946 Καὶ
2905 3886 3281 3966 καταλειφθεὶς
3329 3885 3384 3941 έν
3439 3883 3602 3942 πόλεί
3643 3881 3822 3956 Συδή-

2179 4003 2294 4054 μων
2323 3981 2538 4036 κάκεῖσε
2566 3975 3006 4054 χρονοτριϐήσας
3058 3973 3468 4052 προσκολλᾶται
3529 3971 3625 4030 δύο
3682 3973 3822 4030 τισὶν

2177 4067 2459 4148 ἀδελφοῖς,
2489 4067 2708 4140 Ἰουλίῳ
2733 4067 2821 4121 καὶ
2853 4067 3126 4136 Τατιανῷ,
3195 4063 3392 4126 οἳτινες
3438 4061 3517 4124 εἲς
3545 4061 3637 4117 τὸν
3681 4059 3825 4116 ἲδιον

2176 4159 2326 4214 οἶκον
2359 4153 2616 4219 λαϐόντες
2649 4155 2808 4212 αὐτὸν
2839 4153 3212 4210 διανέπαυσαν.
3267 4153 3360 4214 Εἷς
3419 4153 3591 4227 θήραν
3644 4148 3702 4206 δὲ
3748 4152 3828 4220 ἒξ-

2173 4246 2417 4308 ελθόντες
2444 4240 2640 4300 ἔλαϐον
2674 4242 2833 4299 αὐτὸν
2890 4245 3008 4316 μεθ’
3066 4243 3290 4296 έαυτῶν.
3345 4238 3715 4302 Κοπιάσαντες
3769 4236 3824 4292 δὲ

2172 4333 2294 4410 περὶ
2333 4328 2678 4409 μεσημϐρίαν
2738 4330 3139 4405 ἐκοιμήθησαν.
3181 4326 3631 4402 Προεξυπνισθεὶς
3691 4323 3745 4381 δὲ
3792 4325 3820 4378 ὁ

2171 4424 2438 4486 Τατιανὸς
2468 4425 2662 4498 θεωρεῖ
2687 4421 2780 4476 τὸν
2811 4421 3118 4496 Μαρκιανὸν
3149 4422 3227 4482 εἷς
3267 4419 3352 4474 εὸν
3393 4417 3550 4486 ἣλιον
3607 4417 3823 4490 κοιμώ-

2173 4533 2354 4588 μενον,
2384 4513 2477 4568 καὶ
2515 4511 2672 4567 ἀετὸν
2729 4509 3183 4586 παμμεγέστατον
3243 4507 3328 4564 ἐπ’
3379 4507 3536 4562 αὐτὸν
3591 4505 3818 4570 ἐλθόντα

2173 4603 2261 4658 καὶ
2318 4603 2414 4664 τὰς
2473 4601 2662 4656 ἑαυτοῦ
2721 4601 2990 4676 πτέρυγας
3053 4596 3444 4654 διαπετάσαντα
3519 4595 3668 4649 σκιὰν
3730 4585 3815 4648 ἐπ’

2172 4693 2332 4749 αὐτὸν
2362 4691 2884 4766 περιποιησάμενον.
2942 4689 3045 4746 Καὶ
3098 4691 3260 4744 τοῦτο
3299 4685 3616 4759 θεασάμενος
3671 4679 3814 4756 ἔγεί-

2172 4803 2252 4860 ρει
2279 4783 2370 4840 τὸν
2403 4783 2595 4838 ἑαυτοῦ
2624 4779 2882 4859 ἀδελφὸν,
2939 4779 3030 4835 καὶ
3081 4779 3145 4835 τὸ
3207 4779 3390 4844 θεαθὲν
3451 4771 3817 4832 ὑποδείκνυσι.

2171 4870 2560 4931 Καὶέπὶπνιλὺ
2597 4869 2964 4944 θαυμάζοντες
3027 4868 3364 4940 έξυπνίζουσι
3417 4865 3509 4922 τὸν
3569 4866 3819 4940 Μαρκια-

2167 4964 2283 5033 νὸν,
2314 4960 2406 5018 καὶ
2447 4959 2696 5035 λέγουσιν
2757 4959 2924 5031 αὐτῷ·
2983 4959 3107 5015 Ἐὰν
3171 4955 3516 5034 βασιλεύσῃς,
3573 4955 3628 5009 τί
3683 4956 3821 5027 ἡμῖν

2169 5049 2372 5128 χαρίζῃ
2403 5069 2416 5119 ;
2459 5051 2525 5106 Ὀ
2555 5045 2636 5119 δὲ,
2664 5048 2764 5110 Τίς
2795 5047 2910 5122 εἶμι
2940 5045 3070 5123 ἐγὼ,
3110 5047 3202 5101 ἳνα
3232 5049 3396 5101 τοῦτο
3461 5043 3690 5120 γένηται
3746 5041 3824 5104 εἷς

2169 5141 2266 5214 ἐμέ
2295 5161 2310 5211 ;
2345 5140 2408 5193 Οἱ
2440 5135 2498 5194 δὲ
2536 5137 2596 5192 έκ
2625 5135 2876 5212 δευτέρου
2903 5137 2997 5192 τὸν
3030 5135 3188 5192 αὐτὸν
3241 5134 3404 5211 λόγον
3457 5133 3634 5189 εἶπον.
3667 5132 3820 5208 Λέγει

2169 5233 2196 5284 ὁ
2229 5227 2551 5304 Μαρκιανός’
2613 5225 2733 5282 Ἐὰν
2790 5227 2952 5280 τοῦτο
3007 5222 3068 5280 ἐκ
3117 5227 3253 5279 Θεοῦ
3307 5222 3556 5300 γένηται,
3587 5219 3820 5294 πατέρας

1573 5329 1938 5386 XYLANDRI
1993 5333 2080 5386 ET
2139 5328 2355 5386 COARI
2413 5327 2636 5382 ΝΟΤᾸΞ.

467 5423 581 5494 (71)
610 5424 940 5498 Marcianus
967 5421 1198 5498 primus
1223 5419 1561 5498 principum
1583 5418 2055 5498 Christianorum

396 5509 430 5548 a
459 5487 742 5564 pontiﬁce
774 5487 1006 5564 imperii
1041 5487 1301 5564 suscepit
1345 5487 1622 5564 insignia.
1659 5490 1836 5546 Goxa.

467 5561 581 5635 (72)
609 5564 704 5618 Nil
732 5561 960 5618 numero
989 5579 1095 5635 pro
1117 5562 1383 5635 militum
1413 5561 1657 5635 cohorte
1689 5567 1933 5635 accepto
1954 5563 2050 5618 La-

401 5631 542 5692 tinis
565 5631 1082 5691 'communiuszb
1117 5632 1208 5686 his
1239 5649 1345 5686 vox
1376 5631 1451 5685 ad
1481 5633 1712 5684 ercos
1745 5633 2050 5690 translata.

399 5709 604 5765 Mutuo
633 5704 944 5778 repudiato
971 5718 1260 5758 numerum
1289 5701 1471 5756 Graeci
1501 5718 1572 5756 ex
1601 5717 1758 5772 penu
1789 5703 1900 5758 sibi
1915 5721 2057 5774 pro-

2159 5420 2290 5502 pria
2319 5416 2600 5502 dixerunt
2617 5411 2872 5502 ἀριθμέγ,
2897 5414 2980 5502 ‘de
3012 5429 3129 5502 qup
3161 5428 3362 5502 supra.
3423 5408 3820 5502 (Equmepius

2157 5477 2220 5545 in
2260 5493 2384 5545 Act.
2421 5503 2526 5542 xv:
2557 5477 2759 5558 Σπέῖρσξ
2788 5477 2868 5538 δέ’
2893 5477 3069 5558 ἐστιν’-Λ
3090 5481 3135 5558 ὅ-
3162 5477 3448 5558 ’καλοῦμεν
3489 5484 3582 5535 νῦν
3615 5477 3822 5548 νούμε-

2162 5580 2278 5634 ρον.
2311 5559 2641 5634 Quid__vero
2695 5551 2914 5634 σφεῖραι
2967 5555 2996 5612 ?
3030 5554 3250 5634 §uidas
3283 5572 3295 5610 :
3329 5551 3518 5624 πλήθη
3560 5569 3816 5627 στρατευ-

2166 5627 2374 5704 μάτων,
2403 5627 2696 5707 φάλαγγες,
2727 5627 2986 5701 νούμερα.
3021 5628 3196 5683 0οη.
