4124 6312
382 344 497 402 657

1500 332 2046 398 HISTORIARUM
2089 333 2647 400 COMPENDIUM.

3671 341 3791 400 658

367 479 510 553 ὑμᾶς
541 473 885 550 ἀνακηρύξω.
926 474 1061 529 Τότε
1121 470 1361 528 διδόασιν
1422 471 1568 544 αὐτῷ
1600 479 1641 526 σ⁹
1685 472 2017 545 νομίσματα,

2135 471 2309 526 ciam.
2334 475 2491 528 Tunc
2517 474 2606 528 illi
2629 492 2763 531 eum
2787 479 2889 530 200
2907 477 3169 531 nummis
3191 475 3434 543 donant,
3450 476 3787 548 jubentque

367 567 642 643 λέγοντες·
679 564 919 637 Πορεύου
978 562 1033 617 ἐν
1088 567 1158 637 τῇ
1215 561 1398 634 πόλει,
1454 562 1545 617 καὶ
1580 562 1830 635 μὲμνησο
1861 561 2023 634 ἡμῶν

366 658 459 713 ὃτε
490 658 519 711 ὁ
550 653 681 715 Θεὸς
741 653 948 727 ὑψώσει
1008 672 1085 710 σε.
1143 652 1355 725 Χρόνου
1388 649 1446 706 δὲ
1475 648 1783 711 διελθόντος
1831 650 2023 726 ὀλίγου

365 746 458 802 καὶ
529 741 825 800 Θεοδοσίου
881 739 1330 812 τελευτήσαντος,
1387 738 1641 816 βασιλεὺς
1705 736 2021 813 ἀνεδείχθη,

366 836 444 898 ὡς
497 832 838 909 προέωημεν,
897 830 988 885 καὶ
1049 830 1418 903 ὑπομνησθεὶς
1471 835 1571 899 τῆς
1629 827 1681 884 ἐν
1732 829 1905 898 Λυκίᾳ
1930 827 2022 881 εύ-

364 924 635 1001 εργεσίας,
704 919 972 980 Τατιανὸν
1040 920 1132 975 καὶ
1220 918 1453 976 Ἰούλιον
1526 921 2021 994 μεταπεμψάμενος

362 1014 602 1087 πατέρας
668 1011 868 1073 αὐτοὺς
927 1009 1238 1081 ἀνεκήρυξε,
1303 1009 1393 1063 καὶ
1459 1009 1551 1062 τὸν
1624 1009 1717 1081 μὲν
1763 1007 2022 1064 Τατιανὸν

362 1099 608 1175 ἔπαρχον
636 1098 865 1168 ἐποίησε
892 1103 993 1167 τῆς
1034 1096 1273 1165 πόλεως,
1325 1102 1404 1168 τῷ
1452 1093 1510 1151 δὲ
1541 1096 1758 1168 Ἰουλίῳ
1786 1098 1885 1165 τήν
1914 1098 2022 1148 τῶν

362 1191 583 1245 Λυκίων
615 1187 933 1264 ἐνεχείρισεν
991 1185 1196 1261 ἀρχήν.
1247 1186 1376 1242 Ὑπὸ
1432 1185 1721 1261 Γιζερίχου
1767 1182 1824 1238 δὲ
1853 1183 2018 1239 πάλιν

362 1279 441 1340 είς
499 1278 765 1356 Ἀφρικὴν
824 1276 1138 1350 κρατηθεὶς,
1201 1269 1278 1329 ἔτι
1334 1275 1641 1350 στρατιώτῃ
1700 1268 1814 1328 ὄντι
1854 1278 2018 1328 τοῦτο

362 1369 516 1439 αύτῷ
570 1367 863 1443 ἐξεγένετοο
948 1362 1066 1418 ὅθεν
1155 1365 1184 1419 ὁ
1269 1364 1556 1438 Γιζέριχος
1643 1362 1789 1437 ὅρκῳ
1853 1362 2014 1417 αὐτὸν

365 1455 705 1530 ἡσφολίσατο
763 1456 849 1508 ’ὁτι
906 1454 950 1507 εἰ
1008 1452 1342 1528 βασιλεύσει,
1405 1454 1481 1527 μή
1537 1450 1850 1524 πολεμῆσαί
1884 1471 2018 1506 ποτε

371 1541 743 1614 Ούανδῆλοις,
774 1542 865 1597 καὶ
901 1540 1132 1598 ἀπολύει
1190 1542 1374 1599 αύοόν.
1417 1541 1608 1598 Τοίνυν
1648 1540 1738 1595 καὶ
1768 1542 1803 1609 ἡ
1839 1561 2017 1612 μακα-

369 1635 460 1709 ρία
526 1632 841 1707 Πουλχερία
938 1632 1051 1704 μεθ’
1139 1630 1334 1705 ἑτέρων
1420 1629 1645 1685 πολλῶν
1711 1626 2016 1698 ἐκκλησιῶν

371 1721 659 1796 ἐξαιρέτως
722 1722 813 1777 τὸν
878 1719 929 1775 ἐν
997 1720 1336 1797 Βλαχέρναις
1402 1720 1523 1774 ναὸν
1587 1714 1915 1792 ᾠκοδόμησε
1975 1718 2065 1773 καὶ

366 1813 705 1886 Μαρκιανοῦ.

2134 560 2207 614 ad
2240 560 2451 615 urbem
2487 565 2721 632 reverti,
2746 566 2955 636 suique
2981 582 3308 621 memorem
3333 582 3484 630 esse,
3507 567 3609 621 ubi
3636 568 3786 623 Deus

2134 666 2262 704 eum
2292 653 2570 707 evexerit.
2612 655 2759 725 Ergo
2810 656 3137 711 Marcianus
3167 673 3287 711 non
3318 656 3401 712 ita
3430 657 3616 712 multo
3650 663 3785 729 post

2130 741 2459 796 Theodosio
2491 742 2769 799 defuncto
2819 744 3144 815 imperator
3172 751 3424 815 creatus,
3457 748 3684 819 accepti
3718 748 3780 802 in

2134 829 2305 900 Lycia
2334 829 2606 885 beneﬁcii
2640 848 2886 899 memor,
2911 833 3218 888 Tatianum
3247 839 3306 888 et
3333 834 3552 890 Julium
3581 852 3782 891 evoca-

2134 923 2223 973 tos
2254 918 2327 972 ad
2356 936 2417 973 se
2448 919 2730 991 patricios
2762 921 2999 989 salutat,
3032 922 3458 993 Tatianumque
3489 924 3779 991 urbis,Ju-

2131 1007 2277 1061 lium
2322 1009 2509 1080 Lyciae
2570 1009 2912 1079 praefectum
2970 1010 3297 1064 constituit.
3332 1011 3533 1066 Simile
3565 1014 3780 1083 aquila)

2131 1101 2428 1151 ostentum
2462 1098 2755 1153 Marciano
2782 1099 3111 1153 etiamnum
3133 1099 3306 1153 militi
3338 1102 3693 1159 evenit.cum
3719 1104 3780 1157 in

2130 1185 2328 1241 Africa
2357 1187 2511 1258 apud
2537 1188 2906 1243 Gizerichum
2937 1188 3203 1259 captivus
3228 1193 3547 1243 teneretur.
3578 1192 3782 1262 Itaque

2131 1275 2466 1330 Gizericbus
2500 1293 2635 1332 eum
2663 1276 3222 1348 dimisit,juratum,
3250 1277 3296 1331 si
3328 1277 3650 1348 imperator
3680 1280 3782 1334 fie-

2129 1370 2239 1432 ret,
2273 1365 2499 1420 bellum
2518 1366 2794 1421 Vandalis
2825 1384 2943 1421 non
2970 1366 3297 1422 illaturum.
3324 1370 3506 1422 Porro
3531 1368 3782 1424 Pulche—

2130 1455 2238 1523 ria,
2271 1461 2488 1526 praeter
2516 1455 2704 1510 multa
2735 1456 2851 1511 alia
2880 1456 3124 1527 templa,
3160 1458 3457 1529 praecipue
3506 1457 3694 1512 aedem
3719 1458 3780 1512 in

2132 1543 2472 1599 Blachernis
2503 1544 2775 1600 condidit
2798 1562 2865 1600 ac
2921 1546 3024 1600 Dei
3082 1545 3362 1601 Genitrici
3392 1547 3776 1612 consecravit,

2130 1649 2267 1687 cum
2299 1650 2489 1705 nuper
2520 1635 2849 1690 Marcianus
2876 1634 3194 1706 imperium
3225 1635 3510 1691 inivisset.

2131 1724 2199 1793 τῇ
2267 1721 2517 1792 Θεοτόκῳ
2583 1720 2914 1776 ἀνατέθεικεν
2980 1720 3035 1776 ἐν
3100 1723 3249 1796 ἀρχῇ
3314 1729 3416 1791 τῆς
3489 1721 3771 1797 βασίλειας

437 1904 525 1971 [Ρ.
559 1901 685 1973 345]
717 1901 810 1971 Τῷ
922 1897 1086 1953 αὐτού
1140 1895 1246 1954 ἔτει
1277 1901 1311 1968 ἡ
1344 1896 1398 1953 ἒν
1428 1895 1743 1967 Χαλκηδόνι
1773 1898 1897 1973 ἁγία
1926 1916 2017 1951 τε-

2194 1900 2433 1954 Annum
2491 1916 2560 1955 eo
2619 1900 2948 1956 secundum
3015 1902 3348 1972 imperante
3402 1902 3775 1957 Chalcedone

363 1989 532 2064 τάρτη
567 1985 792 2051 σύνοδος
833 1984 1056 2062 γέγονεν
1108 1988 1212 2042 ὑπὸ
1265 1987 1513 2064 ΙΙατέρων
1546 1986 1658 2062 χλ’,
1692 1986 1744 2041 ἐν
1767 1991 1846 2058 τῷ
1876 2005 2012 2060 μαρ-

358 2079 532 2153 τυρίῳ
586 2085 686 2147 τῆς
769 2079 1128 2156 πανευφήμου
1197 2077 1480 2153 Εὐφημία,
1536 2077 1676 2132 κατά
1729 2075 2012 2150 Εὐτυχοῦς

361 2169 451 2223 καὶ
485 2168 783 2242 Διοσκόρου
813 2167 901 2222 καὶ
936 2167 1238 2242 Νεστορίου
1278 2170 1384 2220 τῶν
1426 2164 1695 2239 ματαίων,
1738 2164 2013 2241 λεγόντων

366 2260 506 2332 μήτε
559 2258 658 2327 τήν
718 2259 886 2332 σάρκα
949 2260 1047 2312 τοῦ
1104 2255 1308 2331 Κυρίου
1345 2255 1639 2328 ὁμοούσιον
1681 2257 1818 2328 ἡμῖν
1850 2255 2009 2322 εἶναι,

361 2346 487 2403 ἀλλ’
516 2349 578 2401 ἒκ
620 2343 718 2401 δύο
765 2346 850 2400 νὲν
915 2344 1123 2425 φύσεων
1175 2346 1275 2415 τὴν
1325 2339 1514 2399 ἕνωσιν
1574 2342 1845 2418 λέγεσθαι,
1882 2345 2008 2416 μίαν

364 2434 421 2491 δὲ
449 2437 607 2515 φύσιν
660 2434 1091 2506 ἀποτελεσθῆναι
1146 2437 1279 2509 μετά
1326 2436 1425 2504 τήν
1472 2433 1685 2506 ἕνωσιν,
1729 2433 1819 2489 καὶ
1849 2433 1924 2496 ὡς
1955 2431 2007 2487 ἐν

368 2525 624 2602 φαντασίᾳ
675 2526 774 2594 τήν
837 2524 1005 2599 σάρκα
1062 2522 1283 2599 φορέσαί
1356 2524 1448 2579 τὸν
1505 2525 1706 2595 Κύριον
1770 2522 2009 2596 μυθολο-

368 2613 605 2686 γούντων
637 2613 725 2668 καὶ
752 2613 819 2689 τῇ
842 2615 1060 2683 θεότητι
1108 2613 1279 2678 πάθος
1310 2612 1715 2686 ἆπονεμόντων.
1747 2613 2009 2686 Ἡγοῦντο

374 2699 433 2755 δὲ
461 2708 561 2770 τῆς
620 2699 837 2757 συνόδου
902 2704 1133 2764 Λέοντος
1193 2702 1345 2758 πάπα
1373 2702 1592 2775 Ῥώμης
1631 2702 2005 2774 τοποτηρηταὶ

372 2790 688 2869 Πασχάσιος
732 2791 818 2846 καὶ
876 2791 1193 2856 Λουκίνσιος
1247 2789 1533 2846 ἐπίσκοποι
1565 2790 1654 2845 καὶ
1682 2790 2008 2867 Βονιφάκιος

361 2876 745 2955 πρεσϐύτερος,
802 2880 1122 2943 Ἀνατόλιος
1172 2879 1824 2949 Κωνσταντινουπόλεως,
1870 2881 2010 2936 Ἰου-

360 2960 597 3037 ϐενάλης
646 2966 1066 3043 Ἱεροσολύμων.
1126 2969 1523 3041 Καθαιροῦνται
1569 2968 1746 3022 τοίνυν
1777 2969 1830 3022 οἱ
1859 2969 2009 3044 αἱρε-

356 3055 501 3110 τικοὶ
558 3057 647 3111 καὶ
704 3057 1033 3131 ἐξορίζονται
1099 3056 1152 3112 ἐν
1211 3057 1442 3133 Γάγγρᾳ,
1503 3062 1900 3132 χειροτονεῖται
1952 3053 2010 3112 δὲ

360 3145 652 3220 Προτὲριος
702 3145 998 3209 ἒπίσκοπος
1058 3143 1467 3218 Ἀλεξανδρείας
1515 3146 1634 3201 ἀντὶ
1689 3146 2006 3219 Διοσκόρου.

2127 1994 2338 2058 quarta
2359 1994 2565 2067 sancta
2586 1990 2850 2060 synodus
2872 1995 3003 2046 acta
3024 1995 3134 2061 est,
3158 1991 3219 2045 in
3241 1991 3367 2046 aede
3388 1990 3777 2045 nobilissima)

2124 2079 2402 2149 martyris
2434 2080 2795 2150 Euphemiae,
2828 2080 3094 2135 collectis
3134 2080 3409 2136 Patribus
3441 2082 3782 2147 630,contra

2123 2167 2447 2238 Eutychen,
2481 2168 2829 2223 Dioscorum
2876 2174 2935 2223 et
2977 2170 3335 2237 Nestorium,
3371 2185 3552 2225 vanos
3582 2169 3777 2224 homi-

2123 2271 2251 2323 nes,
2285 2256 2384 2326 qui
2412 2272 2652 2311 carnem
2710 2255 2926 2312 Christi
2984 2256 3281 2329 negabant
3339 2258 3610 2329 ejusdem
3642 2274 3779 2313 cum

2121 2350 2326 2399 nostra
2355 2361 2484 2400 esse
2514 2351 2764 2413 naturas,
2796 2346 3292 2417 afﬁrmabantque
3322 2347 3520 2402 unitas
3538 2346 3778 2417 quidem

2121 2434 2268 2489 duas
2298 2435 2360 2488 in
2391 2434 2622 2489 Christo
2664 2439 2928 2504 naturas,
2959 2435 3232 2490 unitione
3286 2440 3484 2490 autem
3516 2433 3778 2506 perfecta

2120 2525 2194 2580 ad
2225 2525 2464 2580 unicam
2494 2525 2709 2580 deinde
2739 2530 3013 2581 naturam
3042 2525 3225 2580 fuisse
3254 2525 3547 2595 redactas,
3570 2526 3776 2581 Domi-

2119 2631 2382 2686 numque
2395 2630 2635 2669 carnem
2654 2631 2775 2669 non
2797 2614 3131 2683 revera,sed
3153 2614 3562 2670 tantummodo
3576 2615 3777 2687 specie

2120 2704 2376 2774 quadam
2421 2708 2744 2776 apparente
2777 2703 3235 2759 circumtulisse.
3273 2704 3459 2759 Iidem
3490 2704 3775 2760 deitatem

2119 2809 2356 2865 passam
2382 2792 2677 2849 dicebant.
2697 2793 3072 2848 Praefuerunt
3088 2793 3341 2848 concilio
3366 2793 3579 2848 Leonis
3603 2810 3771 2865 papae

2119 2882 2369 2937 Romani
2427 2881 2628 2937 vicarii
2707 2882 2857 2939 σοι
2928 2881 3283 2936 Paschasius
3343 2887 3402 2935 et
3470 2882 3780 2937 Lucinsius

2121 2971 2405 3043 episc0pi,
2465 2986 2533 3025 ac
2591 2969 2927 3025 Bonifacius
2984 2969 3313 3041 presbyter,
3357 2986 3426 3025 ac
3469 2970 3772 3026 Anatolius

2118 3062 2484 3133 Cpolitanus,
2552 3061 2851 3117 Juvenalis
2935 3061 3428 3133 Hierosolymaaus
3485 3062 3771 3135 episcopi.

2120 3152 2392 3207 Haeretici
2419 3151 2684 3206 damnati
2716 3155 2776 3206 et
2805 3152 3097 3223 Gangram
3129 3155 3266 3207 sunt
3295 3150 3564 3223 relegati,
3588 3150 3772 3222 inque

359 3235 421 3287 Ἦ
456 3231 513 3289 δὲ
541 3234 670 3309 αγία
736 3231 965 3298 σύνοδος
1023 3235 1321 3310 ἐξεφώνησε
1371 3233 1580 3290 τέλειον
1642 3235 1773 3291 Θεὸν
1799 3235 1889 3289 καὶ
1919 3234 2007 3290 τέ·

2129 3242 2316 3297 locum
2349 3242 2610 3297 Dioscori
2635 3240 2947 3312 episc0pus
2972 3240 3342 3297 Alexandriae
3373 3245 3607 3296 creatus
3636 3242 3772 3294 Pro-

365 3321 515 3377 λειον
542 3321 828 3398 ἄνθρωπον
866 3325 960 3380 τὸν
986 3323 1145 3380 αὐτὸν
1178 3324 1232 3380 ἐν
1264 3322 1359 3379 δύο
1390 3324 1631 3402 φύσεσιν,
1664 3325 2013 3399 ἂσυγχύτως,

366 3409 711 3484 αδιαιρὲτως,
741 3413 833 3468 τὸν
893 3415 1094 3489 Κύριον
1134 3417 1294 3487 ἡμῶν
1342 3416 1431 3469 καὶ
1485 3414 1613 3469 Θεὸν
1643 3415 1850 3484 Ἰησοῦν
1881 3413 2014 3488 Χρι-

371 3501 514 3558 στόν.
549 3502 652 3557 Δύο
685 3500 741 3558 δὲ
783 3503 1031 3578 εἰρήκασι
1062 3503 1245 3581 φύσεις
1296 3508 1374 3575 τῲ
1420 3501 1571 3576 λόγῳ
1599 3510 1696 3573 τῆς
1728 3500 2016 3582 διαφορᾶς,

372 3592 435 3646 υύ
490 3596 569 3664 τῷ
626 3591 783 3670 λόγῳ
840 3599 939 3662 τῆς
995 3590 1328 3668 διαιρέσεως.
1383 3594 1497 3663 Τήν
1555 3613 1613 3647 τε
1669 3596 1766 3648 τοῦ
1793 3593 2018 3666 Ῥώμης

371 3680 523 3736 πάπα
581 3680 809 3744 Λέοντος
869 3682 1165 3759 ἐπιστολὴν
1231 3683 1367 3757 πρὸς
1424 3677 1736 3737 Φλαϐιανὸν
1791 3686 2019 3759 γραφεῖ-

373 3791 465 3825 σαν
495 3770 568 3831 ὡς
619 3769 828 3841 στήλην
891 3769 1204 3848 ὀρθοδοξίας
1263 3769 1526 3842 ἐδέξαντο,
1581 3772 1929 3846 Ἐπικυροῦσι
1962 3768 2019 3826 δὲ

368 3860 459 3915 καὶ
514 3861 615 3930 τήν
672 3861 966 3933 Νεστορίου
1024 3861 1351 3936 καθαίρεσιν.
1423 3859 1699 3932 Ἐδέξαντο
1756 3858 1810 3915 δὲ
1877 3865 2015 3914 Θεο-

371 3945 618 4020 δώρητον
677 3949 768 4004 καὶ
826 3944 973 4005 Ἶϐαν
1034 3951 1108 4013 ὡς
1176 3949 1665 4023 ἀναθεματίσαντας
1708 3949 2016 4023 Νεστόριον.

439 4042 534 4109 Τῷ
562 4045 608 4113 γ’
636 4034 740 4094 ἔτει
772 4041 807 4108 ἡ
845 4040 1083 4114 μακαρία
1111 4039 1201 4095 καὶ
1254 4034 1477 4107 εὐσεϐὴς
1528 4038 1844 4113 Πουλχερία
1869 4039 2021 4093 ’ἐκοι-

374 4129 523 4199 μήθη
585 4127 638 4182 ἐν
692 4130 908 4202 Χριστῴ
965 4130 1226 4204 παρθένος
1300 4129 1390 4183 καὶ
1481 4129 1558 4199 μὴ
1644 4125 2016 4205 διαφθαρεῖσα.

370 4217 540 4271 πάντα
566 4217 635 4271 τὰ
663 4218 857 4286 ἑαυτῆς
888 4222 1137 4291 πτωχοῖς
1171 4213 1508 4289 διανείμασα.

443 4501 536 4569 Τῷ
568 4494 611 4551 δ’
642 4493 750 4552 ἔτει
790 4496 1232 4561 Ούαλεντινιανὸς
1282 4500 1309 4553 ὁ
1356 4505 1457 4568 τῆς
1509 4497 1731 4572 Ῥώμης
1767 4496 2022 4574 βασιλεὺς

2119 3332 2325 3386 terius.
2358 3329 2768 3386 Pronuntiavit
2796 3346 2965 3385 sacra
3011 3330 3125 3385 ista
3156 3328 3419 3402 synodus
3451 3329 3770 3384 Dominum

2119 3436 2187 3475 ac
2219 3421 2403 3474 Deum
2433 3424 2704 3474 nostrum
2731 3420 2931 3474 Jesum
2963 3419 3262 3475 Christum
3294 3418 3622 3489 perfectum
3645 3433 3773 3473 esse

2118 3510 2305 3564 Deum
2339 3514 2396 3564 et
2440 3508 2767 3580 perfectum
2824 3508 3150 3577 hominem,
3209 3507 3485 3562 eumdem
3544 3505 3773 3561 duabus

2120 3599 2349 3655 naturis
2380 3602 2774 3663 constantem,
2804 3597 2935 3652 sine
2986 3596 3108 3652 ulla
3153 3596 3245 3651 vel
3289 3595 3639 3651 confusione
3680 3595 3776 3650 vel

2122 3689 2394 3754 divione;
2426 3689 2572 3744 duas
2606 3692 2805 3743 autem
2862 3687 2924 3741 in
2980 3704 3048 3741 eo
3101 3691 3346 3741 naturas
3378 3701 3508 3740 esse
3537 3685 3769 3740 ratione

2122 3795 2244 3833 non
2273 3777 2599 3843 divisionis,
2631 3775 2737 3831 sed
2768 3774 3152 3830 discriminis.
3185 3773 3504 3845 Epistolam
3534 3788 3771 3842 quoque

2124 3869 2335 3924 Leonis
2364 3885 2530 3939 papae
2578 3866 2826 3922 Romani
2875 3864 2949 3919 ad
2996 3864 3364 3933 Flavianum,
3396 3867 3462 3917 ut
3491 3862 3770 3918 columen

2121 3963 2296 4013 rectae
2333 3956 2490 4022 ﬁdei,
2524 3955 3016 4026 approbaverunt.
3048 3952 3301 4008 Nestorii
3342 3968 3578 4024 quoque
3605 3952 3775 4007 dam-

2123 4047 2425 4101 nationem
2477 4049 2666 4098 ratam
2751 4043 3064 4112 habuerut,
3149 4041 3503 4096 Theodorito
3563 4046 3620 4096 et
3674 4039 3777 4094 Iba

2084 4148 2091 4153 '
2123 4135 2399 4205 receptis,
2431 4132 2529 4202 qui
2567 4148 2702 4187 eum
2734 4132 3179 4186 damnaverant.

2193 4228 2386 4283 Tertio
2412 4243 2590 4296 anno,
2630 4226 2864 4298 imperii
2904 4225 3185 4280 Marciani
3219 4223 3552 4289 Pulcheria,
3585 4222 3778 4276 invio-

2122 4317 2244 4373 lata
2272 4316 2453 4388 virgo,
2487 4332 2695 4371 omnes
2724 4331 2860 4370 suas
2888 4314 3199 4369 facultates
3229 4311 3590 4384 pauperibus
3621 4310 3779 4365 elar-

2123 4410 2262 4482 gita,
2294 4409 2425 4463 vita)
2455 4423 2708 4479 pensum
2739 4404 3008 4461 absolvit.

2195 4500 2412 4564 Quarto
2434 4513 2623 4565 anno,
2655 4494 3106 4551 Valentinianus
3137 4491 3474 4548 Occidentis
3516 4490 3780 4561 impera-

371 4591 480 4684 :sz
528 4585 623 4658 μὲν
676 4585 852 4661 ὀρθῶν
902 4594 1002 4656 τῆς
1054 4587 1387 4659 Ἐκκλησίας
1434 4587 1724 4665 δογμάτων
1753 4586 2017 4661 ἀντελαμ-

2131 4594 2241 4656 tor,
2301 4585 2539 4642 tametsi
2604 4601 2800 4641 veram
2885 4583 3237 4654 religionem
3295 4579 3759 4653 amplecteretur

372 4670 584 4743 ϐἀνετο,
617 4674 806 4750 πολλῇ
839 4673 896 4731 δὲ
931 4682 1000 4751 τῇ
1034 4678 1344 4754 παρανομίᾳ
1392 4677 1445 4733 ἐν
1492 4683 1560 4752 τῇ
1618 4680 1808 4733 ἑαυτοῦ
1840 4676 2020 4752 διαίτῃ

373 4763 662 4840 ἐκέχρητοο
725 4765 1125 4840 εὐπρεπεστατῃ
1196 4768 1300 4844 γὰρ
1375 4767 1587 4841 γυναικὶ
1642 4763 1874 4839 Εὐδοξίᾳ
1932 4789 2022 4821 συ-

376 4858 500 4923 ζῶν,
558 4855 779 4929 θυγατρὶ
838 4852 1128 4912 Θεοδοσίου
1184 4861 1282 4911 τοῦ
1343 4853 1637 4931 βασιλέως,
1697 4854 2018 4931 ἀλλοτρίαις

377 4942 761 5016 δαιμονιωδῶς
800 4943 1089 5021 ἐκέχρητο.
1140 4944 1359 5019 Ὠμίλει
1408 4944 1465 5000 δὲ
1512 4950 1755 5021 συνεχῶς
1786 4947 2019 5008 καὶτοῖς

375 5033 442 5088 τὰ
492 5033 746 5109 περίεργα
800 5033 1120 5108 πράττουσι*
1172 5032 1258 5089 διὸ
1324 5034 1411 5088 καὶ
1476 5033 1730 5108 οἶκτίστῳ
1791 5032 2020 5109 παραδί-

377 5119 527 5176 δοται
579 5122 809 5194 θανάτῳ.
862 5122 1110 5197 Μαξίμου
1152 5125 1256 5198 γὰρ
1303 5128 1400 5179 τοῦ
1452 5122 1539 5178 ἐπὶ
1588 5121 1876 5179 Θεοδοσίου
1924 5127 2021 5179 τοῦ

377 5209 621 5283 Νεγάλου
670 5212 1099 5285 τυραννήσαντος
1154 5206 1377 5287 ἔκγονος
1443 5211 1532 5266 καὶ
1591 5212 1908 5284 ὁμώνυμος,
1966 5210 2017 5266 ἐν

376 5305 491 5362 τοὶς
537 5301 675 5354 κατὰ
716 5300 939 5373 Ῥώμην
990 5299 1296 5375 πατρικίοις
1344 5299 1538 5369 τελῶν,
1589 5298 1738 5355 ἔνδον
1787 5304 1882 5354 τοῦ
1921 5321 2022 5354 πα-

378 5387 567 5444 λατίου
624 5390 918 5464 γενόμενος
975 5389 1066 5445 τὸν
1122 5390 1565 5448 Ούαλεντινιανὸν
1611 5391 1877 5467 ἀπέσφαξε
1931 5388 2023 5443 καὶ

377 5481 446 5551 τῇ
507 5476 741 5551 Εὐδοξίᾳ
794 5481 1038 5555 συνεγέτο
1088 5480 1177 5535 καὶ
1238 5483 1337 5543 τῆς
1410 5479 1684 5553 βασιλείας
1741 5479 2018 5551 ἐκράτησε·

381 5564 451 5620 δι’
495 5568 566 5622 ὧν
614 5570 718 5643 γάρ
748 5589 830 5630 τις
883 5568 1193 5642 ἁμαρτάνει,
1244 5567 1315 5623 δι’
1361 5568 1535 5623 αὐτῶν
1565 5568 1655 5623 καὶ
1689 5565 2020 5622 παιδεύεται·

382 5657 505 5710 Ἐπὶ
546 5657 738 5720 τούτος
768 5660 803 5728 ἡ
855 5655 1082 5728 Εύδοξία
1132 5654 1417 5735 ἀχθομένη
1474 5656 1880 5732 μεταπέμπεται
1926 5656 2018 5710 τὸν

2132 4680 2312 4734 vitam
2345 4684 2541 4733 tamen
2575 4677 2692 4749 egit
2720 4675 3094 4747 ﬂagitiosam.
3119 4675 3265 4729 Cum
3290 4673 3449 4728 enim
3480 4671 3781 4726 formosis-

2135 4770 2345 4825 simam
2374 4767 2622 4822 haberet
2649 4781 2895 4820 uxorem
2925 4763 3273 4831 Eudoxiam,
3299 4760 3483 4817 ﬁliam
3514 4758 3782 4816 Theodo-

2134 4858 2205 4915 sii
2230 4856 2624 4928 imperatoris,
2648 4853 3039 4909 nihilominus
3064 4852 3313 4907 sceleste
3335 4849 3549 4905 alienis
3570 4848 3784 4903 mulie-

2132 4947 2298 5002 ribus
2328 4945 2718 5001 abutebatur:
2779 4948 2906 4997 erat
2963 4956 3197 5013 quoque
3253 4939 3306 4993 ei
3364 4937 3605 4993 assidua
3645 4951 3781 4990 cum

2135 5036 2397 5091 curiosas
2456 5040 2611 5089 artes
2671 5030 3060 5085 tractantibus
3119 5025 3506 5083 consuetudo.
3577 5024 3781 5091 Itaque

2136 5126 2313 5179 etiam
2373 5121 2708 5178 miserrima
2765 5124 2954 5173 morte
3004 5117 3199 5188 periit.
3258 5114 3544 5168 Maximus
3601 5111 3786 5180 enim,

2135 5230 2320 5284 nepos
2379 5211 2508 5281 ejus
2564 5208 2798 5263 Maximi
2859 5206 2960 5277 qui
3018 5202 3333 5260 Theodosii
3388 5200 3579 5271 Magni
3611 5203 3785 5254 mtate

2136 5299 2515 5373 tyrannidem
2571 5298 2885 5364 invaserat,
2942 5295 3145 5348 Roma:
3202 5289 3451 5361 patricia
3501 5288 3788 5361 dignitate

2136 5390 2355 5460 degens
2387 5389 2446 5442 in
2477 5387 2761 5459 palatium
2783 5384 3069 5457 pervenit,
3092 5380 3581 5436 Valentinianum
3610 5395 3791 5462 neca-

2137 5480 2235 5549 vit,
2267 5478 2592 5533 Eudoxiam
2640 5474 2943 5545 stupravit,
2980 5471 3353 5543 imperioque
3382 5469 3536 5524 606
3566 5469 3788 5540 potitus

2138 5573 2264 5622 est:
2300 5566 2493 5621 solent
2524 5564 2681 5618 enim
2715 5562 2939 5633 flagitia
2964 5566 3021 5615 et
3044 5560 3115 5615 iis
3141 5557 3381 5614 inﬂicta:
3412 5574 3600 5628 pmnzr.
3625 5558 3784 5627 ejus-

2135 5656 2268 5712 dem
2304 5673 2432 5711 esse
2463 5652 2717 5727 generis.
2749 5654 2820 5705 At
2848 5650 3113 5706 Eudoxia
3140 5647 3392 5722 graviter
3423 5663 3550 5702 eam
3586 5646 3785 5700 ferens
