4124 6312
321 338 442 400 689

1693 329 2016 396 GEORGII
2057 333 2402 396 CEDRENI

3614 343 3740 408 660

323 472 631 544 injuriam,
691 469 1057 525 Gizerichum
1116 485 1187 524 ex
1222 467 1424 524 Africa
1477 471 1726 524 Romam
1756 473 1980 534 evocat,

2102 470 2384 543 Γιζὲριχον
2441 469 2491 542 ἐξ
2551 471 2820 549 Ἀφρικῆς
2877 469 2958 534 εἵς
3013 472 3258 548 Ῥώμην,
3330 475 3754 550 παρακαλέσασα

325 579 544 634 rogans
596 566 662 616 ut
718 578 780 615 se
830 560 1070 614 Maximi
1130 560 1445 630 tyrannide
1502 559 1802 615 liberaret.
1837 560 1983 614 Cum

328 652 660 706 Gizerichus
715 665 932 722 magna
985 666 1121 705 cum
1177 649 1367 704 classe
1399 649 1468 705 ad
1503 651 1750 704 Romam
1800 648 1982 704 adve~

323 741 532 809 nisset,
563 740 856 795 Maximus
886 739 948 793 in
975 738 1113 811 fuga
1141 755 1175 794 a
1207 739 1333 794 suis
1361 737 1732 806 trucidatur;
1765 737 1983 792 Barba:

323 847 425 885 rus
486 829 660 884 tertio
720 845 756 884 a
797 828 935 900 fuga
992 827 1226 884 Maximi
1284 827 1378 882 die
1437 829 1686 884 Romam
1741 825 1982 881 nemine

324 919 652 975 obsistente
685 919 886 973 intrat.
923 917 1026 972 Hic
1071 917 1368 988 impositis
1399 917 1460 972 in
1497 933 1675 972 naves
1705 915 1982 971 omnibus

323 1008 490 1064 urbis
521 1007 732 1080 opibus
781 1012 960 1078 atque
1005 1005 1292 1074 donariis,
1340 1022 1509 1062 sacra
1557 1007 1736 1060 etiam
1779 1005 1982 1076 supel-

325 1101 543 1168 lectile,
605 1117 734 1171 qum
793 1097 984 1154 solido
1045 1114 1188 1152 auro
1247 1103 1308 1152 et
1364 1097 1658 1168 lapidibus
1706 1097 1982 1168 pretiosis

325 1189 655 1256 constabat,
690 1193 748 1243 et
776 1189 930 1242 vasis
961 1187 1263 1244 chraicis
1295 1203 1425 1257 quas
1455 1187 1616 1241 Titus
1647 1186 1984 1256 Hierosoly—

326 1280 441 1335 mis
471 1278 770 1346 attulerat,
802 1277 1057 1332 abducta
1104 1277 1282 1332 etiam
1313 1276 1690 1346 imperatrice
1721 1274 1984 1330 Eudoxia

328 1375 387 1424 et
417 1370 544 1441 ejus
576 1368 800 1434 liberis,
825 1367 886 1422 in
907 1367 1164 1422 Africam
1190 1367 1386 1421 rediit.
1413 1367 1502 1421 Ita
1526 1365 1787 1421 secundo
1811 1369 1984 1436 capta

329 1464 420 1514 est
449 1461 652 1525 Roma,
687 1459 854 1528 prius
885 1457 956 1511 ab
1001 1456 1236 1512 Alarico
1286 1459 1595 1526 occupata.
1648 1455 1984 1509 Gizerichus

328 1547 650 1602 Eudoxiam
667 1546 1002 1601 Honoricho
1023 1545 1286 1601 filiorum
1305 1560 1548 1600 suorum
1565 1549 1714 1600 natu
1727 1543 1985 1600 maximo

329 1636 623 1708 copulavit
646 1653 659 1691 :
683 1634 1008 1690 Placidiam
1032 1634 1270 1706 Olybrio
1292 1633 1542 1706 patricio
1564 1633 1986 1704 desponsatam

331 1726 582 1781 audiens
623 1741 759 1779 cum
789 1728 978 1779 matre
1005 1722 1269 1779 Eudoxia
1289 1723 1628 1777 asservavit.
1663 1721 1988 1792 Majorinus

331 1816 570 1887 cognita
598 1813 832 1868 Maximi
863 1812 1022 1868 caede
1053 1814 1384 1868 Romanum
1409 1811 1726 1882 imperium
1757 1809 1989 1881 occepit
2018 1847 2062 1912 Β

333 1921 400 1961 ac
429 1903 740 1959 biennium
772 1903 983 1958 tenuit.
1034 1905 1171 1956 Post
1222 1916 1358 1957 eum
1399 1901 1602 1956 Avitus
1635 1915 1826 1956 annos
1856 1899 1990 1954 toti-

333 1995 488 2060 dem,
523 1992 662 2048 inde
683 1993 928 2047 Severus
950 1991 1298 2046 triennium.
1319 1993 1459 2045 Post
1485 1991 1643 2046 hunc
1665 1990 1992 2060 imperator

334 2087 533 2140 Romae
564 2082 768 2137 nullus
797 2081 927 2147 fuit,
989 2080 1095 2136 sed
1153 2080 1498 2136 Recimerus
1528 2095 1655 2134 rem
1685 2078 1988 2150 publicam

335 2171 792 2240 administravit,
864 2171 984 2224 dux
1058 2169 1288 2225 militias
1348 2174 1408 2224 et
1463 2184 1675 2239 magna
1726 2173 1990 2223 armatus

332 2262 617 2333 potentia.
645 2261 712 2314 In
743 2259 978 2315 Oriente
1009 2264 1207 2314 autem
1240 2257 1442 2314 omnia
1487 2257 1730 2312 fuerunt
1758 2262 1986 2328 pacata,

335 2349 482 2405 adeo
524 2349 766 2420 quidem
823 2353 890 2402 ut
944 2363 1013 2402 ea
1069 2363 1251 2404 aurea
1308 2351 1450 2401 mtas
1482 2346 1800 2401 diceretur.
1831 2347 1990 2400 Tunc

335 2440 514 2494 etiam
545 2439 799 2510 Symeon
831 2437 1160 2492 monachus
1209 2437 1270 2492 in
1321 2435 1598 2490 columna
1623 2439 1812 2504 stans,
1847 2435 1990 2503 vita,

333 2528 607 2584 doctrina
637 2532 695 2581 et
725 2525 1033 2582 miraculis
1064 2524 1287 2580 floruit.

333 2621 459 2678 σοῦς
485 2615 612 2678 τοὺς
645 2615 882 2694 χρόνους
911 2611 1136 2677 τούτους
1165 2611 1440 2689 λέγεσθαι.
1469 2612 1610 2669 Τότε
1636 2611 1725 2666 καὶ
1757 2609 1984 2685 Συμεὼν

335 2705 572 2778 θαύμασι
605 2700 880 2778 διέπρεπε.
1507 2762 1510 2764 γ

405 2795 554 2850 607
591 2793 808 2860 Quinto
834 2809 992 2848 anno
1020 2799 1139 2850 tres
1167 2793 1367 2864 magni
1388 2791 1617 2866 lapides
1645 2792 1718 2848 de
1749 2791 1897 2848 caelo
1927 2791 1988 2845 in

331 2883 643 2942 Thraciam
673 2882 1046 2939 deciderunt.
1108 2884 1335 2938 Mortua
1393 2887 1482 2938 est
1539 2882 1720 2938 etiam
1751 2883 1990 2938 Jerusa-

329 2976 502 3031 lemae
557 2973 817 3028 Eudocia
870 2973 1182 3028 Theodosii
1249 2987 1420 3044 uxor,
1478 2971 1668 3027 multa
1723 2971 1989 3027 ecclesiae

330 3065 524 3138 legata
551 3063 936 3134 relinquens;
991 3063 1330 3135 juravitque
1390 3062 1652 3118 moriens
1691 3062 1989 3118 insontem

334 3173 396 3211 se
427 3170 555 3210 esse
585 3153 851 3209 criminis
872 3153 944 3207 de
975 3153 1225 3208 Paulino
1258 3150 1368 3206 sibi
1403 3151 1668 3222 impacti.

403 3332 664 3404 Septimo
721 3347 878 3387 anno
936 3331 1189 3386 moritur
1246 3329 1600 3396 Marcianus,
1657 3335 1714 3385 et
1761 3329 1824 3384 in
1864 3328 1989 3384 sede

333 3423 682 3478 Sanctorum
718 3419 1126 3490 Apostolorum
1179 3417 1484 3489 sepelitur.
1532 3421 1690 3474 Uxor
1720 3418 1850 3488 ejus
1880 3417 1994 3473 fuit

331 3509 647 3566 Pulcheria
677 3507 920 3564 nomine
953 3512 1166 3562 tenus:
1201 3523 1322 3561 non
1375 3507 1534 3562 enim
1568 3523 1704 3562 cum
1737 3523 1807 3562 ea
1851 3523 1991 3562 con-

335 3599 557 3655 cubuit.
605 3597 1024 3670 Episcopatum
1075 3595 1450 3668 Cpolitanum
1498 3596 1741 3668 gerebat
1783 3599 1993 3650 Anato-

339 3689 476 3756 lius,
513 3688 691 3744 Attici
724 3702 1052 3743 successor.
1084 3692 1292 3742 Annus
1321 3685 1374 3740 is
1405 3685 1516 3740 l‘uit
1563 3701 1597 3740 a
1635 3685 1843 3740 mundi
1873 3685 1993 3739 ori-

337 3779 472 3850 gine
504 3780 662 3845 5950,
699 3777 770 3832 ab
803 3775 1212 3831 incarnatione
1250 3774 1420 3829 Verbi
1453 3776 1580 3828 456.

405 3867 707 3922 Marciano
747 3864 1032 3920 successit
1064 3865 1174 3919 Leo
1208 3865 1470 3936 Magnus,
1501 3879 1651 3918 veras
1681 3862 1992 3936 religionis

335 3962 534 4012 tenax.
565 3953 878 4024 Imperavit
897 3967 1085 4007 annos
1107 3951 1555 4024 septemdecim.
1579 3953 1718 4008 Erat
1746 3967 1994 4024 corpore

337 4045 565 4118 gracili,
599 4042 781 4098 barba
824 4057 978 4109 rara,
1011 4041 1328 4113 prudentia
1359 4047 1624 4112 ornatus,
1659 4041 1996 4098 litterarum

339 4139 398 4190 et
441 4131 894 4204 disciplinarum
952 4129 1136 4186 rudis.
1194 4132 1446 4186 Uxorem
1481 4131 1686 4186 habuit
1719 4132 1992 4187 Verinam

337 4223 605 4279 Basilisci
633 4238 917 4277 sororem.
951 4219 1268 4275 Dicebatur
1297 4221 1594 4288 Macellus,
1621 4219 1781 4290 quod
1811 4223 1996 4292 Aspa-

338 4331 466 4369 rem
498 4319 556 4368 et
585 4310 982 4366 Ardaburium
1038 4315 1321 4380 tanquam
1379 4309 1630 4364 Arianos
1681 4316 1992 4366 necasset:

339 4421 479 4460 nam
512 4419 546 4458 a
590 4399 902 4456 mactando
960 4399 1020 4453 id
1080 4413 1409 4470 cognomen
1464 4398 1686 4454 Latinis
1736 4399 1993 4456 ducitur.

2092 554 2438 643 λυτρωθῆναι
2467 565 2571 629 τῆς
2616 564 2716 614 τοῦ
2773 561 3027 634 Μαξίμου
3081 559 3418 636 τυραννίδος.
3451 565 3748 643 Γιζερίχου

2093 641 2150 700 δὲ
2193 645 2377 720 στόλῳ
2443 647 2670 724 μεγάλῳ
2725 648 3120 714 ἐκπλεύσαντος
3175 653 3252 716 sic
3301 655 3544 728 Ῥώμην,
3579 641 3748 730 Μάξι-

2094 755 2196 808 μος
2223 741 2366 814 φυγῇ
2398 736 2695 812 ἐχρήσατο,
2728 739 2779 794 οἳ
2827 737 2884 795 δὲ
2939 741 3186 806 συνόντες
3217 743 3368 817 αὗτῷ
3399 744 3617 801 ἀνεῖλον
3645 747 3751 802 αὐ-

2087 825 2204 880 τόν.
2271 827 2334 884 Ὁ
2401 823 2459 882 δὲ
2521 827 2810 904 Γιζέριχος
2881 827 3114 902 μηδενὸς
3182 833 3334 906 αὐτῷ
3398 833 3747 901 ἀντιστάντος

2091 916 2178 987 [Ρ.
2234 916 2361 988 346]
2419 915 2668 987 εἰσῆλθεν
2726 918 2804 980 εἰς
2860 919 3082 992 Ῥώμην
3128 924 3196 994 τῇ
3244 923 3400 997 τρίτῃ
3430 925 3612 1000 ἡμέρᾳ
3643 934 3750 996 τῆς

2091 1010 2264 1082 φυγῆς
2298 1005 2570 1079 Μαξίμου·
2631 1008 2722 1062 καὶ
2779 1004 2965 1064 λαϐὼν
3023 1009 3196 1066 πάντα
3235 1012 3302 1067 τὰ
3331 1015 3618 1092 χρήματα,
3651 1017 3747 1072 καὶ

2089 1095 2154 1148 τὰ
2182 1100 2283 1163 τῆς
2331 1095 2551 1157 πόλεως
2605 1092 2924 1168 ἀναθήματα
2971 1097 3048 1159 είς
3105 1097 3172 1154 τὰ
3226 1099 3399 1157 πλοῖα
3456 1098 3746 1176 ἐμϐαλὼν,

2089 1181 2143 1238 ἐν
2173 1186 2256 1246 οἷς
2301 1186 2434 1254 ἦσαν
2489 1185 2759 1260 κειμήλια
2807 1186 3092 1264 ὁλόχρυσα
3145 1190 3237 1244 καὶ
3291 1189 3514 1256 διάλιθα
3543 1191 3751 1266 ἐκκλη-

2093 1274 2341 1330 σιαστικὰ
2396 1275 2488 1330 καὶ
2545 1276 2707 1348 σκεύη
2770 1272 3054 1354 Ἑϐραϊκὰ,
3087 1281 3221 1355 ἅπερ
3262 1283 3290 1336 ὁ
3339 1282 3748 1340 Οὐεσπασιανοῦ

2091 1367 2252 1426 Τῖτος
2283 1363 2334 1434 ἐξ
2363 1365 2762 1440 Ἱεροσολύμων
2823 1365 3098 1447 ἀφείλετο,
3161 1369 3252 1425 σὺν
3307 1372 3526 1436 τούτοις
3561 1368 3746 1429 λαϐὼν

2091 1452 2190 1520 τὴν
2225 1447 2486 1523 Εὐδοξίαν
2515 1453 2616 1523 τήν
2679 1452 2935 1530 βασιλίδα
2991 1455 3084 1511 καὶ
3137 1458 3205 1512 τὰ
3253 1459 3413 1514 τέκνα
3445 1459 3634 1531 αὐτῆς,
3666 1462 3746 1524 εἰς

2093 1539 2359 1618 Ἀφρικὴν
2391 1538 2749 1598 ἀπέπλευσεν.
2783 1544 2929 1607 Ἕως
2965 1541 3074 1598 ὧδε
3105 1541 3326 1618 δευτέρα
3367 1547 3574 1612 ἅλωσις
3603 1549 3748 1604 Ῥώ-

2097 1649 2206 1702 μης
2232 1635 2335 1698 τῆς
2371 1629 2633 1704 μεγάλης,
2665 1631 2858 1703 πρώτη
2911 1633 3006 1706 μὲν
3065 1634 3173 1688 ὕπὸ
3200 1633 3529 1712 Ἀλαρίχου,
3563 1635 3741 1695 δευτέ-

2095 1735 2162 1792 ρα
2193 1714 2250 1771 δὲ
2282 1717 2384 1771 ὑπὸ
2417 1717 2728 1794 Γιζερίγου.
2767 1720 2872 1774 Καὶ
2901 1721 3002 1790 τὴν
3038 1721 3132 1793 μὶν
3163 1721 3425 1795 Εὐδοξίαν
3471 1727 3747 1803 ὀνορίλῳ

2094 1809 2174 1878 τῷ
2203 1826 2475 1882 πρωτοκῳ
2506 1808 2608 1879 υἱῴ
2647 1807 2812 1863 αὐτοῦ
2845 1809 3135 1883 συνέζευξεο
3188 1813 3289 1881 τήν
3345 1809 3402 1868 δὲ
3452 1811 3748 1872 Πλακιδίαν

2097 1893 2264 1972 ἄνδρα
2291 1891 2440 1972 ἔχειν
2473 1898 2658 1970 μαθὼν
2691 1896 2986 1975 Ὀλΰϐριον
3024 1901 3115 1956 τὸν
3162 1902 3446 1978 πατρίκιον
3480 1906 3616 1980 μετὰ
3644 1910 3744 1976 τῆς

2102 1986 2310 2060 μητρὸς
2341 1985 2599 2066 ἐφύλαξεν
2657 1984 2933 2058 Εὐδοξίας.
2991 1991 3192 2054 Μαθὼν
3246 1989 3302 2048 δὲ
3357 1993 3449 2048 τὸυ
3491 1995 3746 2070 Μαξίμου

2100 2075 2328 2130 θάνατον
2393 2076 2710 2152 Μαιωρῖνος
2767 2072 3086 2134 ἐϐασίλευσε
3149 2079 3373 2155 Ῥώμης
3435 2081 3526 2155 ἔτη
3559 2086 3629 2159 β’,
3659 2085 3750 2140 καὶ

2102 2166 2216 2250 μετ’
2248 2163 2408 2222 αὐτὸν
2435 2160 2664 2230 ’Άϐιτος
2713 2161 2806 2238 ἔτη
2866 2167 2932 2243 β’,
2994 2169 3084 2224 καὶ
3119 2171 3253 2243 μετᾶ
3283 2175 3473 2227 τοῦτον
3508 2169 3754 2250 Σεϐῆρὸς

2247 2255 2316 2328 γι.
2378 2253 2476 2310 χαι
2713 2255 2876 2312 αὐτὸν
2932 2255 3110 2312 οὐκετι
3163 2257 3422 2334 βασιλεὺς
3451 2247 3747 2338 έν

2099 2338 2246 2396 ἀλλὰ
2315 2341 2622 2418 Ῥεκίμερες
2689 2341 2874 2416 διῴκει
2955 2347 3022 2401 τὰ
3079 2347 3375 2424 πράγματα
3431 2355 3750 2427 στρατηγῶν

2097 2431 2186 2486 καὶ
2251 2429 2500 2508 μεγάλην
2556 2432 2934 2510 περικείμενος
3015 2432 3270 2510 δύναμιν.
3330 2439 3480 2496 Κατᾶ
3541 2437 3598 2494 δὲ
3651 2443 3748 2512 τῆν

2097 2519 2269 2592 Ἑῴαν
2328 2521 2508 2591 πάσης
2565 2521 2820 2596 γαλήνης
2880 2529 3136 2604 μετεῖχον
3198 2527 3428 2596 ἅπαντα,
3491 2529 3566 2592 ὡς
3614 2549 3754 2605 χρυ·-

2037 2610 2065 2664 ὁ
2113 2612 2214 2676 τῆς
2266 2606 2505 2686 μάνδρας
2534 2612 2649 2683 (73)
2677 2611 2845 2675 ἑστὼς
2877 2611 2967 2668 ἐπὶ
2997 2613 3191 2678 κίονος
3224 2615 3328 2692 βίῳ
3359 2617 3448 2672 καὶ
3482 2615 3634 2694 λόγῳ
3662 2619 3751 2674 καὶ

2171 2791 2261 2861 Τῷ
2289 2795 2327 2842 ε’
2357 2783 2467 2844 ἔτει
2497 2787 2644 2874 λίθοι
2685 2797 2832 2866 τρεῖς
2886 2793 3260 2871 παμμεγέθεις
3309 2793 3370 2850 ἐκ
3398 2799 3496 2850 τοῦ
3523 2785 3751 2874 οὐρανοὗ

2099 2875 2152 2932 ἐν
2182 2880 2252 2952 τῇ
2285 2876 2466 2952 Θρᾴκῃ
2499 2872 2708 2936 ἔπεσον.
2772 2881 2876 2936 Καὶ
2935 2879 3176 2938 Εὐδοκία
3216 2885 3328 2960 (74)
3357 2886 3392 2949 ἡ
3425 2889 3520 2940 τοῦ
3548 2872 3742 2941 Θεοδοο

2101 2965 2220 3022 σίου
2257 2967 2394 3042 γυνὴ
2427 2965 2478 3022 ἐν
2506 2967 2920 3042 Ἱεροσολύμοις
2971 2969 3220 3044 τελευτᾷ,
3264 2972 3450 3030 πολλὰ
3492 2973 3744 3029 καταλει-

2101 3059 2244 3130 ψασα
2306 3061 2427 3119 ταῖς
2479 3056 2824 3130 ἐκκλησίαις,
2877 3059 2968 3116 καὶ
3025 3061 3077 3116 ἐν
3131 3067 3212 3136 τῷ
3267 3068 3519 3136 τελευτᾷν
3580 3063 3744 3134 αὐτὴν

2096 3143 2422 3219 ἐπωμόσατο
2468 3147 2546 3218 μὴ
2598 3144 2902 3204 συνειδέναι
2958 3153 3028 3226 τῇ
3085 3153 3199 3207 κατ’
3257 3149 3428 3223 αὐτῆς
3456 3153 3753 3230 κατηγορίᾳ

2093 3231 2268 3292 ἕνεκεν
2301 3234 2608 3294 ΙΙαυλίνου.

2167 3326 2266 3396 Τῷ
2299 3321 2565 3394 δὶξέτει
2623 3327 2934 3404 Μαρκιανὸς
2991 3329 3018 3383 ὁ
3076 3329 3334 3405 βασιλεὺς
3389 3331 3637 3404 τελευτᾷ,
3668 3335 3755 3389 καὶ

2096 3409 2252 3483 ἐτέθη
2283 3413 2346 3468 τὸ
2378 3417 2537 3488 σῶμα
2569 3414 2738 3470 αὐτοῦ
2779 3416 2833 3472 ἐν
2888 3422 2972 3490 τῷ
3025 3418 3198 3494 ἡρῴῳ
3229 3424 3334 3475 τῶν
3365 3420 3562 3495 Ἀγίων
3593 3423 3761 3479 Ἀπο-

2100 3499 2334 3558 στόλων.
2369 3503 2511 3572 Γυνή
2563 3501 2623 3560 δὶ
2671 3503 2868 3562 τούτου
2924 3509 3246 3586 Πουλχερία
3304 3507 3531 3582 ὀνόματι
3569 3509 3756 3584 μόνον·

2101 3589 2294 3667 οὐγὰρ
2327 3595 2634 3668 συνεγένετο
2679 3594 2836 3670 αὐτῇ.
2896 3596 3010 3665 Τὴν
3071 3593 3130 3652 δὲ
3181 3603 3282 3666 τῆς
3341 3599 3756 3674 ἀρχιερωσύνης

2099 3679 2280 3772 ἀρχὴν
2341 3677 2545 3772 διεῖπεν
2625 3683 2966 3751 Ἀνατόλιος,
3041 3683 3295 3742 Ἀττικὸν
3353 3683 3759 3772 διαδεξάμενος,

2097 3769 2312 3842 κόσμου
2342 3765 2460 3832 ἔτος
2493 3772 2660 3846 εσῇνζ
2693 3779 2794 3844 τῆς
2819 3772 2964 3836 θείας
2995 3775 3319 3850 σαρκώσεως
3349 3771 3470 3840 ἔτος
3499 3779 3627 3842 υνςό

2173 3859 2320 3915 Μετὰ
2389 3855 2476 3944 δὲ.
2511 3862 2822 3936 Μαρκιανὸν
2881 3859 3195 3919 ἐϐασίλευσε
3260 3865 3413 3922 Λέων
3459 3867 3488 3920 ὁ
3549 3867 3757 3944 Μέγας,

2103 3944 2416 4019 ὁρθόδοξος,
2450 3941 2544 4018 ἔτη
2602 3953 2683 4018 ιζ’.
2742 3951 2843 4006 Ἦν
2903 3949 2960 4006 δὲ
3016 3948 3313 4030 κάτισχνος
3348 3954 3449 4028 μὶν
3478 3955 3542 4008 τὸ
3574 3941 3758 4030 σῶμα,

2105 4033 2413 4098 ὑπόσπανος
2477 4037 2578 4106 τήν
2646 4035 2915 4112 γενειάδα,
2983 4043 3242 4119 φρονήσει
3326 4047 3760 4118 κεκοσμημένος,

2101 4125 2352 4190 παιδείας
2381 4127 2472 4184 καὶ
2508 4127 2848 4202 μαθημάτων
2897 4128 3074 4193 ἐκτός.
3106 4131 3313 4186 Τούτου
3365 4133 3500 4208 γυνὴ
3551 4134 3757 4206 Βηρίνη

2101 4214 2312 4295 ἀδελφὴ
2367 4215 2720 4274 Βασιλίσκου.
2797 4217 3094 4288 Μακέλλης
3160 4217 3218 4274 δὲ
3272 4219 3492 4295 ὶλέγετο
3550 4219 3642 4277 διὰ
3696 4223 3758 4278 τὸ

2102 4310 2415 4365 ἀποκτεῖναι
2473 4306 2724 4381 Ἀσπαρα
2762 4306 2854 4362 καὶ
2908 4301 3299 4382 Ἀρδαϐούριον
3341 4308 3416 4370 ὡς
3447 4309 3757 4382 Ἀρειανοὺς

2104 4399 2281 4460 ὄντας·
2347 4393 2516 4468 μάκελ
2601 4395 2706 4471 γὰρ
2786 4396 3087 4469 Ῥωμαϊστὶ
3145 4397 3174 4450 ὁ
3232 4398 3462 4474 σφαγεὺς
3521 4397 3754 4475 λέγεται,

343 4493 582 4549 Petebat
611 4489 722 4545 sibi
754 4489 1227 4544 consentientem
1255 4486 1422 4542 urbis
1451 4488 1797 4558 praefectum
1850 4505 1990 4546 con-

2102 4477 2318 4561 νΔσπαρ
2377 4483 2434 4542 δὲ
2498 4483 2728 4559 ᾖτέσατο
2782 4484 2874 4540 τὸν
2940 4484 3174 4560 βασιλέα
3226 4471 3618 4562 ι’ίκαέαστῆσαὶ
3683 4493 3750 4562 τῇ

345 4581 508 4638 stitui
540 4583 728 4650 Aspar
779 4576 852 4633 ab
911 4577 1289 4648 imperatore.
1323 4577 1651 4648 Imperator
1679 4594 1816 4634 cum
1846 4594 1909 4634 se
1939 4578 1999 4634 id

343 4671 639 4725 facturum
715 4666 1028 4722 annuisset
1111 4665 1354 4731 invitus,
1440 4671 1621 4722 noctu
1678 4667 1998 4737 quemdam

345 4763 683 4816 senatorem
716 4755 990 4812 celeriter
1017 4753 1092 4809 ad
1142 4771 1204 4810 se
1255 4754 1456 4810 venire
1496 4756 1698 4827 jussit.
1743 4771 1999 4828 eumque

2107 4575 2269 4632 πόλει
2297 4571 2538 4650 ἔπαρχον
2573 4572 2840 4650 ὁμόδοξον
2895 4574 3059 4632 αὐτοῦ
3105 4575 3199 4631 καὶ
3240 4575 3537 4656 ὁμόφρονα,
3570 4575 3602 4630 δ
3626 4597 3752 4631 κατ·

2108 4666 2284 4723 ἑνευσε
2318 4665 2410 4740 μὲν
2466 4665 2494 4720 ὁ
2555 4663 2813 4740 βασιλεὺς
2867 4671 3122 4738 ποιῆσαι,
3185 4667 3261 4739 μή
3323 4664 3650 4742 βουλόμενος
3691 4663 3750 4720 δὲ

2105 4756 2358 4831 ἐννόχιον
2392 4751 2674 4824 δεδήλωκέ
2725 4775 2832 4810 τινι
2887 4759 2996 4810 τῶν
3049 4758 3431 4830 συγκλητικῶν
3457 4755 3754 4831 παραγενέ-

1551 4871 1916 4927 XYLANDRI
1955 4873 2038 4926 ET
2078 4875 2295 4930 GOABI
2331 4873 2557 4928 ΝΟΤΑΞ.

415 4995 527 5068 (73)
559 4991 699 5068 Tres
748 4987 1072 5068 Simeones,
1146 4983 1680 5068 eosdemqueJtres
1732 4987 1996 5068 Hstylitas

342 5057 526 5124 fuisse
558 5063 617 5117 in
650 5059 904 5131 senioris
935 5058 1116 5131 hujus
1173 5057 1362 5112 Vitam
1420 5057 1596 5131 editis
1643 5057 1996 5131 notiscom-

341 5123 636 5195 monstrat
663 5123 1035 5206 Rosweidius
1049 5147 1061 5184 :
1111 5145 1296 5206 unum
1327 5123 1688 5206 πρεσϐύτερον
1719 5129 1809 5206 aut
1840 5129 1998 5206 ἀρχι,

346 5193 664 5283 μανδρίτςν,
709 5204 906 5283 alium
952 5199 1026 5283 tv
1099 5193 1403 5283 Θαυμαστῷ
1435 5193 1606 5283 ’ἕρεις
1667 5193 1994 5283 editissimo

342 5274 545 5336 monte
577 5279 662 5333 sic
691 5277 880 5344 dicto,
913 5274 1127 5329 vixisse
1174 5279 1395 5328 narrat.
1434 5274 1556 5340 Hic,
1592 5275 1692 5344 qui
1725 5276 1994 5330 omnium

343 5353 721 5438 primus,‘:rﬁ¢
755 5341 1013 5438 μάνδραις,
1069 5361 1162 5438 ex‘
1193 5346 1556 5438 monasterio
1685 5363 1800 5438 quo
1822 5346 1995 5438 juve-

341 5415 526 5479 nilem
559 5415 820 5488 aliquam
856 5415 974 5490 egit
1029 5421 1286 5490 aitatem,
1345 5416 1428 5490 ab
1459 5415 1719 5490 auctore
1750 5415 1802 5469 ἐν
1824 5415 1996 5472 1Avel-

341 5493 468 5565 πλῳ
490 5487 825 5548 columnam
850 5487 1274 5544 conscendisse
1295 5487 1572 5543 scribitur
1599 5489 1992 5560 frequentius.

345 5568 521 5622 GOAR.

415 5637 528 5711 (74)
555 5631 830 5711 Eudoxiae
861 5647 1082 5711 nomen
1112 5630 1208 5684 hic
1237 5647 1344 5701 pro
1381 5629 1640 5711 Eudocia
1673 5631 1848 5711 situm
1883 5637 1992 5698 est,

344 5700 476 5782 quas
507 5700 775 5762 confusio
807 5707 897 5757 est
925 5700 1066 5755 alibi
1090 5700 1324 5770 quoque
1351 5701 1538 5756 obvia.
1571 5703 1640 5755 Et
1668 5702 1827 5770 quod
1857 5719 1994 5756 mox

2105 4989 2322 5062 dicitur
2378 4987 2686 5044 Anatolius
2716 4987 3100 5062 successisse
3151 4988 3364 5062 Attico,
3424 4995 3628 5062 aperte
3669 4999 3758 5048 est

2104 5060 2458 5135 mendosum
2477 5076 2496 5135 _:
2530 5076 2668 5135 nam
2699 5061 3116 5135 Chrysostomo
3147 5061 3443 5135 Arsacius,
3464 5060 3757 5135 deinceps

2102 5133 2349 5200 Atticus,
2382 5131 2696 5197 Sisinnius,
2729 5131 3055 5198 NeStorius,
3083 5133 3497 5199 Maximianns,
3530 5131 3756 5190 Procu~

2104 5203 2218 5271 lus,
2240 5203 2576 5260 Flavianus.
2600 5204 2906 5259 Anatolius
2928 5206 3508 5271 successerunt,Post
3528 5209 3756 5262 mentio

2106 5277 2174 5347 fit
2201 5268 2494 5347 Timothei
2525 5273 2726 5347 [Elu_ri.
2764 5277 2828 5330 In
2859 5275 3124 5347 margine
3156 5281 3248 5347 est
3302 5268 3599 5330 ἐϐεϐαίωσε
3654 5278 3754 5344 τήν

2106 5343 2418 5421 ἐπωνυμίαν
2475 5349 2592 5404 τοῖς
2649 5341 2828 5420 ἔργοις
2885 5345 2912 5398 ὁ
2971 5341 3416 5421 τρισκατάρατος.
3453 5341 3759 5421 Significat

2104 5389 2553 5474 autemrazlurus
2583 5389 2900 5482 catilin,‘ut
2927 5389 3096 5489 vulgo
3127 5389 3442 5485 vocamus;
3494 5389 3554 5474 eat

2104 5491 2233 5562 ejus
2258 5489 2534 5562 animalis
2556 5494 2714 5543 notas
2739 5494 2875 5562 sunt
2897 5490 3422 5562 atqueingenium.
3449 5490 3529 5546 De
3557 5491 3760 5548 incen-

2104 5561 2202 5637 d_io
2257 5561 2564 5637 Cpolitano
2623 5559 2828 5637 confer
2883 5559 3110 5637 Evagrii
3166 5559 3224 5637 il,
3285 5563 3400 5637 13L
3424 5563 3492 5617 In
3522 5563 3756 5637 Eclogis

2104 5630 2393 5688 Theodori
2418 5631 2632 5703 legitur
2661 5635 2831 5704 Θωμᾶ
2859 5635 2970 5687 τῶν
3001 5630 3311 5703 ῖΑμαντίου.
3355 5635 3497 5690 Χγι..
