4124 6312
363 376 478 438 661

1506 372 2060 439 HISTORIABUM
2107 377 2271 438 COM
2283 376 2673 439 PENDIUM.

3665 379 3785 441 662

369 521 493 574 σθαι
519 509 739 585 τάχιον.
772 512 885 567 Τοῦ
931 507 988 564 δὶ
1045 509 1510 587 παραγενομένου,
1568 503 1808 585 ἔπαρχον
1866 508 2026 564 αὐτὸν

2149 508 2485 582 prafectum
2514 511 2679 567 urbis
2708 514 3030 568 constituit.
3065 515 3273 585 Aspar,
3309 512 3403 569 cui
3438 512 3549 569 hoc
3570 519 3787 585 prater

372 595 741 675 προεϐάλετο.
773 600 990 675 ’Δσπαρ
1023 596 1082 654 δὲ
1110 602 1272 654 τοῦτο
1305 596 1437 654 ἰδὼν
1475 599 1602 676 παρ’
1634 598 1833 654 ἐλπίδα
1867 596 2030 673 ’ἐκρά-

372 710 514 759 τησε
550 693 648 744 τοῦ
680 688 906 764 ἱματίου
936 693 1031 742 τοῦ
1074 685 1366 763 βασιλέως,
1421 688 1507 743 καί
1567 709 1701 767 φησι
1750 689 1886 764 πρὸς
1937 685 2028 741 αὖ·

374 777 485 833 τόν·
524 776 772 846 Βασιλεῦ,
805 777 897 832 τὸν
930 777 1133 849 ταύτην
1192 777 1292 846 τήν
1350 775 1646 854 ἁλουργίδα
1691 770 2030 852 περιϐεϐλη-

381 867 544 940 μένον
571 870 657 941 [Ρ.
693 868 818 940 347]
881 866 942 922 οὐ
995 867 1105 942 χρῆ
1164 864 1567 941 διαψεύδεσθαι.
1627 865 1726 922 Καί
1782 885 1943 945 φησιν
2000 866 2028 921 6

379 954 661 1032 βασιλεύςο
695 955 875 1011 Ἀλλᾶ
909 956 1018 1029 μὴν
1049 957 1316 1029 προσήκει
1345 959 1426 1028 τῷ
1457 953 1676 1031 βασιλεῖ
1744 955 1818 1030 μή
1881 953 2031 1009 ὑπεί-

371 1066 483 1101 κειν
509 1046 619 1102 τινὶ
650 1045 686 1115 ἤ
720 1045 1062 1116 ὑποκεῖσθαι,
1093 1044 1184 1100 καὶ
1236 1043 1454 1119 μᾶλλον
1510 1044 1634 1099 ὅταν
1691 1046 1788 1099 τοῦ
1846 1046 2031 1099 διοινοῦ

366 1135 687 1213 ἀσύμφορον
724 1134 785 1209 .

438 1230 528 1297 Τῷ
558 1232 601 1279 α’
622 1222 727 1281 ἔτει
753 1223 948 1280 τούτου
982 1224 1202 1299 σεισμὸς
1234 1221 1441 1301 ἐγένετο
1498 1222 1551 1278 ἐν
1595 1223 1910 1298 ’Δντιοχείᾳ
1940 1224 2012 1285 ὡς

367 1312 563 1389 σχεδὸν
595 1319 767 1370 πᾶσαν
795 1315 894 1382 τήν
922 1311 1085 1368 πόλιν
1116 1317 1456 1367 καταπεσεῖν.
1487 1313 1658 1374 031:0:
1691 1312 1718 1367 6
1757 1308 2012 1386 βασιλεὺς

368 1403 503 1478 Θρᾴξ
536 1404 604 1473 ἦν
630 1408 708 1475 τῷ
738 1403 901 1479 γένει,
933 1397 1220 1476 τριϐοῢνος
1262 1403 1364 1472 τὴν
1419 1400 1591 1472 ἀξίαν.
1650 1400 1913 1477 Ἐστέφθη
1969 1399 2031 1456 δὲ

380 1493 485 1548 ὑπὸ
517 1491 836 1550 Ἀνατολίου
861 1493 1232 1567 πατριάρχου.

452 1585 644 1636 Πασῶν
705 1578 763 1636 δὲ
815 1584 923 1636 τῶν
972 1586 1077 1650 τῆς
1134 1580 1466 1653 οἰκουμένης
1540 1577 1883 1651 Ἐκκλησιῶν
1935 1580 2035 1649 τὴν

385 1671 438 1728 ἐν
473 1670 790 1745 Χαλκηδόνι
823 1669 1048 1727 σύνοδον
1094 1669 1536 1744 ἀποδεξαμένων,
1593 1675 1620 1726 ὀ
1692 1671 1886 1746 μιαρὸς
1940 1676 2036 1727 Τι-

385 1764 581 1838 μόθεος
614 1764 641 1817 ὁ
672 1761 912 1832 ἐπίκλην
944 1761 1218 1837 Αῗλουρος
1273 1762 1371 1832 τὴν
1430 1758 1830 1835 Ἀλεξανδρέων
1874 1759 2037 1816 πόλιν

377 1853 654 1929 ἐτάρασσε.
725 1852 1041 1927 Μαγγανείᾳ
1120 1852 1222 1927 γὰρ
1311 1850 1662 1926 χρησάμενος
1733 1850 1926 1913 νυκτὸς
1981 1847 2036 1905 ἐν

369 1947 489 2004 τοῖς
522 1940 769 2002 κελλίοις
794 1945 899 1996 τῶν
946 1943 1209 2014 μοκιαχῶν
1236 1941 1598 2016 περιήρχετο,
1659 1939 1740 1994 ἐπ’
1799 1938 2031 2011 ὀνόματι

368 2030 552 2086 καλῶν
587 2028 835 2099 ἕκαστον,
867 2033 974 2083 τῶν
1036 2025 1092 2083 δὲ
1149 2027 1591 2103 ἀποκρινομένων
1649 2021 1854 2103 ἔλεγεν·
1890 2026 2033 2103 Ἐγὼ

368 2116 606 2199 ἄγγελός
636 2119 774 2193 εἶμι,
816 2119 906 2173 καὶ
956 2115 1269 2188 ἀπεστάλην
1298 2117 1466 2172 εἰπεῖν
1524 2120 1686 2171 πᾶσιν
1730 2116 2034 2185 ἀποστῆναι

367 2218 472 2281 τῆς
546 2209 839 2272 κοινωνίας
895 2206 1194 2285 Προτερίου
1251 2207 1343 2262 καὶ
1399 2211 1507 2263 τῶν
1587 2205 1639 2261 ἐν
1691 2204 2032 2285 Χαλκηδόνιτ

369 2269 642 2372 Τίμόθεον
669 2297 725 2353 δὲ
752 2269 846 2353 τὸν
892 2269 1164 2369 Α’ίλουρον
1217 2295 1515 2352 ἐπίσκοπον
1573 2269 2033 2372 προχειρίσασθαι

370 2387 806 2464 Ἀλεξανδρείας.
840 2384 1061 2456 Πλῆθος
1095 2383 1152 2441 δὶ
1191 2386 1432 2441 ἀτάκτων
1476 2383 1688 2461 ἀνδρῶν
1739 2384 2033 2457 ὠνησάμε-

376 2499 467 2540 νος
497 2481 830 2554 τυραννικῶς
874 2480 971 2531 τοῦ
1028 2476 1220 2551 θρόνου
1278 2472 1688 2549 Ἀλεξανδρείας
1749 2473 2032 2549 ἐκράτησεσ

385 2570 475 2623 καὶ
503 2568 878 2642 καθῃρημένος
906 2564 982 2620 ὥν
1039 2566 1143 2621 ὑπὸ
1203 2563 1298 2620 δύο
1327 2563 1723 2642 καθῃρημένων
1781 2585 2035 2641 χειροτο-

389 2663 579 2726 νεῖται,
608 2657 944 2732 χειροτονίας
991 2677 1051 2712 τε
1106 2654 1418 2711 ἐπισκόπων
1475 2654 1645 2710 ἐποίει
1679 2654 2038 2734 ἀχειροτόνη-

388 2768 481 2808 τος
526 2742 619 2816 ὥν,
675 2747 766 2801 καὶ
823 2745 1176 2822 βαπτίσματα
1234 2743 1473 2800 ἐπετέλει
1534 2739 1899 2819 πρεσϐύτερος
1958 2746 2032 2818 μὴ

396 2832 495 2906 ὢν,
526 2833 615 2892 καὶ
650 2835 782 2907 μετὰ
840 2833 1046 2906 λύττης
1103 2834 1251 2896 τινὸς
1300 2833 1533 2910 ἀσχέτου
1580 2834 1679 2902 τὴν
1742 2833 1897 2907 ἁγίαν
1950 2853 2037 2887 τε·

389 2925 592 2999 τάρτην
634 2922 855 2979 σύνοδον
912 2920 1118 2998 ὕϐριζε.
1180 2922 1279 2978 Καὶ
1335 2923 1428 2978 τὸν
1493 2923 1759 2999 μακάριον
1831 2920 2037 2997 Προτέ-

384 3033 502 3089 ριον
537 3011 753 3069 διδόντα
780 3014 948 3071 τόπον
1005 3018 1074 3088 τῇ
1142 3014 1281 3091 ὀργῇ
1339 3017 1420 3085 τῷ
1482 3010 1713 3089 μεγάλῳ
1770 3007 2036 3084 Σαϐϐάτῳ

381 3105 743 3183 κατασφάττει
800 3105 915 3180 μεθ’
985 3103 1180 3180 ἑτέρων
1241 3100 1292 3174 ἓξ
1350 3107 1458 3157 τῶν
1550 3101 1642 3156 σὺν
1731 3101 1896 3174 αὐτῷ·
1946 3101 2036 3157 καὶ

376 3197 516 3252 κατᾶ
544 3200 716 3250 πᾶσαν
747 3195 845 3263 τὴν
877 3192 1042 3249 πόλιν
1073 3193 1329 3269 σύραντες
1384 3192 1446 3246 τὸ
1505 3195 1666 3265 σῶμα
1710 3190 1875 3246 αὐτοῦ
1905 3189 2036 3266 πυρὶ

2139 617 2304 671 spem
2334 617 2503 655 suam
2534 601 2873 679 accidisset,
2930 609 3120 658 vestes
3177 603 3548 675 apprehenso
3601 604 3785 659 Leoni

2138 690 2220 745 ait
2250 706 2263 744 :
2298 693 2646 760 Imperator,
2678 692 2778 746 tali
2803 709 3065 763 purpura
3111 693 3394 749 amictum
3445 710 3568 749 non
3616 693 3788 749 decet

2136 778 2400 837 mentiri.
2452 779 2777 852 Respondit
2830 783 3200 854 imperator:
3254 782 3407 839 008
3466 784 3617 840 Sane
3672 786 3784 841 hoc

2139 887 2372 942 quoque
2412 870 2834 942 imperatorem
2891 870 3080 936 decet,
3135 873 3359 927 nemini
3417 873 3628 929 cedere
3684 879 3787 930 aut

2138 959 2441 1016 subditum
2475 977 2624 1031 esse,
2658 961 2903 1016 maxime
2936 958 3036 1016 ubi
3068 961 3129 1016 id
3158 977 3292 1017 cum
3323 963 3664 1035 reipublica
3689 964 3784 1020 in-

2138 1049 2448 1105 commodo
2476 1050 2664 1105 ﬁeret.

2208 1228 2406 1283 Primo
2436 1227 2614 1300 hujus
2646 1244 2801 1283 anno
2834 1227 3163 1284 Antiochia
3206 1233 3378 1283 terra
3426 1237 3622 1286 motus
3654 1231 3786 1299 fuit,

2138 1318 2237 1389 qui
2269 1323 2446 1372 totam
2473 1333 2623 1388 pene
2649 1317 2856 1371 urbem
2881 1318 3341 1388 prostravit.Leo
3359 1319 3546 1373 Thrax
3577 1336 3791 1391 genere

2137 1406 2269 1472 fuit,
2302 1407 2611 1461 tribunitia
2640 1405 2944 1478 dignitate.
2971 1407 3282 1462 Coronavit
3310 1425 3447 1462 eum
3481 1408 3786 1464 Anatolius

2136 1496 2474 1570 patriarcha
2486 1535 2500 1555 .

2212 1587 2357 1641 Cum
2389 1590 2586 1641 autem
2620 1602 2827 1641 omnes
2859 1586 3038 1641 totius
3070 1586 3230 1642 orbis
3273 1587 3549 1643 Ecclesia
3598 1589 3792 1643 conci-

2138 1676 2219 1731 lio
2257 1675 2722 1730 Chalcedonensi
2755 1675 3242 1746 astipularentur,
3271 1693 3426 1732 unus
3459 1676 3788 1733 scelerosus

2139 1766 2318 1820 homo
2349 1762 2772 1820 Alexandriam
2804 1765 3551 1835 conturbavitTimotheus,
3576 1782 3789 1839 cogno-

2141 1860 2341 1911 mento
2364 1855 2614 1909 Elurus.
2650 1857 2706 1909 Is
2736 1855 2978 1926 magicis
3010 1856 3357 1929 imposturis
3386 1864 3561 1913 utens
3593 1859 3787 1913 cellu-

2143 1946 2232 2002 las
2262 1945 2690 2000 monachorum
2722 1943 2903 1998 obivit
2950 1950 3148 2012 noctu,
3191 1945 3544 2001 nominatim
3587 1964 3788 2018 quem-

2145 2051 2258 2106 que
2290 2048 2524 2088 vocans.
2559 2033 2666 2097 Qui
2699 2048 2833 2087 cum
2864 2033 3320 2103 responderent,
3356 2035 3437 2088 ita
3466 2032 3654 2089 dixit:
3680 2036 3796 2107 Ego

2145 2139 2276 2180 sum
2308 2120 2578 2194 angelus,
2637 2119 2698 2175 in
2756 2122 2867 2175 hoc
2923 2121 3138 2177 missus
3189 2124 3255 2177 ut
3301 2139 3509 2178 omnes
3553 2123 3798 2196 jubeam

2144 2211 2441 2268 abstinere
2471 2210 2751 2265 societate
2800 2210 3052 2265 Proterii
3113 2216 3171 2265 et
3226 2210 3801 2268 Chalcedonensium

2143 2317 2366 2367 rerum,
2398 2299 2706 2353 Timotheo
2738 2304 2936 2355 autem
2967 2298 3165 2354 zEluro
3198 2301 3604 2372 episcopatum
3626 2301 3798 2356 Alex-

2143 2387 2461 2445 andrinum
2492 2385 2744 2465 tradere.
2778 2387 2960 2441 Porro
2989 2403 3123 2441 cum
3155 2393 3446 2443 catervam
3486 2389 3799 2444 hominum

2144 2477 2626 2535 turbulentorum
2657 2475 2930 2530 mercede
2962 2482 3250 2547 parasset,
3284 2494 3390 2548 per
3419 2478 3798 2549 tyrannidem

2144 2566 2289 2623 solio
2312 2565 2633 2639 episcopali
2666 2566 2888 2637 potitus
2919 2572 3026 2621 est.
3058 2567 3145 2622 Ita
3175 2567 3275 2637 qui
3309 2567 3622 2623 damnatus
3653 2575 3797 2638 erat,

2145 2674 2177 2713 a
2209 2655 2440 2712 duobus
2471 2654 2766 2710 damnatis
2790 2654 3342 2727 deligitur,ipseque
3366 2658 3661 2729 sullragiis
3676 2674 3797 2714 non

2145 2751 2377 2802 creatus
2409 2744 2649 2799 creandi
2682 2744 2941 2815 episcopi
2964 2745 3066 2815 jus
3094 2744 3228 2799 aliis
3262 2745 3486 2816 tribuit,
3520 2746 3802 2818 baptizat-

2145 2851 2281 2908 que,
2313 2850 2449 2888 cum
2482 2831 2789 2904 presbyter
2820 2848 2941 2885 non
2961 2836 3134 2887 esset.
3162 2832 3326 2887 Idem
3356 2834 3520 2889 rabie
3538 2835 3795 2908 quadam

2145 2926 2355 2983 etl‘reni
2406 2941 2638 2980 sacrum
2698 2922 3018 2978 concilium
3091 2929 3367 2993 quartum
3420 2925 3797 2981 contumeliis

2145 3016 2362 3083 affecit,
2390 3020 2448 3069 et
2479 3013 2810 3069 Proterium
2838 3012 2940 3066 ira
2986 3010 3197 3067 divina
3250 3010 3443 3068 locum
3483 3015 3795 3070 cedentem

2145 3121 2398 3178 cumque
2430 3121 2497 3160 eo
2540 3121 2643 3159 sex
2692 3101 2840 3158 alios
2898 3118 3111 3174 magno
3170 3101 3421 3158 Sabbato
3476 3104 3794 3162 interfecit.

2144 3198 2323 3270 Cujus
2350 3210 2561 3266 corpus
2590 3188 2821 3248 factiosi
2852 3200 2959 3263 per
2988 3195 3171 3247 totam
3226 3191 3435 3248 urbem
3494 3198 3795 3265 raptatum

786 3249 978 3355 Τούτῳ
1034 3286 1116 3354 τῷ
1144 3249 1273 3337 Ιἔτει
1315 3249 1326 3255 ν
1353 3278 1564 3356 ἠνέχθη
1592 3249 1602 3265 ι
1634 3278 1696 3333 τὸ
1783 3249 2035 3354 λείψανον

2149 3249 2618 3340 combusserunt.
2663 3281 2766 3336 Illo
2797 3295 2952 3336 anno
2999 3279 3192 3335 allata
3244 3284 3383 3335 sunt
3413 3281 3623 3337 Sirmio
3648 3283 3790 3337 reli-

380 3379 481 3443 τῆς
513 3373 671 3450 ἁγίας
725 3370 997 3445 μάρτυρος
1057 3370 1406 3432 Ἀναστασίας
1461 3369 1567 3424 ἀπὸ
1624 3371 1721 3423 τοῦ
1776 3368 2038 3444 Σιρμίου,

383 3461 473 3518 καὶ
527 3460 782 3531 κατετέθη
841 3459 893 3514 ἐν
942 3463 1020 3532 τῷ
1075 3462 1188 3532 ναῷ
1241 3458 1409 3531 αὐτῆς
1469 3455 1523 3512 ἐν
1580 3461 1697 3519 τοῖς
1774 3457 2041 3531 Δομνίνου

387 3546 675 3624 ἐμϐόλοις.

457 3643 552 3712 Τῷ
601 3636 780 3715 ἔτει
842 3639 991 3694 Λέων
1058 3642 1086 3693 ὸ
1145 3634 1400 3712 βασιλεὺς
1461 3637 1649 3710 μαθὼν
1702 3634 1797 3692 τὸν
1856 3633 2041 3692 ἄδικον

386 3729 613 3794 θάνατον
651 3731 945 3806 Προτερίου
973 3729 1065 3784 καὶ
1128 3729 1229 3799 τήν
1288 3726 1559 3801 Αἱλοῦρου
1602 3725 1837 3800 ἄθεσμον
1897 3748 2038 3802 προ-

385 3823 636 3897 αγωγὴν,
692 3820 910 3896 πέμψας
962 3819 1092 3884 τοὺς
1147 3820 1583 3889 κοινωνήσαντας
1630 3822 1710 3890 τῷ
1743 3816 2040 3895 Προτερίου

387 3909 601 3983 θανάτῳ
631 3907 1112 3986 ἐγλωσσοτόμησε.
1151 3906 1408 3980 Τιμοθέῳ
1437 3904 1494 3961 δὲ
1548 3910 1630 3978 τῷ
1683 3905 1883 3982 ἀνιέρῳ
1939 3906 2041 3961 οὐκ

388 3996 673 4071 ἐπεξῆλθε,
703 3998 802 4066 τήν
863 3996 945 4053 ἐπ’
1007 3996 1154 4069 αὐτῷ
1217 3995 1393 4071 κρίσιν
1435 3994 1753 4057 ἐπισκόποις
1810 3992 2042 4051 καταλι-

387 4088 526 4144 πών.
559 4090 653 4160 Τῷ
683 4084 727 4141 δ’
752 4086 900 4159 αὐτῷ
937 4083 1043 4141 ἔτει
1081 4085 1171 4140 καὶ
1231 4086 1412 4155 Ζήνων
1473 4081 1733 4159 Ἀριάδνῃ
1792 4085 2039 4160 μίγνυται

389 4176 525 4251 πρὸς
554 4176 753 4250 γάμον,
802 4178 872 4249 τῇ
913 4175 1146 4234 Λέοντος
1187 4172 1435 4247 Θυγατρί.

462 4268 546 4339 Τῷ
576 4266 623 4341 γ’
655 4263 760 4321 ἔτει
789 4264 1087 4340 γράμματα
1118 4262 1251 4336 πρὸς
1299 4261 1427 4324 τοὺς
1488 4259 1718 4332 ἑκάστης
1776 4261 2042 4336 ἐπαρχίας

389 4353 719 4418 ἐπισκόπους
748 4349 1060 4408 ἀπέστειλεν
1089 4352 1117 4406 6
1152 4348 1433 4424 βασιλεὺς,
1465 4350 1672 4425 γράψαι
1738 4349 1884 4422 αὐτῷ
1939 4351 2039 4419 τήν

389 4444 588 4502 οἰκείαν
616 4444 842 4520 γνώμην
871 4438 1122 4509 ἕκαστον,
1155 4439 1202 4496 εί
1258 4444 1376 4501 τοῖς
1432 4441 1487 4494 ἓν
1543 4435 1861 4510 Χαλκηδόνι
1922 4439 2041 4513 ὀρι-

389 4538 587 4591 σΟεῖσιν
616 4532 952 4609 ἀρέσκοιντο,
984 4531 1072 4587 καὶ
1106 4529 1231 4605 περὶ
1260 4535 1360 4598 τῆς
1419 4533 1520 4586 τοῦ
1575 4526 1863 4602 Αἰλούμου
1923 4547 2040 4604 χει-

2144 3375 2298 3447 quia
2328 3373 2473 3428 diva
2502 3370 2783 3442 martyris
2804 3368 3152 3437 Anastasia,
3185 3369 3367 3443 inque
3399 3370 3526 3442 ejus
3569 3372 3786 3445 templo

2143 3463 2445 3536 deposita,
2479 3460 2637 3532 quod
2654 3464 2745 3515 est
2780 3458 2939 3532 apud
2969 3465 3159 3515 rostra
3180 3459 3478 3517 Domnini.

2215 3641 2366 3698 009
2398 3637 2668 3696 Secundo
2690 3655 2850 3694 anno
2901 3639 3013 3694 Leo
3074 3639 3395 3710 imperator
3438 3639 3671 3710 cognita
3701 3640 3792 3694 in-

2135 3733 2300 3804 justa
2324 3730 2576 3785 Proterii
2608 3728 2764 3783 cade
2795 3728 3095 3798 AZlurique
3127 3727 3333 3798 iniqua
3355 3727 3782 3799 designatione,

2141 3820 2310 3877 misit
2331 3820 2432 3892 qui
2463 3816 2714 3875 Proterii
2745 3815 2924 3871 cadis
2982 3816 3237 3872 consciis
3294 3815 3526 3888 linguas
3560 3817 3789 3873 exscin-

2141 3909 2371 3967 derent.
2403 3908 2670 3964 [Elurum
2701 3922 2822 3961 non
2848 3905 3059 3975 puniit,
3076 3904 3304 3976 judicio
3337 3906 3466 3978 ejus
3497 3906 3791 3977 episcopis

2140 4003 2455 4056 reservato.
2489 3995 2707 4053 Eodem
2742 4010 2898 4051 anno
2930 3995 3150 4067 nuptiae
3180 3994 3423 4052 fuerunt
3456 3996 3707 4055 Zenonis
3739 4003 3796 4053 et

2138 4087 2413 4145 Ariadna
2439 4085 2649 4143 Leonis
2672 4083 2831 4139 ﬁlia.

2212 4264 2404 4321 Tertio
2436 4279 2594 4320 anno
2626 4262 2952 4334 imperator
2991 4259 3199 4315 scribit
3253 4261 3325 4316 ad
3364 4262 3632 4320 omnium
3664 4281 3796 4335 pro-

2141 4355 2469 4411 vinciarum
2501 4352 2831 4423 episcopos,
2864 4351 3130 4423 petitque
3168 4356 3232 4405 ut
3249 4368 3413 4406 suam
3439 4353 3690 4424 quisque
3723 4353 3795 4409 de

2142 4440 2614 4501 Chalcedonensi
2645 4439 2893 4495 concilio
2926 4444 2984 4494 et
3036 4440 3326 4497 Timothei
3374 4440 3448 4495 ad
3498 4441 3800 4513 episcopa-

2140 4541 2267 4591 tum
2332 4546 2651 4604 progressu
2708 4529 3064 4585 sententiam
3122 4529 3511 4600 perscribant.
3585 4531 3801 4587 Scribit

389 4624 634 4701 ροτονίας
662 4623 715 4677 τί
747 4620 977 4698 λέγοιεν.
1012 4622 1098 4677 Ἐν
1160 4620 1240 4681 οἱς
1299 4619 1389 4675 καὶ
1447 4623 1525 4691 τῷ
1585 4618 1730 4693 ἁγίῳ
1790 4622 2035 4691 Συμεῶνι

2149 4625 2306 4679 inter
2334 4621 2480 4678 alios
2503 4620 2682 4676 etiam
2714 4619 2788 4675 ad
2821 4620 3176 4691 Symeonem
3208 4619 3478 4691 Stylitam
3531 4618 3796 4692 aliosque

386 4720 466 4788 τῷ
496 4713 738 4785 Στυλίτῃ
764 4712 854 4767 καὶ
904 4708 1099 4772 ἄλλοις
1160 4709 1399 4785 Πατράσι
1459 4712 1890 4782 θαυματουργοῖς
1947 4708 2039 4763 καὶ

390 4806 560 4867 ὁσίοις
591 4799 1123 4877 διαμαρτυρόμενος,
1164 4799 1238 4859 ὡς
1294 4801 1374 4870 τῷ
1433 4802 1549 4870 Θεῷ
1589 4801 1695 4851 τῶν
1728 4795 1874 4852 ὅλων
1902 4818 2037 4873 παρ-

391 4896 536 4970 ἐχειν
567 4893 667 4962 τὴν
699 4891 876 4965 κρίσιν
905 4892 1015 4943 τῶν
1056 4881 1590 4962 ἀμφισϐητουμένων
1630 4891 1939 4948 ποιοῦντας.
1971 4887 2037 4943 Οἱ

394 4982 451 5040 δὲ
481 4981 745 5059 παμψηφὶ
778 4977 1104 5057 ὁμοφρόνως
1133 4980 1358 5052 κυροῦσι
1395 4975 1492 5050 μὲν
1551 4976 1650 5045 τὴν
1699 4974 1753 5031 ἓν
1812 4975 2036 5048 Χαλκη·

392 5071 507 5127 δὸνι
540 5070 693 5146 ἁγίαν
720 5065 943 5123 σύνοδον
975 5069 1129 5135 εἶναι,
1158 5067 1247 5121 καί
1279 5065 1371 5121 τὸν
1408 5065 1496 5119 ὑπ’
1552 5065 1721 5136 αὐτῆς
1764 5064 2040 5121 ἐκτεθέντα

391 5162 518 5237 ὅρον
555 5157 946 5234 ἀποδέχονται,
980 5155 1249 5229 Τιμοθέου
1281 5152 1339 5209 δὲ
1389 5155 1696 5233 συμφώνως
1737 5157 2042 5232 καταψηφί-

393 5250 675 5322 ζονταιὼς
706 5247 913 5328 φονέως
955 5244 1046 5299 καὶ
1102 5245 1376 5319 αἷρετικοῦ
1433 5242 1491 5297 ὅν
1548 5245 1638 5298 καὶ
1695 5243 1945 5319 ἐξώρισεν
2011 5246 2038 5300 ὁ

396 5337 651 5418 βασιλεὺς
704 5336 780 5396 εἷς
837 5334 1100 5410 Γάγγραν.
1158 5331 1328 5389 Κάκεῖ
1393 5327 1450 5386 δὲ
1507 5333 1825 5409 συναγωγὰς
1880 5333 2038 5408 ἀρξά.

393 5450 549 5503 μενος
606 5431 781 5484 ποιεῖν
843 5423 1135 5497 ἐξορίζεται
1197 5421 1249 5479 ἐν
1318 5423 1581 5493 Χερσῶνι.
1640 5421 1910 5495 Τιμόθεος
1983 5420 2042 5477 δὶ

392 5517 564 5581 ἄλλος
597 5518 626 5572 ὀ
686 5514 915 5584 ἐπίκλην
976 5512 1177 5573 Λευκὸς
1230 5511 1321 5566 καὶ
1384 5508 1823 5588 Σαλοφακίολος,
1884 5512 2040 5587 ὀρθόν

394 5606 550 5677 δοξος
580 5611 666 5681 [Ρ.
693 5607 818 5678 348]
843 5602 934 5658 καὶ
965 5601 1159 5676 ἀγαθὸς
1189 5599 1327 5674 ἀνὴρ
1360 5599 1645 5674 ὑπάρχων,
1683 5599 1786 5653 ὑπὸ
1824 5599 2039 5657 πάντων

399 5695 730 5774 φιλούμενος
758 5693 1150 5772 χειροτονεῖται
1182 5685 1593 5763 Ἀλεξανδρείας
1618 5686 1935 5753 ἐπίσκοπος.

2150 4712 2435 4769 mirificos
2464 4715 2523 4766 et
2553 4713 2789 4767 sanctos
2835 4709 3060 4778 Patres,
3115 4708 3417 4764 obtestans
3474 4714 3539 4764 ut
3586 4711 3669 4766 ita
3725 4710 3796 4764 de

2150 4801 2544 4860 controversis
2575 4800 2756 4856 rebus
2779 4799 3075 4871 judicium
3107 4799 3396 4864 facerent.
3450 4806 3513 4855 ut
3545 4801 3643 4870 qui
3679 4802 3794 4855 Deo

2148 4894 2441 4949 rationem
2459 4895 2661 4946 essent
2688 4889 2999 4945 reddituri.
3038 4888 3127 4943 Illi
3153 4904 3284 4943 vero
3311 4904 3430 4943 uno
3463 4905 3668 4945 omnes
3682 4888 3798 4942 suf-

2145 4984 2332 5057 fragio
2365 4988 2424 5037 et
2444 4996 2620 5036 sensu
2651 4977 3137 5033 Chalcedonense
3171 4977 3492 5032 concilium
3527 4976 3799 5047 probant,

2149 5071 2523 5127 Timotheum
2557 5064 2861 5122 homicidii
2903 5081 2970 5119 ac
3026 5064 3320 5119 hareseos
3376 5063 3798 5121 condemnant.

2150 5163 2298 5215 Eum
2324 5159 2648 5229 imperator
2681 5154 2969 5225 Gangram
3017 5152 3313 5223 relegavit.
3369 5152 3480 5206 Sed
3536 5167 3670 5206 cum
3720 5152 3801 5207 ibi

2153 5262 2391 5319 quoque
2450 5247 2773 5300 conventus
2859 5256 3031 5311 agere
3091 5240 3381 5309 capisset,
3441 5240 3801 5296 Chersonem

2151 5338 2516 5406 deportatur.
2544 5330 2709 5383 Alius
2741 5332 2939 5383 autem
2982 5329 3344 5396 Timotheus,
3413 5336 3803 5401 cognomento

2151 5424 2337 5480 Albus
2377 5427 2435 5476 et
2466 5418 2931 5491 Salophaciolus,
2966 5417 3053 5473 vir
3082 5416 3273 5475 bonus
3305 5422 3364 5473 et
3418 5417 3491 5473 de
3521 5420 3806 5489 religione

2150 5517 2310 5568 recte
2342 5509 2607 5564 sentiens
2629 5506 3025 5577 omnibusque
3068 5506 3305 5577 charus,
3364 5507 3804 5565 Alexandrinus

2153 5601 2463 5673 episcopus
2493 5599 2746 5652 creatur.
