4126 6296
407 375 527 436 663

1726 353 2038 417 GEORGII
2087 354 2436 416 CEDRENI

3709 359 3840 426 664

479 506 696 568 Quarto
727 515 882 555 anno
911 497 1166 568 Symeon
1215 492 1453 564 Stylites
1509 491 1781 556 moritur,
1827 486 2054 558 primus

2240 487 2329 556 Τῷ
2361 480 2403 538 δ’
2434 479 2538 539 ἔτει
2569 485 2596 538 ὁ
2625 491 2728 554 τῆς
2758 483 3001 562 μάνδρας
3062 483 3330 555 Στυλίτης
3364 484 3525 560 μέγας
3593 487 3838 558 Συμεὼν

409 594 586 648 istius
613 591 744 646 vita,
773 587 1010 660 generis
1041 585 1339 639 inventor.

481 769 698 836 Quinto
764 783 920 823 anno
977 762 1322 818 incendium
1373 759 1540 831 Cpoli
1595 758 1726 824 fuit,
1776 773 1809 812 a
1864 756 2059 813 navali

407 865 604 916 ortum
633 864 692 913 et
719 869 1098 928 progressum
1131 851 1286 907 θιο
1316 865 1499 920 asque
1554 848 1629 903 ad
1680 847 1867 903 aadem
1899 846 2057 901 beati

409 953 647 1005 Thomas
687 949 1024 1002 Amantum.
1085 941 1416 997 Marcianus
1473 945 1670 994 autem
1712 942 2063 1009 procurator

407 1038 596 1110 Magni
641 1034 890 1106 Templi,
947 1048 1080 1087 cum
1140 1031 1342 1085 fanum
1432 1033 1650 1082 sanctas
1706 1030 2058 1080 Anastaseos

406 1143 600 1198 nuper
629 1122 1038 1187 exstruxisset,
1071 1120 1182 1174 hoc
1213 1119 1286 1173 ab
1318 1117 1597 1172 incendio
1626 1115 1892 1183 servavit,
1921 1129 2056 1168 cum

407 1214 722 1287 Evangelio
754 1219 812 1267 et
833 1210 1034 1266 sufﬁtu
1063 1207 1366 1272 adhibitis,
1401 1206 1475 1262 ad
1499 1205 1722 1276 tegulas
1753 1203 2059 1258 ascendis-

407 1310 498 1358 set
526 1305 830 1371 Deumque
851 1298 1129 1369 lacrymis
1152 1295 1611 1368 placasset.Nam
1631 1292 1689 1347 id
1713 1291 2057 1346 incendium

408 1391 729 1448 admodum
773 1387 1037 1451 invaluit,
1071 1385 1142 1440 ad
1187 1389 1384 1439 ortum
1414 1400 1449 1438 a
1479 1382 1670 1438 navali
1727 1380 2058 1452 profectum

413 1496 602 1550 usque
634 1477 707 1534 ad
737 1477 944 1532 fanum
998 1473 1243 1529 Joannis
1291 1471 1564 1536 Mendici,
1625 1469 1782 1541 quod
1856 1475 1948 1524 est
1983 1468 2058 1524 ad

417 1583 712 1635 occasum,
739 1565 810 1620 ab
843 1569 1044 1618 austro
1074 1561 1272 1617 media
1300 1560 1466 1625 urbe,
1501 1577 1535 1614 a
1568 1559 1735 1614 Lausi
1766 1574 1952 1629 usque
1983 1557 2058 1612 ad

411 1657 666 1712 Taurum
709 1655 910 1710 omnia
955 1652 1300 1722 depascens.
1335 1649 1640 1720 Praecipua
1696 1653 1756 1702 et
1811 1645 2056 1716 reliquis

409 1744 827 1818 praestantiora
873 1758 1002 1813 qum
1063 1757 1130 1795 eo
1187 1738 1462 1795 incendio
1533 1737 1860 1809 perierunt,
1919 1739 2060 1790 sunt

410 1835 574 1889 curia
606 1832 864 1888 maxima
903 1831 966 1885 in
995 1830 1122 1884 foro
1153 1826 1547 1894 Constantini,
1571 1825 1741 1880 mreis
1774 1823 2050 1894 imagini-

411 1922 522 1976 bus
547 1927 605 1975 et
625 1919 1043 1992 porphyretico
1073 1915 1270 1988 lapide
1292 1920 1520 1982 ornata,
1554 1915 1612 1970 in
1633 1918 1821 1984 quaet
1837 1912 2052 1967 delecti

414 2010 748 2065 consultare
799 2007 1090 2075 solebant,
1141 2011 1198 2060 et
1257 2007 1585 2077 imperator
1640 2003 1901 2058 intrabat
1954 2001 2058 2056 ubi

408 2098 786 2154 consularem
815 2101 1036 2152 vestem
1069 2094 1421 2166 sumpsisset
1451 2109 1466 2160 ;
1490 2093 1632 2147 item
1661 2091 2054 2162 Nympheum,

412 2205 443 2242 e
465 2188 702 2260 regione
734 2187 913 2258 hujus
935 2185 1114 2241 curia:
1145 2183 1413 2252 situm,in
1446 2200 1562 2254 quo
1591 2181 1813 2236 ﬁebant
1833 2179 2057 2252 nuptias

411 2293 616 2331 eorum
641 2275 742 2346 qui
773 2273 1047 2330 domibus
1075 2271 1392 2338 carebant;
1426 2272 1566 2326 item
1617 2269 1731 2325 alia
1781 2269 1842 2323 in
1868 2271 2057 2324 Tauro

408 2366 572 2420 curia
599 2363 844 2419 delectis
875 2361 1250 2418 senatoribus
1271 2366 1331 2416 et
1358 2359 1701 2431 imperatori
1725 2374 2059 2413 accommo-

409 2455 568 2523 data,
599 2471 736 2509 cum
793 2453 833 2506 ii
874 2469 942 2508 eo
999 2451 1381 2506 convenirent
1435 2449 1507 2506 de
1559 2448 1736 2504 rebus
1782 2447 2060 2520 gerendis

411 2543 832 2610 consultatum,
866 2542 1191 2612 imperator
1231 2541 1294 2594 in
1349 2543 1509 2593 veste
1535 2537 1832 2593 consulari
1857 2537 2060 2608 praesi-

411 2633 598 2688 deret.
631 2631 916 2702 Imposita
942 2631 1053 2686 fuit
1086 2633 1152 2684 l2
1181 2629 1357 2684 variis
1387 2627 1684 2682 columnis
1705 2625 1777 2681 de
1807 2626 2058 2697 Trojano

407 2721 772 2794 Iapide.altis
802 2719 1090 2792 pedes25:
1122 2735 1204 2774 eas
1234 2717 1306 2772 ab
1337 2716 1518 2772 austri
1550 2722 1609 2771 et
1639 2715 2060 2787 septentrionis

407 2817 574 2884 parte
607 2807 980 2866 sustinebant
1012 2807 1352 2874 aediﬁcium,
1382 2807 1456 2862 ad
1487 2812 1681 2861 ortum
1705 2811 2058 2860 etoccasum

403 2899 732 2956 fornicibus
763 2897 1094 2953 suﬁ'ultum.
1127 2896 1259 2950 Fuit
1287 2894 1658 2967 longitudine
1690 2893 1908 2965 pedum
1930 2896 2057 2964 240,

399 2989 712 3046 latitudine
745 2989 834 3044 84.
866 2985 1109 3058 Templa
1139 3001 1378 3056 quoque
1422 2983 1739 3054 absumpta
1770 2988 1910 3038 sunt
1941 2983 2057 3037 duo

399 3079 680 3146 maxima,
711 3076 906 3132 omnis
937 3075 1174 3148 generis
1221 3071 1518 3144 lapidibus
1573 3077 1878 3137 exornata,
1912 3071 2058 3127 alte-

399 3184 532 3224 rum
579 3165 890 3237 Tetraple
945 3165 1092 3219 6H
1152 3163 1438 3228 vicinum,
1489 3161 1744 3218 alterum
1801 3161 1865 3216 in
1921 3160 2048 3215 foro

2169 572 2463 646 ἐκοιμήθη,
2520 579 2740 649 πρῶτος
2798 571 3112 644 καταδείξας
3172 576 3274 645 τὴν
3331 577 3591 647 τοιαύτην
3653 573 3832 648 ἄσκη·

2167 681 2268 718 σιν.

2237 753 2326 822 Τῷ
2354 751 2393 805 ε’
2422 744 2527 806 ἔτει
2557 752 2774 828 γέγονεν
2799 749 3128 826 ἐμπρησμὸς
3144 750 3196 806 ἐν
3221 751 3831 809 ιίωνσταντινουπόλει⁹

2165 839 2463 914 ἀρξάμενος
2496 839 2602 895 ἀπὸ
2630 844 2728 896 τοῦ
2759 841 2986 916 νεωρίου
3015 840 3108 896 καί
3137 839 3338 917 ιρθάσας
3367 838 3475 904 ’ἐως
3495 846 3598 896 τοῦ
3633 843 3832 920 Ἀγίου

2167 933 2336 1002 Θωμᾶ
2365 933 2475 984 τῶν
2507 929 2812 1002 Ἀμάντων.
2845 930 3160 1006 Μαρκιανὸς
3213 927 3272 985 δὲ
3327 931 3355 984 6
3387 930 3698 1005 οἰκονόμος
3733 940 3836 1002 τῆς

2166 1018 2427 1095 Μεγάλης
2489 1019 2843 1092 Ἐκκλησίας,
2896 1021 2987 1076 τὸν
3032 1020 3160 1076 ναὸν
3224 1019 3410 1081 κτίσας
3465 1027 3567 1090 τῆς
3635 1021 3836 1096 ’Δγίας

2165 1108 2562 1178 Ἀναστάσεως,
2602 1105 2681 1163 ἔτι
2720 1108 2837 1164 νέον
2894 1108 3026 1164 ὅντα
3080 1113 3272 1164 τοῦτον
3331 1114 3430 1164 τοῦ
3487 1108 3836 1184 ἐμπρησμοῦ

2165 1193 2486 1267 διεσώσατο,
2515 1195 2760 1261 ἀνελθὼν
2791 1197 2869 1260 εἰς
2893 1199 2958 1254 τὸ
2978 1197 3238 1274 κεράμιον
3273 1199 3408 1271 μετὰ
3465 1198 3836 1276 Εὐαγγελίου

2163 1287 2255 1340 καὶ
2287 1291 2575 1360 θυμιατοῦ,
2603 1288 2696 1342 καὶ
2759 1288 2850 1342 τὸν
2901 1289 3029 1343 Θεὸν
3064 1285 3316 1364 δάκρυσιν
3362 1287 3834 1362 ἐξιλεωσάμενοςο

2167 1371 2387 1452 Σφόδρα
2417 1377 2523 1452 γὰρ
2569 1374 2783 1449 ἐκράτει
2839 1378 2867 1430 6
2914 1375 3246 1451 ἐμπρησμὸς
3289 1377 3466 1438 οὗτος·
3527 1380 3675 1432 κατά
3739 1381 3835 1452 μὲν

2162 1465 2264 1540 γὰρ
2296 1463 2568 1526 ἀνατολάς
2601 1465 2706 1520 ἀπὸ
2731 1469 2832 1520 τοῦ
2875 1467 3110 1540 νεωρίου
3153 1464 3602 1538 ἐπεκτεινόμενος
3664 1469 3835 1542 μέχρι

2162 1557 2262 1607 τοῦ
2297 1553 2485 1619 ’Δγίου
2515 1554 2770 1611 Ἰωάννου
2801 1559 2898 1610 τοῦ
2956 1559 3196 1633 Πτωχοῦ
3251 1557 3387 1630 πρὸς
3433 1553 3616 1625 δύσιν,
3653 1555 3744 1612 ἐπὶ
3779 1555 3837 1612 δὲ

2168 1639 2518 1719 μεσημϐρίας
2549 1643 2604 1700 ἐν
2634 1648 2705 1720 τῇ
2760 1644 2896 1721 μέσῃ
2954 1652 3056 1715 τῆς
3096 1646 3315 1708 πόλεως
3373 1647 3478 1702 ἀπὸ
3509 1652 3627 1702 τῶν
3685 1649 3832 1703 Λαύ-

2165 1751 2263 1786 σου
2325 1733 2494 1811 μέχρι
2550 1737 2648 1788 τοῦ
2699 1733 2912 1808 Ταύρου
2963 1735 3134 1789 πάντα
3171 1734 3618 1810 κατελυμήνατο.
3669 1741 3830 1813 Περι-

2163 1829 2304 1898 φανῆ
2341 1819 2397 1878 δὲ
2427 1822 2654 1878 καὶτῶν
2695 1822 2885 1880 ἄλλων
2943 1821 3267 1902 διαφέροντα
3297 1825 3359 1881 τὸ
3413 1831 3522 1900 πῦρ
3584 1829 3829 1882 κατανά-

2165 1910 2340 1968 λωσεν
2399 1911 2454 1968 ἐν
2510 1913 2606 1987 μὲν
2663 1917 2743 1986 τῷ
2797 1913 3203 1970 Κωνσταντίνου
3256 1914 3408 1990 φόρῳ
3448 1917 3611 1971 οἷκον
3679 1916 3834 1992 μέγι-

2166 2021 2290 2057 στον
2350 2002 2571 2057 σενάτου
2627 2001 2990 2076 καλούμενον,
3052 2002 3111 2058 ἐκ
3159 2004 3382 2078 χαλκῶν
3440 2005 3676 2060 εἰκόνιον
3739 2007 3824 2062 καί

2163 2095 2460 2168 πορφυρῶν
2492 2089 2662 2156 λίθων
2710 2089 3237 2166 διακεκοσμημίυον,
3297 2093 3349 2148 ἐν
3408 2096 3558 2170 ᾧπερ
3624 2097 3720 2151 καὶ
3783 2119 3834 2159 οι

2166 2178 2394 2255 λογάδες
2443 2175 2802 2237 ἐϐουλεύοντο
2857 2181 2947 2237 καὶ
3007 2184 3034 2236 ὁ
3099 2182 3354 2258 βασιλεὺς
3412 2182 3616 2259 εἰσῄει,
3676 2187 3834 2256 ἡνίκα

2167 2269 2433 2339 ὑπατικὴν
2465 2263 2630 2325 ἔλαϐε
2661 2269 2884 2341 στολὴν,
2944 2272 3034 2327 καὶ
3090 2273 3155 2328 τὸ
3211 2279 3486 2350 νυμφαῖυν
3543 2275 3613 2329 τὸ
3673 2274 3837 2330 τοῦδε

2163 2361 2260 2412 τοῦ
2319 2357 2474 2412 οἳκου
2526 2357 2772 2432 κείμενον
2821 2358 3064 2434 ἀντικρὺ,
3123 2358 3174 2415 ἐν
3204 2361 3351 2435 ᾧπερ
3394 2363 3446 2416 οἱ
3477 2361 3660 2437 γάμοι
3720 2363 3832 2438 ἐγί’

2165 2465 2324 2500 νοντο
2389 2451 2497 2502 τῶν
2556 2447 2655 2502 οὐκ
2712 2447 2952 2523 ἐχόντων
3015 2446 3221 2511 οἴκους·
3273 2448 3326 2505 ἐν
3378 2447 3436 2504 δὲ
3494 2455 3574 2524 τῷ
3637 2453 3828 2528 Ταύρῳ

2167 2537 2318 2590 οἰκον
2349 2535 2438 2590 καί
2471 2535 2630 2591 αὐτὸν
2667 2541 2786 2599 τοῖς
2819 2535 3018 2613 λογάσι
3066 2537 3157 2592 καί
3215 2543 3295 2610 τῷ
3349 2537 3572 2614 βασιλεῖ
3633 2539 3828 2613 ἐπιτή-

2167 2621 2330 2694 δειον,
2356 2630 2474 2686 τοῖς
2517 2625 2612 2698 μὲν
2673 2626 2750 2687 εἰς
2807 2624 2870 2680 τὰ
2924 2626 3157 2681 συνιέναι
3212 2627 3303 2681 καὶ
3363 2631 3487 2703 περὶ
3545 2633 3658 2684 τῶν
3688 2652 3822 2704 πρα-

2165 2709 2334 2768 κτέων
2362 2711 2700 2784 διασκοπεῖν,
2729 2719 2808 2786 τῷ
2839 2711 2896 2769 δὲ
2925 2714 2979 2769 ἐν
3031 2718 3101 2789 τῇ
3161 2715 3351 2788 ὺπάτῳ
3407 2720 3822 2792 προκαθημένῳ

2169 2800 2372 2876 βουλῇ,
2431 2801 2484 2856 ἐν
2526 2801 2844 2860 δυοκαίδεκα
2897 2803 3177 2868 ποικίλοις
3227 2804 3401 2860 κίοσιν
3457 2806 3517 2862 ἐκ
3566 2810 3818 2879 Τρωϊκῆς

2168 2892 2350 2956 λίθου,
2391 2891 2552 2948 πέντε
2605 2893 2697 2948 καί
2753 2893 2927 2948 εἲκοσι
2983 2890 3170 2950 ποδῶν
3227 2891 3448 2950 ἔχουσιν
3506 2896 3656 2969 ὕψος,
3717 2897 3812 2968 951-

2167 3000 2324 3056 ρουσι
2407 2977 2468 3036 δὲ
2538 2982 2639 3050 τήν
2697 2982 2892 3053 στέγην
2968 2976 3029 3038 ἔκ
3103 3003 3163 3038 τε
3227 2983 3407 3039 νοτίου
3452 2984 3536 3039 καί
3593 2985 3810 3060 βορείου

2165 3068 2408 3146 πλευροῦ
2439 3071 2531 3125 σὺν
2577 3076 2696 3134 τοῖς
2760 3072 2888 3146 παρ’
2949 3070 3174 3149 ἑκάτερα
3230 3075 3369 3129 κατᾶ
3412 3074 3475 3128 τὸ
3504 3073 3816 3129 ἀνατολικὸν

2162 3159 2250 3214 καὶ
2281 3156 2494 3214 δυτικὸν
2527 3157 2772 3234 ψαλίσιν,
2804 3158 2868 3214 οὗ
2894 3161 2956 3216 τὸ
3000 3161 3096 3235 μὶν
3133 3168 3309 3234 μῆκος
3358 3169 3448 3236 σμ’
3499 3160 3684 3218 ποδῶν
3739 3164 3822 3224 τὸὶ

399 3221 592 3311 Tauri.
627 3221 779 3320 Quin
795 3221 869 3308 ἐι
897 3251 1012 3308 alia
1039 3251 1230 3306 multa
1271 3221 1435 3324 ignis,
1473 3251 1738 3316 vastavit,
1769 3255 1836 3305 ut
1861 3249 2050 3321 porti-

2169 3245 2218 3303 δὲ
2246 3247 2454 3310 πλάτος
2493 3246 2579 3304 πδ¹
2609 3250 2698 3318 ἦν·
2732 3249 2825 3304 καί
2880 3254 2990 3305 τῶν
3021 3251 3184 3324 ἰερῶν
3244 3248 3301 3306 δὲ
3362 3253 3510 3306 οἴκοι
3571 3253 3822 3327 μέγιστοι

405 3359 528 3410 cus,
560 3347 773 3409 rostra,
805 3342 951 3406 fora,
985 3339 1210 3406 domos,
1244 3356 1279 3394 a
1311 3339 1459 3394 mari
1490 3355 1678 3410 usque
1735 3337 1808 3394 ad
1863 3355 2052 3407 mare,

403 3447 592 3501 usque
619 3429 692 3485 ad
740 3428 928 3484 adem
978 3432 1317 3483 sanctorum
1373 3433 1698 3499 martyrum
1759 3427 1941 3499 Sergii
2001 3433 2058 3482 et

406 3519 638 3576 Bacchi.

2163 3334 2282 3406 δύο,
2316 3334 2808 3412 διακεκοσμημὲνοι
2848 3339 3124 3402 παντοίοις
3155 3338 3354 3410 λίθοις,
3404 3341 3479 3396 ὧν
3517 3343 3544 3396 ὁ
3581 3342 3682 3414 μὲν
3727 3345 3822 3398 τοῦ

2163 3425 2507 3501 τετραπύλου
2536 3427 2602 3481 ού
2658 3425 2851 3504 πόρρω
2901 3425 3188 3504 ἐτύγχανεν
3243 3425 3338 3499 ὢν,
3397 3430 3426 3484 ὁ
3485 3426 3542 3484 δὲ
3599 3435 3675 3504 τῇ
3731 3433 3826 3484 τοῦ

2171 3514 2388 3588 Ταύρου
2418 3514 2643 3572 ἐνέκειτο
2671 3515 2865 3594 ἀγορᾶ.
2923 3517 3021 3574 Καὶ
3079 3514 3224 3572 ἄλλα
3278 3517 3466 3573 πολλᾶ
3511 3517 3827 3592 κατελυμήο

408 3627 538 3664 νατο
567 3607 630 3660 τὸ
651 3609 780 3680 πῦρ,
814 3605 933 3659 οἷον
967 3605 1128 3666 στοὰς
1159 3599 1442 3677 ἐμϐόλων,
1475 3602 1679 3679 ἀγορὰς
1713 3603 1800 3659 καὶ
1833 3601 2074 3675 οἰκήσεις
2104 3601 2212 3658 ἀπὸ
2247 3601 2524 3675 θαλάσσης
2553 3597 2658 3668 ἕως
2688 3603 2990 3676 Θαλάσσης,
3021 3601 3156 3680 ἄχρι
3185 3609 3282 3661 τοῦ
3314 3611 3446 3661 ναοῦ
3474 3612 3582 3662 τῶν
3617 3608 3826 3683 Ἀγίων

412 3715 704 3774 μαρτυρων
741 3695 972 3771 Σεργίου
1001 3693 1093 3748 καὶ
1127 3692 1368 3750 Βάκχου.

477 3842 651 3896 Sexto
685 3856 840 3896 anno
895 3839 1106 3910 pictori
1157 3837 1392 3894 cuidam
1449 3854 1723 3911 aggressa
1763 3839 2063 3894 Christum

408 3931 600 3986 forma
627 3930 780 3985 Iovis
825 3929 1068 4001 pingere
1099 3944 1311 3984 manus
1343 3929 1592 3984 exaruit.
1655 3931 1800 3982 Eum
1832 3928 2064 3984 facinus

410 4019 750 4074 confessum
780 4017 1118 4074 Gennadius
1148 4017 1424 4090 precibus
1477 4017 1602 4072 suis
1653 4018 1898 4072 sanavit.
1933 4018 2068 4084 Qui-

415 4108 552 4164 dam
583 4107 852 4163 historici
884 4108 1114 4163 Christo
1173 4107 1507 4163 attribuunt
1534 4123 1703 4162 raros
1749 4113 1806 4162 et
1835 4109 2062 4180 crispos

415 4197 628 4253 crines.
689 4197 744 4252 Is
785 4197 1124 4253 Gennadius
1155 4204 1334 4252 noctu
1389 4196 1462 4252 ad
1519 4196 1704 4252 altare
1763 4204 2062 4269 spectrum

412 4286 701 4343 daamonis
732 4286 915 4353 vidit;
975 4303 1151 4358 quem
1210 4303 1345 4342 cum
1405 4286 1794 4357 increpasset,
1840 4287 2064 4342 audivit

409 4374 831 4432 vociferantem
857 4391 1016 4430 nunc
1056 4391 1118 4429 se
1150 4374 1202 4428 ei
1223 4373 1442 4430 viventi
1473 4374 1845 4445 cedere,post
1874 4375 2060 4445 ipsius

412 4468 667 4520 mortem
695 4464 901 4534 utique
921 4461 1140 4534 templo
1173 4463 1698 4534 potiturum.Idem
1723 4462 2060 4519 Gennadius

413 4551 696 4607 clericum
727 4551 1047 4621 quemdam
1067 4550 1188 4604 fani
1223 4551 1276 4604 S.
1310 4551 1633 4607 Eleutherii
1675 4551 1828 4606 male
1865 4552 2057 4607 viven-

411 4645 534 4696 tem
565 4655 699 4695 cum
723 4656 880 4710 saepe
910 4639 1298 4712 objurgasset,
1317 4655 1513 4712 neque
1539 4646 1736 4696 tamen
1759 4640 2064 4696 inﬂectere

412 4734 632 4802 posset,
666 4744 791 4782 rem
824 4728 897 4783 ad
923 4727 983 4783 S.
1033 4729 1436 4784 Eleutherium
1459 4729 1832 4798 detulit,eum
1862 4730 1924 4784 in
1955 4747 2061 4786 suo

412 4817 636 4890 templo
659 4817 966 4890 cujusdam
1001 4817 1256 4872 ministri
1275 4817 1405 4889 ejus
1427 4834 1607 4889 opera
1626 4819 1709 4872 sic
1729 4819 2059 4888 alloquens,

413 4909 551 4963 Dive
582 4912 808 4978 martyr
834 4905 1260 4970 Eleutheri,aut
1283 4905 1508 4977 corrige
1539 4906 1820 4962 clericum
1843 4912 2008 4961 tuum
2044 4924 2058 4962 :

411 5001 516 5052 aut
546 4995 842 5052 exscinde.
863 4994 1026 5050 Illico
1047 4993 1300 5050 clericus
1315 4993 1880 5066 exspiravit.Eodem
1905 5012 2060 5052 anno

414 5084 652 5140 Studius
682 5083 972 5156 templum
1002 5083 1246 5138 Joannis
1267 5083 1544 5154 Baptistae
1567 5082 2061 5153 condidit,mona-

2247 3840 2338 3909 Τῷ
2376 3837 2421 3900 ς’
2475 3831 2581 3891 ἔτει
2636 3837 2921 3916 ζωγράφου
2973 3838 3121 3900 τινὸς
3173 3837 3266 3894 τὸν
3326 3844 3560 3913 Σωτῆρα
3608 3841 3828 3914 γράψα-

2171 3924 2550 3996 τολμήσαντος
2605 3926 2722 3980 καθ’
2783 3926 3090 3998 ὁμοιότητα
3143 3931 3242 3982 τοῦ
3300 3928 3424 3988 Διὸς
3462 3925 3732 4002 ἐξηράνθη
3789 3929 3823 3996 ἡ

2175 4011 2300 4086 χείρ
2332 4013 2390 4068 ὅν
2438 4013 2854 4090 ἐξαγορεύσαντα
2911 4012 2983 4069 δι’
3040 4014 3213 4085 εὐχῆς
3272 4014 3458 4070 ἰάσατο
3525 4015 3836 4078 Γεννάδιος-

2173 4102 2316 4156 Φασί
2356 4099 2413 4157 δὲ
2441 4123 2580 4165 τινες
2607 4107 2716 4158 τᾶν
2747 4103 3038 4179 ἱστορικῶν
3073 4105 3157 4158 δτι
3187 4104 3252 4159 τὸ
3309 4103 3476 4160 οὗλον
3517 4108 3604 4160 καὶ
3640 4105 3827 4180 ὸλιγύο

2170 4209 2366 4266 τριχον
2399 4197 2592 4265 σχῆμα
2648 4189 2737 4247 ἐπὶ
2793 4196 2889 4247 τοῦ
2946 4199 3208 4268 Σωτῆρος
3267 4193 3597 4270 οἰκειότερόν
3655 4195 3827 4251 ἐστιν.

2169 4277 2341 4341 Οὗτος
2370 4281 2398 4335 ὁ
2430 4277 2710 4342 Γεννάδιος
2739 4285 2808 4355 τῇ
2839 4283 2991 4336 νυκτί
3048 4280 3101 4336 ἐν
3157 4287 3238 4356 τῷ
3297 4284 3671 4358 θυσιαστηρίῳ
3719 4283 3828 4338 εἶδε

2169 4368 2458 4447 φάντασμα
2541 4365 2850 4438 δαιμονίου,
2937 4371 2983 4442 ᾦ
3069 4371 3159 4426 καί
3217 4371 3548 4445 ἐπιτιμήσας
3595 4374 3820 4443 ἤκουσεν

2169 4455 2332 4512 αὐτοῦ
2389 4458 2689 4532 κράζοντος
2743 4457 2818 4520 ὡς
2875 4457 3045 4515 αὐτοῦ
3131 4459 3227 4532 μὲν
3284 4464 3488 4530 ζῶντος
3547 4459 3814 4523 ἓνδίδωσι,

2180 4549 2315 4624 μετᾶ
2343 4549 2402 4606 δὲ
2432 4551 2659 4614 θάνατον
2689 4550 2854 4605 αύτοῦ
2883 4553 3142 4627 κρατήσει
3173 4552 3389 4616 πάντως
3446 4561 3546 4622 τῆς
3575 4549 3806 4618 Ἐκκληε

2172 4639 2314 4702 σίας.
2347 4639 2520 4702 Οὗτος
2551 4639 2578 4694 ὁ
2609 4637 2890 4704 Γεννάδιος
2918 4638 3172 4714 κληρικῷ
3375 4649 3474 4712 τῆς
3519 4639 3803 4710 ἐκκλησίας

2167 4733 2266 4783 τοῦ
2289 4727 2474 4804 Ἀγίου
2506 4727 2845 4803 Ἐλευθερίου
2899 4728 3113 4802 ἀτάκτῳ
3169 4727 3283 4786 ὄντι
3339 4729 3602 4791 πολλάκις
3658 4727 3803 4784 ἐνου-

2171 4817 2332 4882 θέτει.
2365 4817 2514 4872 Ἐπεὶ
2555 4813 2612 4871 δὲ
2641 4817 2804 4871 αὐτὸν
2845 4816 3058 4892 κάμψαι
3117 4819 3217 4873 ούκ
3260 4819 3478 4890 ἲσΧυσε,
3517 4817 3680 4890 δηλοῖ
3731 4821 3810 4889 τῷ

2169 4905 2305 4981 ἁγίῳ
2335 4903 2688 4979 Ἐλευθερίῳ,
2715 4904 2768 4959 ἐν
2798 4910 2878 4979 τῷ
2907 4910 3018 4978 ναῷ
3045 4908 3209 4961 εἰπὼν
3241 4905 3332 4962 διά
3364 4910 3449 4980 [Ρ.
3485 4910 3611 4980 349]
3665 4929 3808 4970 τινος

2165 4999 2274 5049 τῶν
2306 4995 2759 5070 ὑπηρετουμένων
2810 4994 2982 5068 αύτῷ·
3013 4997 3172 5070 Ἀγιε
3233 4996 3444 5072 μάρτυρ
3497 4997 3817 5068 Ἐλευθέριε,

2166 5084 2202 5154 ἢ
2227 5082 2524 5159 διόρθωσαι
2551 5085 2644 5140 τὸν
2672 5083 2940 5159 κληρικόν
2974 5107 3090 5152 σου,
3123 5086 3156 5155 ἢ
3211 5083 3443 5159 ἔκκοψον
3503 5088 3686 5143 αὐτόν.
3723 5087 3816 5142 Καὶ

1611 5251 1970 5310 XYLANDBI
2009 5256 2096 5310 ET
2133 5255 2348 5312 GOARI
2387 5255 2609 5310 NOT/E.

484 5441 599 5516 (_75_)
629 5441 838 5516 Clerici
865 5458 1083 5497 nomen
1115 5443 1275 5516 apud
1303 5444 1533 5516 Griecos
1564 5459 1682 5498 non
1707 5443 2056 5516 adipiscitur
2156 5442 2324 5516 illum
2357 5443 2558 5516 aliquo
2580 5442 2997 5516 defunguntur
3018 5443 3234 5516 officio,
3259 5461 3292 5500 a
3323 5461 3440 5516 quo
3482 5447 3810 5501 monachus

414 5510 604 5597 quivis
633 5511 791 5597 cle‘r'p
814 5510 1281 5597 cooptatusfsed
1331 5515 1391 5597 is_
1415 5515 1775 5597 tantum‘qui
1808 5510 2056 5597 dignita-

2153 5515 2351 5569 omnis
2384 5513 2740 5580 excluditur,
2775 5513 3030 5585 eumque
3061 5515 3201 5570 licet
3221 5513 3382 5571 Cleri)
3407 5523 3811 5572 annumercnt

415 5587 534 5662 tem
563 5581 654 5663 vel
681 5581 1028 5663 ofllciuniin
1055 5584 1310 5663 Ecclesia
1340 5585 1586 5663 obtinet.
1623 5581 1768 5640 Hinc
1802 5581 2054 5663 percipis
2154 5585 2337 5663 Graeci
2392 5585 2707 5663 doctiores,
2759 5581 3276 5663 clericumﬂtamen
3325 5604 3620 5659 nusquam
3677 5605 3806 5644 esse

413 5654 511 5723 qui
539 5654 657 5706 sint
687 5654 1035 5723 patriarcha)
1069 5655 1292 5720 clerici,
1349 5655 1432 5708 illi
1491 5672 1703 5726 nempe
1735 5654 1835 5726 qui
1897 5654 2053 5711 circa
2153 5657 2244 5711 vel
2275 5657 2605 5729 nuncupari
2638 5656 2992 5712 concedunt.
3026 5657 3200 5714 Goan.
