4124 6312
432 365 553 425 665

1562 363 2109 426 HISTORIARUM
2153 363 2709 429 COMPRNDIUM.

3726 362 3844 431 666

435 498 590 560 εὐθὺς
624 496 968 566 ἐτελεῦτησεν
1000 498 1027 550 6
1059 498 1347 569 x/.7,9:‘/.6;.
1388 500 1479 569 Τῷ
1511 495 1555 550 δ’
1588 497 1731 570 αὐτῷ
1762 492 1868 553 ἔτει
1928 497 2063 552 Στού

2203 501 2461 571 chosquc
2496 502 2555 556 in
2587 520 2655 557 eo
2687 504 2993 558 collocavit
3024 520 3227 559 eorum
3259 500 3361 573 qui
3393 499 3697 564 Acmmeti,
3724 471 3842 553 hoc

437 585 552 649 ὃιος
582 588 677 641 τὸν
710 587 835 641 ναὸν
870 581 1043 640 ἔκτισε
1075 590 1171 641 τοῦ
1203 586 1390 661 Ἀγίου
1445 587 1694 643 Ἰωάννου
1731 592 1827 642 τοῦ
1886 594 2089 643 Βαπτι-

438 679 587 745 στοῦ,
619 676 710 730 καὶ
747 675 1028 750 μοναχοὺς
1060 674 1121 729 ἐκ
1142 680 1241 744 τῆς
1275 680 1446 748 μονῆς
1478 680 1585 730 τῶν
1639 677 1993 750 ’Λκοιμήτων
2036 675 2088 730 ἐν

440 764 586 836 αὐτῷ
613 763 935 833 κατέστησε.

507 857 594 923 Τῷ
628 854 667 922 ζ’
697 851 803 908 ἒτει
846 854 993 907 Λὲων
1054 853 1081 907 6
1139 852 1394 925 βασιλεὺς
1443 856 1661 925 Ζήνωνα
1708 854 1799 909 τὸν
1841 849 2086 929 γαμϐρὸν

437 941 606 996 αὐτοῦ
639 942 941 1015 στρατηγὸν
988 948 1090 1011 τῆς
1144 944 1319 1014 ’Κῴας
1366 944 1579 1012 ἁπάσης
1637 945 1749 1017 (76)
1799 944 2084 1014 πεποίηκε.

437 1028 641 1103 ΙΙὲτρος
687 1026 746 1083 δὲ
792 1029 1026 1101 Κναφεὺς
1081 1027 1398 1085 ἀκολουθῶν
1450 1033 1676 1101 Ζήνωνι,
1725 1027 2086 1106 πρεσϐύτερος

437 1115 511 1170 ὢν
543 1118 643 1171 τοῦ
668 1116 719 1171 ἐν
749 1115 1065 1187 Χαλκηδόνι
1094 1124 1223 1172 ναοῦ
1257 1117 1464 1190 Βάσσης
1517 1127 1616 1188 τῆς
1675 1121 1949 1195 μάρτυρος
1995 1120 2084 1174 καὶ

433 1206 500 1261 τὰ
528 1210 628 1261 τοῦ
661 1206 1051 1281 Ἀπολιναρίου
1081 1212 1319 1286 φρονῶν,
1355 1211 1582 1283 μυρίους
1610 1206 1873 1282 θορῦϐους
1897 1208 2085 1286 ἤγειρε

433 1297 570 1350 κατὰ
600 1304 700 1365 τῆς
732 1296 991 1365 πίστεως,
1024 1297 1115 1375 iga?
1145 1297 1525 1369 ἀναθεματίζει
1584 1297 1712 1359 τοὺς
1769 1300 1842 1371 μή
1900 1298 2084 1374 λέγον-

433 1406 530 1446 τας
578 1386 670 1439 τὸν
727 1386 856 1440 Θεὸν
925 1387 1326 1460 σταυρωθῆναι.
1388 1389 1487 1443 Καῖ
1550 1387 1744 1461 σχίσας
1801 1389 1891 1441 τὸν
1949 1388 2081 1441 Λαὸν

432 1476 779 1554 Ἀντιοχείας
811 1474 1167 1550 προστίθησιν
1199 1474 1250 1531 ἐν
1278 1481 1356 1547 τῷ
1401 1477 1668 1550 τρισαγίῳ
1715 1476 1870 1550 ὕμνῳ
1907 1476 1990 1549 τὸ,
2019 1478 2081 1533 Ὀ

436 1563 763 1638 σταυρωθεῖς
796 1560 867 1617 δι’
915 1567 1083 1635 ἡμᾶς·
1146 1565 1278 1639 ὅπερ
1321 1563 1427 1626 ’ὲως
1475 1567 1717 1639 σήμερον
1766 1564 1911 1640 παρᾶ
1964 1570 2079 1627 τοῖς

435 1650 831 1727 Θεοπασχίταις
889 1650 1171 1725 ἐκράτησε.
1233 1652 1550 1728 Μαρτυρίου
1604 1651 1662 1707 δὲ
1717 1658 1813 1708 τοῦ
1870 1655 2082 1710 Ἀντιο-

436 1740 591 1815 χείας
621 1739 701 1812 τῷ
730 1740 904 1815 Θρόνῳ
935 1740 1363 1814 ἀποταξαμένου,
1411 1743 1501 1795 καὶ
1549 1741 1821 1818 λὲγοντος.
1872 1741 2080 1817 Κλήρῳ

434 1829 792 1900 ἀνυποτάκτῳ
847 1829 936 1884 καὶ
988 1829 1109 1902 λαῷ
1164 1829 1377 1894 ἀπειθεῖ
1429 1830 1518 1885 καὶ
1574 1831 1868 1902 Ἐκκλησία
1921 1831 2077 1907 ῥερυ-

433 1916 664 1990 πωμιένῖ⁸
719 1916 1121 1989 ἀποτάσσομαι,
1211 1916 1494 1993 φυλάττων
1584 1917 1803 1991 ἐμαυτῷ
1862 1919 1925 1973 τὸ
1980 1926 2080 1988 τῆς

430 2006 727 2079 ἱερωσύνης
754 2004 987 2078 ἀξίωμα,
1021 2004 1223 2080 Πέτρος
1256 2007 1284 2059 6
1317 2005 1554 2082 Κναφεὺς
1602 2012 1684 2079 τῷ
1733 2007 1909 2083 θρόνῳ
1962 2007 2080 2064 ἐπι-

433 2091 602 2164 πηὸᾷ.
639 2095 758 2163 Τὴν
811 2092 865 2149 ’δὲ
919 2096 1039 2149 κατ’
1094 2096 1259 2151 αὐτοῦ
1319 2094 1526 2172 ἐξορίαν
1586 2097 1816 2159 ἀκούσας
1870 2098 2076 2172 φεύγει.

429 2184 516 2238 καὶ
552 2183 855 2246 Ἰουλιανὸς
903 2182 1198 2246 ἐπίσκοπος
1256 2184 1594 2260 Ἀντιοχείας
1646 2188 2077 2262 προχειρίζεται.

429 2277 513 2343 Τῷ
541 2271 689 2345 αὐτῷ
720 2270 825 2328 ἔτει
883 2274 911 2327 6
955 2272 1105 2338 ὅσιος
1159 2275 1460 2349 Γεράσιμος
1500 2275 1551 2330 ἐν
1611 2281 1731 2337 ταῖς
1785 2280 1881 2330 τοῦ
1941 2278 2079 2351 Ἰορ-

434 2359 592 2416 δάνου
648 2357 842 2437 ὄχθαις
901 2363 1115 2436 ἀρεταῖς
1173 2364 1263 2418 καὶ
1319 2365 1504 2439 τέρασι
1584 2361 1912 2440 περιϐόητος
1973 2364 2080 2442 ἐγε-

429 2472 566 2507 νετο.
638 2452 747 2507 Καὶ
814 2450 991 2531 ἄφιξις
1073 2456 1169 2507 τοῦ
1250 2453 1610 2529 ἀναχωρητοῦ
1695 2460 1964 2531 Κυριαιοῦ
2024 2454 2075 2510 ἐν

431 2539 856 2614 Ἰεροσολυμεις,
892 2542 950 2602 ὅς
981 2536 1167 2610 ἔζησεν
1224 2540 1320 2612 ἓτη
1379 2545 1475 2616 ρξ’.
1532 2546 1629 2615 Τῷ
1668 2540 1714 2597 δ’
1770 2544 1918 2616 αὖτῷ
1971 2542 2075 2599 ἔτει

440 2628 686 2698 μετετέθη
758 2631 787 2683 6
844 2631 1132 2708 προφήτης
1189 2629 1499 2693 Ἐλισσαῖος
1558 2620 1610 2685 ἔν
1675 2630 2073 2707 Ἀλεξανδρείᾳ,

440 2716 491 2769 ἐν
533 2721 599 2791 τῇ
630 2722 767 2791 μονῇ
801 2718 1017 2774 Παύλου
1049 2725 1147 2774 τοῦ
1201 2717 1424 2794 λεπροῦο
1477 2720 1676 2791 λεπρὸν
1731 2723 1834 2798 γάρ
1890 2721 2075 2776 ἰάσατο

436 2805 522 2859 καὶ
561 2804 752 2880 λεπρόν
780 2806 1001 2879 ἐποίησε
1032 2808 1121 2862 καὶ
1154 2809 1228 2871 εἷς
1259 2813 1360 2863 τοῦ
1393 2809 1596 2885 λεπροῦ
1627 2809 1803 2881 ἐτέθη,

490 3098 581 3165 ³Γῷ
613 3095 667 3162 η’
695 3090 803 3149 ἔτει
838 3094 1042 3163 Δανιὴλ
1076 3095 1104 3149 6
1138 3094 1409 3165 Στυλίτης
1465 3094 1516 3149 ἐν
1566 3100 1645 3167 τῷ
1683 3094 1944 3167 Ἀνάπλῳ
1992 3101 2073 3169 τῷ

421 3181 603 3255 στῦλῳ
653 3178 847 3254 ἐπέϐη,
885 3183 975 3237 καὶ
1034 3184 1300 3258 Ἀνθιμος
1358 3184 1445 3238 καὶ
1508 3184 1800 3258 Τιμοκλῆς
1857 3186 1908 3239 οἱ
1966 3189 2072 3240 τῶν

418 3270 733 3345 τροπαρίων
766 3273 879 3345 (77)
912 3273 1134 3341 ποιηταὶ
1169 3272 1545 3347 ἐγνωρίζοντο.

490 3363 585 3430 Τῷ
614 3360 658 3413 θ’
709 3353 816 3414 ἔτει
850 3365 1077 3433 σημεῖον
1136 3360 1298 3437 ἐφάνη
1355 3360 1406 3415 ἐν
1459 3366 1538 3434 τῷ
1596 3362 1810 3434 οὐρανῷ
1865 3359 2062 3441 νεφέλη

424 3445 606 3523 ὥσπερ
665 3446 971 3526 σάλπιγγος
1030 3449 1326 3524 ἐκτύπωμα
1382 3448 1605 3525 ἔχουσαι
1689 3450 1777 3505 ἐπὶ
1853 3451 2064 3527 ἡμέρας

420 3538 836 3613 τεσσαράκοντα,
869 3541 987 3593 καθ’
1013 3539 1256 3613 ἑσπέραν.

494 3629 583 3696 Τῷ
617 3626 646 3678 ι’
681 3621 787 3679 ἔτει
843 3626 1145 3691 Ἱσοκάσιος
1202 3627 1230 3681 ὁ
1286 3626 1583 3704 κοιαίστωρ
1634 3630 2001 3707 Ἀντιοχείας,
2032 3630 2059 3683 ὁ

412 3714 503 3768 καὶ
533 3713 854 3793 φιλόσοφος,
888 3711 1153 3786 διεϐλήθη
1183 3721 1264 3789 τῷ
1307 3715 1526 3793 βασιλεῖ
1573 3718 1648 3780 ὡς
1694 3716 1926 3789 Ἕλλην’
1965 3718 2056 3773 καὶ

413 3800 688 3859 ἐκέλευσεν
723 3804 1063 3874 ἐξετασθῆναι
1102 3806 1263 3862 αὐτὸν
1316 3810 1461 3884 παρά
1507 3812 1586 3880 τῷ
1632 3810 1859 3885 ἐπάρχῳ
1901 3812 2057 3866 Κων-

409 3892 926 3957 σταντινουπόλεως.
962 3894 1254 3974 Ἀχθὲντος
1284 3893 1341 3951 δὲ
1361 3895 1526 3953 αὐτοῦ
1553 3895 1836 3972 δεδεμένου
1870 3898 2053 3962 ὀπισθο

407 3979 625 4055 άγκωνα
654 3977 755 4059 ἕνρη
815 3983 950 4057 πρὸς
1009 3984 1170 4039 αὐτὸν
1227 3988 1461 4048 ΙΙοσαῖος
1495 3987 1523 4040 6
1554 3983 1817 4065 ἔπαρχος·
1867 3988 2048 4061 Ὁρᾷς,

406 4071 686 4141 Ἰσοκάσιε,
721 4069 773 4125 ἐν
806 4072 952 4144 ποίῳ
984 4074 1231 4148 σχήματι
1257 4074 1589 4144 καθέστηκας
1620 4096 1633 4145 ;
1666 4077 1722 4130 Ὀ
1771 4074 1829 4131 δὲ
1880 4077 2046 4131 εἶπεν·

400 4161 568 4234 Ὀρῶ,
598 4161 688 4215 καὶ
721 4162 785 4216 οὐ
817 4161 1113 4235 ξενίζομαι·
1173 4161 1454 4238 ἄνθρωπος
1492 4166 1596 4238 γὰρ
1646 4163 1720 4218 ὢν
1774 4166 2046 4242 ἀνθρωπί-

398 4269 515 4310 ναις
547 4247 861 4323 περιέπεσον
896 4255 1220 4326 συμφοραῖς.
1270 4248 1443 4306 Ἀλλὰ
1499 4249 1715 4306 δίκασον
1770 4251 1852 4307 ἐπ’
1897 4253 2045 4327 ἐμοὶ,

401 4338 473 4400 ὡς
534 4335 771 4407 ἐδίκαζες
834 4337 925 4391 σὺν
990 4338 1134 4412 ἐμοί.
1231 4343 1404 4395 Ταῦτα
1489 4342 1720 4405 ἀκούσας
1780 4343 1808 4397 6
1869 4340 2045 4415 δῆμος

401 4428 690 4503 εὐφήμησε
717 4428 808 4482 τὸν
843 4426 1089 4502 βασιλὲα”
1122 4429 1211 4482 καὶ
1249 4430 1434 4501 μαθὼν
1483 4431 1511 4484 6
1546 4429 1799 4506 βασιλεὺς
1842 4431 2040 4507 ἐχάρη,

402 4515 491 4570 καὶ
522 4514 785 4571 ἀπέλυσεν
814 4515 970 4570 αὐτὸν
1005 4515 1081 4577 εἷς
1110 4518 1208 4586 τήν
1239 4513 1375 4572 ἰδίαν
1409 4519 1616 4593 χώραν·

471 4699 564 4770 Τῷ
597 4698 668 4771 ιβ’
699 4691 805 4752 ἔτει
867 4696 1014 4751 Λέων
1044 4697 1071 4751 6
1106 4696 1362 4771 βασιλεὺς
1424 4700 1562 4755 κατὰ
1612 4703 1899 4777 Γιζερίχου
1952 4710 2051 4760 τοῦ

400 4791 507 4841 τῶν
536 4788 757 4864 ’Ἄφρων
818 4789 1145 4861 κρατοῦντος
1200 4789 1289 4842 καὶ
1350 4787 1539 4844 πολλά
1595 4795 1702 4845 τῶν
1760 4793 2050 4865 Ῥωμαίων

2197 596 2284 645 est
2316 591 2642 661 insomnes,
2674 593 2972 650 dicuntur.

2265 850 2525 921 Septimo
2557 865 2716 903 anno
2747 851 3042 903 Zenonem
3074 863 3357 918 generum
3381 861 3554 900 suum
3588 846 3698 899 Leo
3731 842 3838 897 toti

2193 941 2417 995 Orienti
2443 939 2779 1011 przeposuit.
2802 940 2913 992 Fut
2940 938 3001 992 in
3034 937 3316 992 comitatu
3347 936 3596 991 Zenonis
3626 937 3837 990 Petrus

2192 1032 2431 1102 quidam
2466 1030 2773 1101 Cnapheus
2803 1028 2885 1100 (id
2918 1035 3005 1083 est
3037 1028 3227 1098 fullo),
3267 1027 3577 1099 presbyter
3631 1026 3834 1098 templi

2193 1125 2382 1178 Bassa)
2416 1128 2633 1177 sancta:
2661 1121 2961 1191 martyris,
2992 1120 3149 1190 quod
3202 1123 3293 1173 est
3334 1117 3725 1173 Chalcedone.
3776 1119 3831 1171 Is

2191 1213 2332 1283 quia
2357 1212 2711 1283 Apollinarii
2744 1227 2974 1265 errores
3005 1208 3382 1279 sequebatur,
3408 1206 3674 1260 inﬁnitas
3696 1222 3833 1260 con-

2191 1318 2255 1355 ra
2284 1301 2459 1355 ﬁdem
2489 1300 2688 1355 turbas
2705 1299 2996 1363 excitavit,
3030 1297 3184 1352 612
3232 1296 3525 1350 damnans
3580 1309 3679 1347 eos
3732 1292 3831 1363 qui

2190 1392 2607 1462 negantDeum
2629 1390 2811 1444 fuisse
2829 1387 3278 1443 cruciﬁxum.Et
3299 1383 3545 1439 (lissidio
3573 1382 3633 1436 in
3662 1381 3834 1453 plebe

2187 1483 2556 1537 Antiocllena
2577 1478 3134 1545 fact0,sanctissimo
3156 1477 3378 1546 hymno
3398 1474 3524 1528 haec
3544 1472 3795 1526 inseruit
3820 1488 3834 1526 :

2188 1571 2295 1636 Qui
2327 1576 2566 1643 prOpter
2616 1587 2725 1625 nos
2778 1568 3098 1624 cruciﬁxus
3148 1568 3281 1630 est;
3328 1563 3486 1635 quod
3534 1560 3832 1631 hodieque

2187 1662 2345 1733 apud
2374 1660 2832 1732 Thcopaschitas
2864 1658 3108 1713 obtinet.
3169 1657 3315 1709 Cum
3367 1657 3568 1708 autem
3616 1654 3832 1720 Marty-

2184 1750 2308 1804 rius
2337 1747 2666 1804 Antiochia)
2692 1747 3004 1818 episcopus
3035 1762 3096 1799 se
3127 1744 3208 1798 ita
3223 1742 3564 1797 abdicaret:
3596 1741 3833 1795 Servata

2185 1840 2331 1893 mihi
2380 1838 2694 1893 sacerdotii
2740 1836 3046 1909 dignitate,
3089 1834 3315 1889 clerum
3363 1830 3829 1896 inobedientem,

2187 1929 2474 2000 populum
2550 1932 2960 1983 contumacem
3041 1929 3099 1980 et
3164 1921 3489 1977 Ecclesiam
3556 1918 3830 1974 sordibus

2187 2017 2466 2072 infectam
2489 2034 2582 2071 res
2606 2033 2741 2070 suas
2762 2015 2981 2070 habere
3018 2012 3223 2084 jubeo,
3276 2008 3483 2064 Petrus
3538 2008 3635 2063 ille
3684 2008 3830 2061 Gna-

2186 2107 2374 2177 pheus
2405 2106 2811 2177 episcopatum
2843 2102 3110 2174 arripuit.
3146 2102 3274 2154 Mox
3324 2115 3386 2153 se
3420 2097 3629 2152 exsilio
3663 2095 3831 2150 dam-

2186 2203 2389 2251 natum
2424 2195 2669 2250 audiens
2701 2193 2996 2265 profugit;
3039 2196 3097 2246 et
3142 2189 3411 2245 Julianus
3462 2185 3828 2258 episcopatui

2186 2284 2512 2340 Antiochiae
2555 2283 2894 2355 praaﬁcitur.
2935 2281 3154 2336 Eodem
3189 2294 3343 2334 anno
3384 2280 3622 2331 sanctus
3652 2276 3831 2328 Gera-

2186 2375 2372 2429 simus
2402 2374 2477 2429 ad
2504 2373 2662 2445 ripas
2690 2372 2964 2428 Iordanis
2995 2369 3308 2424 virtutibus
3332 2384 3399 2421 ac
3429 2362 3734 2420 miraculis
3765 2363 3828 2416 in

2186 2480 2400 2537 magna
2428 2464 2541 2518 fuit
2578 2463 2757 2517 fama.
2815 2464 2973 2515 Tunc
3031 2465 3090 2514 et
3139 2456 3415 2529 Cyriacus
3471 2454 3831 2508 anachoreta

2186 2555 2289 2627 (ita
2319 2557 2525 2609 vocant
2554 2569 2655 2607 eos
2687 2551 2787 2622 qui
2818 2567 2880 2604 se
2929 2566 2998 2604 ex
3048 2547 3359 2602 hominum
3403 2540 3830 2598 consuetudine

2184 2644 2246 2698 in
2276 2642 2628 2697 solitudines
2677 2638 3033 2706 subducunt)
3087 2633 3495 2705 Hierosolyma
3545 2629 3723 2686 venit.
3776 2629 3828 2682 Is

2182 2733 2325 2787 vixit
2355 2749 2545 2787 annos
2581 2734 2698 2786 lO‘l.
2731 2730 2947 2785 Eodem
3000 2743 3156 2781 anno
3206 2729 3366 2779 vates
3413 2722 3690 2777 Elissaeus
3740 2724 3828 2772 est

2182 2821 2598 2877 Alexandriam
2682 2819 3021 2887 translatus,
3107 2816 3170 2869 in
3230 2812 3601 2868 mansionem
3659 2808 3825 2863 Pauli

2183 2913 2423 2984 leprosi.
2455 2914 2539 2967 [ta
2557 2910 2654 2982 qui
2680 2911 2980 2980 leprosum
3004 2908 3331 2967 sanaverat,
3364 2902 3590 2972 lepram
3623 2900 3822 2953 incus-

2182 3007 2340 3056 serat
2368 3000 2561 3065 alteri,
2597 3000 2656 3053 in
2688 2997 2906 3069 leprosi
2938 2996 3111 3050 domo
3143 2990 3449 3063 depositus
3474 2994 3587 3063 _est.

2251 3092 2462 3146 Octavo
2493 3105 2648 3143 anno
2680 3085 2959 3142 Danielus
2992 3083 3199 3154 Stylita
3229 3082 3291 3135 in
3320 3078 3545 3149 Anaplo
3595 3077 3822 3131 colum—

2179 3196 2317 3235 nam
2348 3177 2716 3233 conscendit.
2747 3178 2817 3230 Et
2848 3173 3163 3228 Anthimus
3194 3186 3262 3225 ac
3301 3167 3589 3224 Timocles
3624 3172 3821 3236 tropa-

2098 3256 2141 3322 C
2180 3271 2400 3325 riorum
2434 3275 2621 3341 poetae
2652 3268 3066 3322 innatuerunt.

2246 3340 2602 3417 Nonoanno
2636 3356 2968 3428 prodigium
2998 3353 3060 3407 in
3093 3350 3238 3406 c0310
3271 3364 3377 3420 per
3414 3346 3541 3400 dies
3592 3347 3659 3398 40
3708 3340 3819 3397 sub

2176 3467 2479 3522 vesperam
2512 3449 2703 3503 visum
2737 3451 2846 3513 est,
2878 3443 3067 3499 nubes
3096 3441 3159 3495 in
3193 3438 3345 3494 tubae
3391 3434 3649 3508 speciem
3694 3433 3815 3486 l'or-

2172 3546 2351 3596 mata.

2243 3631 2480 3686 Decimo
2540 3643 2696 3684 anno
2755 3623 3046 3680 Isocasius
3120 3621 3381 3689 quaestor
3461 3610 3810 3674 Antiochiae,

2168 3724 2446 3795 idemque
2476 3718 2887 3794 philosophus,
2920 3714 3152 3769 delatus
3183 3712 3273 3762 est
3301 3703 3457 3795 apud
3488 3704 3811 3795 imperato—

2167 3790 2752 3884 rem,q_uod—Grzecam
2775 3805 3124 3875 religtonem
3149 3799 3394 3850 teneret.
3414 3793 3468 3845 Is
3503 3790 3651 3844 613
3673 3802 3809 3884 eum

2168 3876 2490 3960 examinari
2525 3899 2709 3971 jussit
2760 3893 2916 3967 apud
2969 3889 3313 3963 praefectum
3370 3881 3534 3937 urbis
3589 3876 3805 3948 Cpolis.

2164 3995 2308 4047 Cum
2341 4008 2476 4062 ergo
2509 3967 2781 4042 manibus
2814 3987 2945 4054 post
2976 3986 3204 4050 tergum
3233 3970 3512 4028 revinctis
3551 3967 3811 4024 adduce-

2162 4088 2343 4144 retur,
2385 4058 2468 4134 ita
2499 4094 2633 4133 eum
2664 4074 2978 4147 praefectus
3020 4066 3185 4123 urbis
3229 4067 3465 4119 Posaaus
3517 4058 3809 4114 allocutus

2163 4176 2277 4227 est:
2301 4170 2578 4232 Videsne,
2606 4163 2845 4229 Isocasi,
2872 4176 2987 4231 quo
3011 4157 3217 4212 habitu
3261 4153 3458 4208 adstes
3478 4150 3505 4204 ‘2
3536 4152 3804 4219 Respon-

2160 4262 2247 4316 dit
2275 4260 2412 4315 ille:
2449 4256 2650 4323 Video,
2676 4268 2870 4322 neque
2893 4248 3112 4303 miror:
3143 4246 3320 4299 homo
3343 4241 3503 4295 enim
3525 4239 3584 4291 in
3600 4236 3807 4289 huma-

2159 4368 2295 4407 nam
2324 4349 2557 4406 devenit
2586 4343 3004 4400 calamitatem.
3047 4339 3132 4393 Tu
3178 4349 3312 4387 vero
3368 4330 3450 4384 ita
3504 4326 3649 4383 mihi
3701 4325 3804 4396 jus

2159 4441 2523 4509 dicito,sicut
2549 4453 2642 4493 me
2660 4434 2883 4504 collega
2903 4430 3135 4487 solebas
3159 4426 3375 4481 dicere.
3402 4423 3534 4476 Haec
3557 4418 3806 4473 audiens

2158 4506 2411 4603 populus
2443 4529 2862 4599 imperatorem
2895 4518 3193 4576 collaudat
3221 4533 3234 4581 ;
3269 4514 3437 4583 isque
3460 4527 3521 4563 re
3547 4506 3801 4577 cognita,

2080 4617 2129 4682 Ι)
2162 4620 2332 4675 lmtus
2363 4634 2497 4673 eum
2531 4616 2771 4670 domum
2805 4610 3076 4666 remittit.

2233 4706 2590 4763 Duodecimo
2622 4719 2777 4760 anno
2808 4706 3017 4757 contra
3055 4695 3444 4757 Gizerichum,
3494 4688 3593 4761 qui
3648 4687 3801 4743 Afri-

2159 4812 2289 4851 cam
2346 4793 2648 4850 obtinebat
2706 4796 2764 4846 et
2819 4790 2893 4846 ab
2952 4788 3112 4843 exitu
3169 4783 3444 4840 Marciani
3506 4783 3799 4835 Romanos

1608 4908 1964 4966 XYLANDRI
2002 4914 2089 4967 ET
2127 4912 2346 4968 GOARI
2385 4911 2607 4966 NOTAE.

469 5029 580 5102 (76)
615 5029 721 5094 Qui
754 5034 1097 5102 senescente
1127 5029 1388 5102 imperio
1410 5026 1733 5101 δομέστικος
1760 5039 1860 5101 τῆς
1890 5035 2044 5090 Ἀνα-

389 5097 721 5177 τολῆς,“τῶν
754 5097 1145 5177 ’ᾼνατολικῶ-ι,
1174 5097 1281 5153 τῶν
1307 5097 1510 5173 Ἐῲων,
1537 5107 1647 5155 τῶν
1671 5097 1917 5177 θεμάτων
1938 5114 2041 5174 τῆς

392 5168 715 5254 ‘avatolﬁc,
757 5170 828 5225 ab
861 5177 1099 5252 auctore
1131 5168 1452 5254 vocabitur,
1488 5174 1644 5229 idem
1665 5168 1871 5254 estqui
1890 5168 2043 5234 Lati-

388 5243 505 5325 nis,
538 5244 585 5297 si
618 5243 767 5297 bene
800 5242 1055 5311 conjicio
1096 5244 1409 5367 prmfectus
1454 5249 1731 5316 praetorio
1785 5242 2040 5305 Orientis

388 5313 621 5367 dicitur.
658 5313 797 5367 Vide
832 5313 1100 5367 Pancirol
1127 5330 1227 5367 um
1257 5315 1319 5367 in
1350 5317 1474 5367 Nol.
1510 5319 1643 5367 imn-
1680 5320 1861 5367 Gnm-

388 5313 623 5388 dicitur,
646 5313 797 5388 _Vide
832 5313 1227 5388 Pancirollum
1257 5315 1319 5369 in
1350 5313 1474 5371 ΝοΙῖ
1510 5319 1644 5388 imp.
1680 5320 1861 5374 Goan.

431 5385 666 5467 _(77)nld
697 5389 786 5467 e‘st
817 5400 1122 5467 sacrorum
1153 5385 1510 5467 hymnorum
1540 5385 1657 5445 sive
1681 5392 2037 5447 carminum.

387 5455 481 5510 Sic
511 5455 685 5511 infra.
718 5456 854 5519 XYL,
887 5485 955 5496 —
989 5455 1226 5511 Diversa
1254 5457 1503 5513 diversis
1535 5463 1747 5516 atl'ecta
1776 5463 2038 5516 nomini-

388 5526 497 5581 bus
513 5527 730 5608 Grmcis
743 5526 1051 5608 cantillant
1064 5527 1125 5581 in
1140 5527 1408 5584 ecclesiis
1425 5530 1783 5608 hymnorum
1796 5549 2035 5605 genera,

393 5613 423 5651 e
464 5598 685 5685 quibus
736 5598 1353 5685 quamplura'vocant
1406 5598 1692 5683 τροπάρια,
1752 5598 1896 5676 πᾶρὰ
1939 5607 2037 5656 τοῦ

387 5668 698 5741 τρέπεσθαι,
733 5668 806 5723 ad
834 5669 1023 5741 instar
1062 5669 1346 5725 nimirum
1398 5668 1685 5738 atioru'm,
1735 5668 1895 5729 velut
1946 5676 2034 5730 sui

393 5739 606 5795 cantus
636 5739 1089 5811 exemplarium,
1117 5742 1416 5812 vertenda,
1450 5744 1572 5800 sive
1612 5751 1680 5801 ut
1708 5747 1905 5817 aptius
1952 5747 2036 5801 di-

2152 5055 2304 5093 cam.
2340 5035 2667 5091 occinenda
2694 5050 2707 5086 :
2738 5032 2984 5086 modulos
3015 5030 3208 5085 vocavi
3242 5029 3303 5081 in
3344 5024 3703 5091 Eucholoyio,
3736 5024 3800 5072 ut

2152 5109 2223 5164 ad
2253 5109 2506 5164 aliorum
2540 5106 2758 5160 modum
2789 5104 2995 5158 metris
3026 5100 3385 5171 compositos
3418 5102 3469 5171 et
3506 5093 3795 5171 modulan-

2150 5181 2262 5235 dos.
2297 5177 2668 5235 Carminibus
2700 5175 2938 5245 quidem
2972 5163 3561 5245 iisqudeleganlibus
3587 5163 3796 5245 primi-

2148 5256 2245 5305 tus
2276 5250 2640 5304 edebantur:
2675 5238 2956 5315 deinceps
2987 5238 3118 5297 vero
3152 5238 3378 5297 servato
3433 5238 3795 5315 syllabarum

2150 5338 2399 5375 numero
2433 5325 2491 5374 et
2523 5317 2849 5389 quantitate
2892 5310 3203 5389 neglecta,
3242 5327 3467 5389 pressa,
3504 5310 3716 5389 _rudis.
3740 5315 3799 5363 et

2149 5398 2386 5446 austera
2408 5381 2882 5461 τῶν’τροπαρῖων
2942 5381 3305 5461 compositio
3362 5383 3565 5461 evasit,
3626 5381 3798 5461 cujus

2148 5461 2538 5517 nihilominus
2588 5455 2859 5515 auctores
2924 5455 3232 5528 poetarum
3293 5455 3506 5526 insigni
3555 5455 3796 5528 nomine

2148 5550 2443 5603 nusquam
2465 5549 2526 5586 se
2551 5530 2798 5603 professi
2826 5525 3042 5603 suntex
3062 5525 3505 5603 auctoratospe
3523 5525 3798 5603 tropariis

2149 5610 2205 5660 et
2236 5597 2441 5658 eorum
2474 5597 2663 5675 poetis
2700 5601 2941 5656 Allatius
2976 5606 3032 5654 et
3067 5599 3352 5654 Arcudius
3384 5598 3651 5669 pluribus
3674 5597 3797 5649 dis-

2147 5680 2481 5732 seruerunt.
2516 5677 2690 5730 Gosn.
