4126 6296
306 423 311 428 -
337 377 458 443 667

1689 384 2008 447 GEORGII
2051 381 2392 446 CEDRENI

3633 379 3776 440 668

598 487 620 506 .

341 521 631 592 majorem
683 519 745 575 in
793 521 1035 576 modum
1085 518 1460 594 deprmdatus
1511 527 1657 590 erat,
1710 539 1983 596 magnam

2125 521 2233 576 ιετᾶ
2265 521 2490 584 θάνατον
2522 523 2838 596 Μαρκιανοῦ
2872 522 2957 594 [Ρ.
2992 520 3116 592 350]
3162 519 3487 591 Ληϊςαμὲνου
3535 515 3772 573 στόλον

343 611 595 666 classem
649 611 864 677 emisit,
908 612 1174 667 collectis
1236 617 1370 668 1115
1423 612 1689 683 navibus,
1723 614 1866 668 viris
1926 613 1986 668 in

346 701 606 772 singulas
638 704 758 755 100.
783 701 846 756 ln
865 717 995 757 eam
1018 703 1288 774 impensa
1307 708 1444 758 sunt
1465 704 1628 759 aurei
1658 705 1986 759 sexcenties

345 789 736 862 quinquagies
766 791 948 860 mille,
981 793 1241 865 argentei
1287 792 1517 848 nummi
1562 793 1986 865 septingenties

345 877 508 934 mille
541 875 796 950 demptis
829 897 958 950 quae
991 896 1060 934 ex
1092 881 1301 936 aerario
1334 885 1569 953 sumpta
1618 886 1674 936 et
1721 898 1756 936 a
1802 883 1990 938 Roma

345 969 721 1042 suppeditata
749 974 908 1025 sunt.
942 973 1022 1026 Ea
1051 977 1251 1028 tamen
1279 977 1442 1028 tanta
1462 972 1668 1029 classis
1688 989 1751 1026 re
1774 972 1990 1028 infecta

347 1075 422 1112 ne
454 1060 700 1114 semisse
734 1059 974 1130 quidem
1007 1061 1266 1116 militum
1307 1063 1646 1134 superstite,
1668 1062 1864 1128 rediit,
1888 1061 1990 1118 du-

347 1148 526 1202 ctoris
541 1147 613 1202 ob
637 1147 1129 1220 imprudentiam:
1147 1150 1198 1205 is
1221 1151 1381 1206 enim
1395 1151 1653 1206 ostendit
1673 1158 1830 1207 recte
1853 1168 1988 1206 eum

349 1238 627 1304 sensisse,
685 1239 784 1308 qui
853 1236 1002 1293 dixit
1075 1241 1398 1296 exercitum
1468 1258 1775 1297 cervorum
1841 1240 1990 1296 duce

347 1325 542 1391 leone,
586 1331 869 1398 prmstare
920 1329 1203 1384 exercitui
1252 1329 1494 1386 leonum
1553 1347 1729 1402 quem
1787 1347 1992 1386 cervus

350 1416 544 1471 ducat.
577 1416 796 1472 Eodem
827 1433 982 1472 anno
1013 1419 1253 1492 Asparis
1286 1419 1445 1476 ﬁlius
1479 1419 1762 1493 patricius
1801 1419 1995 1476 Cmsar

350 1523 384 1560 a
417 1505 608 1560 Leone
652 1513 888 1561 creatur
939 1524 1005 1562 ac
1053 1505 1474 1564 Alexandriam
1521 1507 1798 1580 mittitur,
1855 1509 1995 1581 quia

347 1595 634 1665 Asparem
673 1594 745 1650 ab
797 1601 957 1652 secta
1008 1596 1332 1654 abduxerat
1379 1604 1438 1654 et
1485 1597 1594 1654 sibi
1643 1597 1992 1654 benevolum

351 1685 712 1742 reddiderat.

425 1861 662 1918 Decimo
695 1861 900 1932 quinto
931 1879 1086 1918 anno
1119 1863 1326 1918 beatus
1355 1863 1706 1936 Enthymius
1737 1862 1798 1918 in
1828 1862 1997 1918 Chri-

355 1956 443 2005 sto
475 1950 847 2020 obdormivit,
881 1967 1016 2006 eum
1047 1951 1289 2006 vixisset
1326 1968 1512 2007 annos
1545 1955 1634 2008 97.

417 2042 570 2095 614
601 2041 788 2102 Annis
833 2039 1130 2097 sexdecim
1184 2046 1243 2097 et
1289 2040 1712 2113 septemdecim
1770 2041 1994 2098 bellum

345 2135 550 2184 contra
583 2129 948 2184 Gizerichum
973 2129 1132 2184 varia
1160 2129 1398 2186 fortuna
1442 2135 1672 2204 gestum
1721 2131 1850 2186 fuit.

415 2220 582 2273 Anno
626 2218 690 2274 17
721 2235 822 2274 rex
845 2219 1094 2273 Zenonis
1126 2225 1181 2274 et
1212 2237 1332 2274 suae
1356 2219 1492 2274 lilia;
1513 2219 1784 2275 Ariadnae
1807 2219 1996 2276 ﬁlium

343 2307 602 2363 Leonem
659 2309 951 2362 Cassarem
1003 2305 1282 2363 declarat.
1351 2309 1511 2364 Tunc
1576 2309 1754 2364 etiam
1817 2309 1996 2364 vestis

347 2399 617 2470 Deiparm
643 2397 886 2470 virginis
924 2398 1352 2470 Hierosolymis
1378 2399 1490 2453 fuit
1520 2397 1720 2468 allata,
1760 2399 2000 2454 inventa

345 2487 500 2559 apud
535 2487 854 2558 quamdam
880 2485 1388 2560 religiosissimam
1409 2487 1756 2543 Hebraicam
1778 2489 1994 2544 mulie-

345 2593 473 2632 rem
525 2577 835 2649 virginem.
893 2579 964 2630 Et
1017 2575 1284 2648 reliquiae
1345 2575 1400 2632 S.
1449 2577 1778 2634 Anastasius
1826 2577 1999 2634 Nico-

241 2731 246 2734 _
351 2665 550 2722 media
580 2665 774 2722 allatas
806 2666 988 2737 inque
1029 2665 1158 2738 ejus
1206 2665 1344 2721 fauo
1391 2667 1664 2737 repositae
1711 2673 1868 2724 sunt.
1920 2669 2000 2722 Eo

351 2761 616 2826 tempore
649 2754 935 2812 Romulus
977 2753 1222 2826 quidam
1269 2755 1634 2828 Angustulus
1678 2755 2002 2828 imperator

349 2845 534 2901 Italia)
595 2845 678 2912 tit,
730 2841 904 2899 annis
956 2847 1092 2898 1060
1140 2849 1273 2916 post
1315 2843 1615 2900 conditam
1664 2861 1699 2900 a
1746 2845 1998 2901 Romulo

2099 610 2268 687 μέγαν
2299 605 2656 681 ἐξαπέστειλε,
2713 610 2864 685 ,αριγ’
2920 607 3092 664 πλοῖα
3145 605 3517 677 συναθροίσας,
3583 601 3776 682 ἔχον-

2092 719 2185 760 τος
2225 697 2451 754 ἑκάστου
2483 697 2584 752 ἇνὰ
2624 694 2819 772 ἄνδρας
2883 697 3088 754 ἑκατόν.
3145 703 3230 752 Ἐν
3273 698 3360 760 οἶς
3401 695 3775 765 κατεκενώθη

2095 787 2328 864 χρυσίου
2371 787 2416 863 ρ’
2463 789 2507 862 ρ’
2559 788 2613 858 ξὲ
2671 788 2786 862 (⁵78)
2837 785 2927 843 καὶ
2977 786 3216 863 ἀργύρου
3269 787 3314 856 ρ’
3363 786 3409 860 ρ’
3455 787 3522 854 ο’,
3582 782 3784 858 παρὶξ

2094 880 2204 932 τῶν
2239 875 2298 932 ἑκ
2327 879 2424 932 τοῦ
2478 875 2731 948 ταμιείου
2779 874 2868 930 καὶ
2919 879 3026 932 τῶν
3071 881 3173 946 τῆς
3217 875 3464 950 ἒσπερίας
3520 873 3786 950 Ῥώμης

2099 962 2422 1041 διδομένων.
2456 964 2559 1022 Καὶ
2593 965 2621 1020 6
2659 967 2914 1027 τοσοῦτος
2945 963 3142 1027 στόλος
3191 961 3464 1040 ἄπρακτος
3513 960 3611 1018 διὰ
3670 963 3789 1031 τήν

2097 1058 2196 1110 τοῦ
2247 1053 2677 1134 στρατηγοῦντος
2760 1049 3126 1109 κακοϐουλίαν
3213 1053 3562 1132 ὑπέστρεψεν,
3636 1047 3790 1107 οὐδὲ

2098 1143 2227 1208 τοὺς
2285 1145 2506 1218 ἡμίσεις
2561 1148 2668 1198 τῶν
2753 1143 3098 1218 στρατιωτῶν
3160 1142 3336 1204 σώους
3394 1139 3784 1222 διαφυλάξας*

2101 1233 2266 1310 ἔδειξε
2297 1235 2398 1314 γὰρ
2429 1236 2528 1306 ιὴν
2559 1235 2791 1312 γνώμην
2820 1233 3002 1305 ἀληθῆ
3035 1238 3132 1289 τοῦ
3153 1233 3424 1306 εἰπόντος,
3453 1234 3539 1290 ὅτι
3567 1239 3784 1310 πρεῖσ-

2103 1325 2194 1380 σόν
2238 1325 2351 1380 ἐστι
2405 1320 2767 1400 στρατόπεδον
2820 1321 3034 1401 ἑλάφων
3090 1324 3404 1400 ἠγκυμὲνου
3463 1322 3706 1386 λέοντος
3743 1324 3783 1393 ἣ

2104 1409 2462 1490 στρατόπεδον
2507 1411 2739 1470 λεόντων
2771 1411 3078 1490 ἡγουμένου
3107 1411 3334 1492 ἐλάφου.
3369 1415 3465 1488 Τῷ
3520 1411 3566 1468 δ’
3604 1414 3780 1486 αὐτῷ

2103 1501 2208 1560 ἔτει
2237 1503 2324 1560 καὶ
2357 1505 2385 1558 6
2417 1504 2695 1579 Ἀσπαρος
2737 1505 2850 1578 (70)
2899 1503 3016 1565 υίὸς
3074 1501 3359 1578 πατρίκιος
3418 1501 3490 1558 ὢν
3543 1506 3783 1580 Καῖσαρ

2101 1588 2247 1669 παρὰ
2313 1597 2410 1648 τοῦ
2479 1591 2712 1658 Λέοντος
2763 1593 2995 1668 γίνεται,
3077 1591 3170 1647 καὶ
3244 1589 3297 1647 ἒν
3374 1588 3786 1668 Ἀλεξανδρείᾳ

2102 1685 2379 1758 πέμπεται
2412 1678 2504 1737 διὰ
2533 1683 2595 1737 τὸ
2627 1679 2849 1737 ἑλκῦσαι
2879 1680 2972 1737 τὸν
3003 1684 3253 1756 Ἅσπαρα
3278 1677 3342 1736 ἒκ
3385 1687 3485 1752 τῆς
3536 1681 3786 1758 Ἀρεια-

2103 1779 2261 1842 νικῆς
2289 1769 2450 1843 δόξης
2481 1771 2572 1826 καὶ
2604 1770 2804 1826 εὐνοεῖν
2837 1777 3064 1840 ποιῆσαι
3093 1775 3170 1843 τῷ
3203 1768 3439 1845 βασιλεῖ.

2175 1866 2265 1935 Τῷ
2301 1865 2358 1917 ιε’
2397 1855 2504 1918 ἔτει
2535 1859 2564 1917 6
2594 1862 2743 1925 ’ὀσιος
2777 1861 3054 1936 Εὖθύμιος
3083 1860 3136 1917 ἐν
3189 1865 3408 1935 Χριστῷ
3454 1859 3776 1938 ἐκοιμήθη,

2107 1953 2272 2024 ζήσας
2303 1948 2395 2022 ἔτη
2429 1951 2531 2027 ιιζη

2175 2041 2266 2113 Τῷ
2299 2041 2366 2104 ις’
2395 2039 2487 2094 καὶ
2523 2044 2584 2109 ιζ’
2613 2031 2719 2094 ἔτει
2749 2039 2815 2093 τὰ
2844 2041 2940 2093 τοῦ
2991 2039 3280 2114 Γιζερίχου
3319 2037 3570 2114 πολέμου
3616 2039 3779 2097 ἄλλο

2107 2128 2190 2186 ἐπ’
2231 2127 2386 2203 ἄλλῳ
2419 2123 2710 2184 συνέϐαινε.

2179 2223 2272 2292 Τῷ
2307 2225 2368 2290 ιζ’
2397 2217 2545 2274 Λέων
2579 2219 2606 2274 6
2642 2217 2898 2294 βασιλεὺς
2951 2215 3152 2274 Λέοντα
3197 2217 3290 2274 τὸν
3331 2220 3586 2290 Ζήνωνος
3649 2221 3778 2275 υἱὸν

2110 2309 2201 2365 καὶ
2233 2307 2519 2386 Ἀριάδνης
2576 2315 2678 2378 τῆς
2726 2304 2866 2371 ἰδίας
2917 2309 3202 2386 θυγατρὸς,
3261 2309 3452 2365 ἑαυτοῦ
3503 2305 3563 2365 δὲ
3607 2307 3783 2386 ἔγγο-

2109 2420 2226 2468 νον,
2282 2396 2476 2474 στέψας
2553 2395 2780 2474 βασιλέα
2866 2400 2978 2476 (80)
3059 2397 3402 2475 ἀνηγόρευσε.
3489 2399 3631 2455 Τότε
3681 2400 3780 2456 καὶ

2111 2493 2146 2561 ἡ
2199 2488 2362 2560 ἐσθής
2417 2495 2518 2559 τῆς
2577 2488 2869 2566 ὑπεραγίας
2918 2487 3184 2544 Θεοτόκου
3247 2487 3297 2561 ἐξ
3354 2486 3775 2564 Ἱεροσολύμων

2109 2580 2285 2654 ἢχθη,
2345 2579 2622 2655 εὑρεθεῖσα
2679 2579 2825 2654 παρά
2901 2599 3010 2634 τινι
3095 2572 3465 2653 εὐλαϐεστάτῃ
3546 2579 3774 2656 γυναικῖ

2110 2662 2350 2742 Ἑϐραίῳ
2392 2666 2666 2744 παρθένῳ.
2720 2666 2823 2724 Καὶ
2871 2667 2937 2722 τὰ
2985 2664 3212 2742 λείψανα
3263 2673 3362 2736 τῆς
3410 2667 3564 2742 ἁγίας
3607 2672 3770 2724 Ἀνα-

2111 2756 2330 2818 στασίας
2375 2757 2480 2813 ἀπὸ
2538 2753 2917 2830 Νικομηδείας
2955 2755 3315 2832 ἀνεκομίσθη,
3363 2757 3450 2812 καὶ
3506 2756 3656 2826 ἐτέθη
3707 2755 3765 2812 ἐν

2107 2850 2186 2918 τῷ
2213 2851 2326 2918 ναῷ
2357 2845 2524 2916 αὐτῆς
2557 2848 2694 2920 (81).
2745 2846 2832 2902 Ἐν
2884 2843 3060 2918 τούτῳ
3109 2849 3189 2918 τῷ
3243 2849 3419 2920 καιρῷ
3471 2843 3762 2918 Ῥωμύλος

351 2938 618 2992 Romam.
680 2936 889 3006 Itaque
947 2933 1278 2990 Occidentis
1325 2933 1666 3008 imperium,
1733 2934 1891 3008 quod
1967 2952 2002 2992 a

2125 2956 2192 2997 ιις
2246 2933 2475 3002 ἐπίκλην
2531 2931 2945 3008 Αὐγουστάλιος
2994 2934 3105 3006 (82)
3156 2933 3502 3008 αὐτοκρατωρ
3551 2939 3650 3002 τῆς
3697 2931 3753 2986 ἐν

349 3023 600 3079 Romulo
634 3023 893 3094 primum
923 3023 1160 3078 initium
1191 3019 1421 3093 habuit,
1453 3025 1619 3080 tanto
1665 3028 1799 3096 post
1852 3027 1998 3080 tem-

351 3131 493 3186 pore
525 3114 588 3168 in
618 3113 735 3167 alio
765 3113 1016 3170 Romulo
1047 3111 1246 3168 desiit.

2109 3023 2318 3097 Ἰταλίᾳ
2348 3021 2630 3100 βασιλείας
2659 3023 3000 3092 καθίσταται,
3036 3022 3171 3096 μετὰ
3217 3019 3377 3098 χίλια
3425 3019 3754 3099 ὀγδοήκοντα

2113 3105 2208 3184 ἔτη
2239 3109 2534 3186 Ῥωμύλου
2569 3109 2842 3187 βασιλέως
2889 3115 2986 3167 τοῦ
3032 3111 3132 3183 τήν
3173 3113 3398 3185 Ῥώμην
3451 3109 3756 3174 κτίσαντος.

353 3199 707 3275 Σημειωτὲον
765 3197 822 3254 δὲ
881 3201 954 3262 ὡς
1005 3199 1111 3256 ἀπὸ
1169 3198 1460 3276 Ῥωμύλου
1490 3204 1524 3272 ἡ
1557 3207 1658 3275 τῆς
1711 3200 1974 3279 Ἐσπὲρας
2034 3201 2318 3277 ἀκμάσασα
2379 3200 2630 3278 βασίλεία
2685 3200 2852 3258 πάλιν
2913 3201 3018 3258 ὑπὸ
3074 3201 3365 3276 Ῥωμύλου
3420 3200 3511 3257 ἐπὶ
3565 3201 3772 3257 τοσού-

354 3311 482 3350 τους
513 3287 779 3344 ἐπαύσατο
814 3289 1068 3364 χρόνους.

425 3381 569 3434 Cum
603 3381 715 3434 Leo
734 3379 942 3450 junior
973 3384 1130 3436 esset
1155 3383 1353 3436 Caesar
1388 3387 1621 3438 creatus
1653 3387 1710 3436 et
1731 3386 2002 3454 equestre
2033 3385 2076 3452 α

358 3467 762 3540 spectaculum
793 3467 1090 3534 ederetur,
1121 3469 1269 3526 hora
1317 3467 1438 3525 diei
1485 3476 1650 3526 sexta
1700 3472 2008 3542 profundas

2186 3377 2654 3457 Ἀναγορευθὲντνς
2682 3379 2861 3436 τοίνυν
2906 3383 3005 3434 τοῦ
3059 3383 3256 3456 μικροῦ
3309 3377 3562 3454 Λέοντος,
3613 3380 3777 3437 ἱππι-

2115 3475 2214 3526 κοῦ
2237 3469 2504 3547 ἀγομένου
2535 3467 2651 3544 ὥρᾳ
2684 3475 2726 3532 ς’
2773 3475 2872 3538 τῆς
2931 3469 3140 3544 ἡμέρας
3192 3467 3385 3530 σκότος
3445 3471 3586 3546 βαθὺ
3645 3468 3778 3525 ἐκάη

358 3558 618 3614 tenebrae
641 3557 850 3613 urbem
883 3562 1174 3629 texerunt,
1209 3563 1266 3614 et
1292 3560 1400 3614 sub
1422 3559 1568 3614 nivis
1590 3561 1784 3632 specie
1804 3562 2002 3616 cinere

2125 3561 2250 3634 λυψε
2279 3561 2377 3628 τήν
2435 3556 2623 3627 πόλιν,
2679 3557 2876 3634 ἀθρόον
2937 3553 2994 3612 δὲ
3050 3557 3102 3612 ἐν
3155 3553 3286 3614 εἴδει
3349 3559 3570 3636 νιφετοῦ
3627 3557 3771 3628 ὕσθη

358 3648 652 3704 immenso
709 3647 881 3720 pluit,
942 3647 1200 3703 nubibus
1248 3649 1418 3720 quasi
1479 3649 1611 3722 igne
1681 3649 2006 3707 canderent

366 3739 809 3810 apparentibus,
835 3739 919 3794 ita
941 3743 1005 3792 ut
1025 3754 1198 3794 nemo
1221 3755 1342 3794 non
1368 3741 1604 3810 putaret
1626 3739 1761 3812 igne
1778 3739 2002 3814 pluere.

361 3829 519 3884 Cinis
547 3829 620 3884 ad
649 3828 829 3901 palmi
862 3827 1238 3886 altitudinem
1261 3827 1468 3901 jacuit.
1503 3829 1684 3884 Porro
1717 3845 1852 3884 cum
1892 3829 2002 3884 Leo

2111 3649 2282 3718 κόνις,
2337 3649 2844 3722 πεπυρακτωμὲνων
2901 3650 3009 3702 τῶν
3090 3649 3264 3724 νεφῶν
3347 3646 3772 3724 προφανέντων,

2116 3738 2189 3798 ὡς
2221 3737 2462 3810 νομίζειν
2495 3737 2696 3798 πάντας
2721 3734 2804 3790 ὅτι
2838 3739 2942 3810 πῦρ
2997 3733 3205 3811 βρέχει·
3265 3735 3358 3790 καὶ
3412 3735 3502 3794 ἐπὶ
3553 3735 3775 3793 παλαι-

2117 3827 2246 3897 στήν
2279 3825 2432 3896 ἐτέθη
2465 3828 2498 3895 ἡ
2531 3825 2700 3888 κόνις.
2749 3827 2857 3881 Τοῦ
2906 3820 2964 3879 δὲ
3014 3821 3286 3900 βασιλέως
3343 3821 3570 3888 Λέοντος
3627 3826 3767 3901 ῥευ-

1561 3946 1928 4002 XYLANDRI
1967 3947 2052 4001 ET
2091 3945 2304 4001 GOARI
2345 3945 2566 4001 NOTAE.

437 4058 944 4134 (78)Ι)ιι[›1ἰοειιιιῐιι
961 4079 1024 4134 ρρ
1039 4061 1299 4134 positum
1314 4066 1522 4134 estpro
1538 4077 1714 4133 porro
1729 4065 1870 4118 nota
1883 4077 2016 4118 ceu.

363 4131 536 4199 narii,
580 4133 808 4203 fuitque
832 4131 1176 4188 vertendum
1197 4133 1325 4188 auri
1348 4131 1722 4190 centenarios
1743 4136 1832 4202 63,
1856 4139 1913 4189 et
1930 4150 2018 4189 ar-

365 4205 526 4278 genti
555 4205 927 4266 centenarios
973 4207 1059 4278 70.
1091 4204 1155 4278 Id
1185 4221 1321 4260 cum
1352 4205 1480 4278 ipsa
1514 4222 1578 4261 re
1625 4205 2014 4278 deprehendi,

367 4275 592 4359 t_um_ex
623 4277 975 4359 repetitione
1016 4275 1578 4359 hujus_notael_in}ra
1627 4275 2015 4359 in’_Micha_e‘10

364 4345 764 4420 Paphlagone,
800 4349 871 4403 de
902 4345 1147 4420 avaritia
1193 4345 1569 4420 Theophanis
1623 4349 2018 4420 metropolitaa

366 4418 758 4478 Tessalonicei
787 4436 800 4486 ;
831 4420 934 4474 ubi
967 4418 1126 4491 idem
1157 4435 1304 4491 cum,
1325 4419 1476 4474 libra
1497 4419 1700 4491 fuisse
1748 4418 2014 4491 apparet.

365 4493 567 4562 Neque
595 4498 683 4550 est
705 4492 973 4561 ignotum
995 4489 1209 4546 libram
1231 4490 1408 4562 etiam
1428 4490 1650 4546 minam
1672 4489 1876 4548 fuisse.
1903 4493 2018 4548 Re-

370 4561 593 4636 petitur
611 4568 815 4636 postea
861 4562 986 4615 Zoaa
1039 4566 1174 4630 post
1219 4561 1556 4636 Calaphatis
1582 4568 1853 4636 Amortem
1901 4563 2012 4618 im-

371 4632 558 4705 peric,
590 4632 690 4690 ubi
723 4639 1133 4705 memorantur
1161 4632 1514 4705 centenaria
1541 4633 1631 4696 ‘53,
1681 4635 2019 4702 πεντήκοντα

371 4700 494 4778 τρία
526 4701 962 4778 ᾱίεοτιοηΑριιά
993 4703 1346 4774 Procopium
1379 4710 1467 4778 est
1497 4700 1854 4778 Leo_ne_m_in
1906 4705 2020 4760 hoc

372 4774 598 4833 bellum
629 4774 820 4830 millia
840 4779 1102 4845 trecenta
1122 4790 1416 4845 erogasse.
1433 4775 1473 4828 l.
1507 4792 1566 4830 ιιι
1591 4775 1664 4829 de
1690 4775 1848 4830 bello
1868 4777 2022 4830 Van-

371 4848 585 4932 dalico,
616 4847 772 4932 apud
801 4844 1199 4932 Nicephqrum
1227 4844 1332 4932 ἓν,
1365 4849 1432 4900 2e
1458 4847 1638 4928 mille.
1663 4851 1722 4932 et
1767 4847 2024 4932 ducenta

372 4915 717 4978 centenaria
747 4919 876 4975 auri
909 4915 1192 4989 pondera.
1227 4917 1360 4989 Haec
1399 4934 1576 4987 quam
1624 4917 1780 4989 inter
1835 4933 1896 4972 se
1963 4923 2022 4971 et

369 5007 504 5051 cum
535 4992 801 5050 Cedreno
831 4988 1229 5056 consentiant,
1272 4988 1500 5060 ignoro.
1541 4988 1758 5060 Quodsi
1807 4989 2022 5045 horum

367 5063 1104 5138 scriptorumialterutrum
1125 5059 1319 5116 Graece
1357 5059 1876 5138 l_i_cuisset_audire._
1889 5060 2020 5138 fieri

366 5131 602 5212 poterat
631 5144 697 5193 ut
724 5135 958 5212 facilius
988 5131 1338 5212 divinarem.
1362 5131 1504 5186 ΧΠ..
1535 5165 1608 5212 τ-
1625 5131 1750 5212 Duo
1774 5131 1838 5204 ρ’,
1863 5131 2023 5188 linea

367 5203 706 5266 7transversa
735 5207 944 5262 adacta
975 5203 1152 5260 simul
1183 5219 1320 5276 eum
1351 5209 1602 5260 accentu
1632 5203 1870 5276 utrique
1919 5219 2020 5276 su—

368 5283 693 5352 perposito,
737 5283 780 5352 p‘
803 5277 872 5352 _p',
907 5293 984 5352 ex_
1035 5276 1193 5352 notis
1246 5275 1582 5352 Graecorum
1631 5273 2022 5352 arithmeticis

368 5345 539 5422 putat
585 5345 892 5421 Xylander
937 5347 1276 5422 signiﬁcare
1324 5345 1700 5422 κεντῃνᾷριον,
1767 5347 1841 5402 ab
1892 5347 2020 5417 ipso

368 5419 882 5486 inillenis'aureis,
926 5420 1098 5490 juxta
1144 5419 1386 5491 Joannis
1421 5419 2020 5491 rKah’lcomputum,

371 5493 749 5548 aastimatum.
797 5489 1038 5546 Erudite
1081 5489 1342 5560 quidem.
1399 5490 1474 5560 At
1527 5490 1630 5546 ubi
1676 5493 1742 5544 65
1789 5489 2020 5546 tantum

370 5565 500 5619 auri
528 5561 846 5619 centenaria
885 5559 1192 5628 enumera,
1243 5559 1464 5630 argenti
1507 5578 1642 5617 vero
1680 5561 1772 5627 '70,
1827 5561 2024 5617 videat

372 5651 552 5706 quam
581 5649 761 5706 parva
785 5633 861 5686 sit
892 5648 1143 5696 summa,
1179 5648 1308 5706 quae
1337 5638 1395 5685 et
1443 5633 1755 5706 exercitui_
1779 5639 2021 5706 centum

369 5700 563 5762 millia
582 5700 907 5762 hominum
938 5701 1242 5772 superanti
1273 5705 1331 5755 et
1370 5700 1790 5758 exhauriendis
1843 5703 2020 5775 regiis

2129 4060 2356 4117 agrariis
2385 4060 2528 4115 satis
2557 4060 2651 4114 sit.
2683 4059 3068 4131 Theophanes
3119 4057 3194 4114 ad
3243 4058 3382 4131 i300
3428 4059 3778 4114 centenario.

2125 4133 2283 4189 clare
2305 4131 2512 4188 scribit
2527 4129 2886 4199 ascendisse,
2916 4131 3011 4187 cui
3033 4129 3332 4202 consentit
3353 4131 3676 4202 Procopius
3697 4131 3773 4186 ab

2125 4205 2253 4276 ipso
2285 4201 2584 4274 Xylandro
2616 4203 2850 4276 citatus,
2883 4219 2992 4257 nec
3021 4201 3092 4276 ab
3123 4201 3437 4276 utriusque
3495 4201 3774 4276 computo

2124 4271 2238 4332 nisi
2273 4271 2374 4330 100
2406 4275 2764 4346 centenariis
2794 4273 2974 4330 distat
3003 4271 3402 4346 Nicephorus:
3439 4272 3598 4328 unde
3623 4271 3770 4327 mihi

2124 4347 2314 4418 liquet
2342 4345 2706 4418 Xylandrum
2738 4347 2874 4418 1225
2924 4345 3284 4418 centenariis
3329 4360 3465 4418 vero
3521 4361 3768 4418 numero

2125 4415 2454 4482 aberrasse,
2513 4417 2604 4470 vel
2649 4416 2801 4472 male
2852 4421 3022 4471 notas
3078 4416 3482 4472 arithmeticas
3531 4415 3764 4487 legisse.

2125 4491 2300 4545 GOAR.

2194 4561 2310 4631 ('79)
2340 4560 2505 4625 Quod
2537 4559 2610 4614 de
2641 4557 2882 4631 Asparis
2913 4558 3036 4631 filio
3085 4559 3374 4629 sequitur.
3414 4557 3760 4631 male_con-

2128 4629 2437 4703 gruit'cum
2457 4631 2710 4703 aliorum
2729 4629 3145 4703 historicorum
3161 4631 3494 4684 narratione
3508 4633 3563 4681 et
3575 4629 3758 4682 Zona-

2129 4698 2195 4758 ra
2210 4704 2660 4774 Nicephoroque
2681 4701 2740 4774 in
2758 4698 2987 4774 primis.
3006 4699 3352 4772 videturque
3374 4715 3609 4774 prorsus
3630 4714 3759 4774 esse

2128 4770 2447 4846 aliquid—ex
2478 4770 2776 4846 mutilatis
2791 4773 3058 4846 versibus
3089 4770 3421 4846 consulum.
3455 4770 3764 4842 Ethymius

2128 4843 2456 4903 monachus
2486 4845 2616 4913 fuit,
2657 4844 2728 4899 de
2759 4861 2876 4914 quo
2907 4844 3002 4898 hic
3033 4843 3194 4914 loqui
3232 4843 3562 4899 Cedrenum
3593 4859 3764 4897 cons-

2129 4923 2216 4973 tat
2249 4935 2319 4972 ex
2348 4915 2676 4988 Nicephoro
2704 4932 2816 4982 xw,
2849 4915 3114 4988 52.‘Xvi..

2203 4989 2316 5070 (80)
2348 4990 2429 5042 Ex
2459 4985 2572 5070 q—u‘o
2597 4987 2796 5070 forsan
2818 4985 3100 5069 profluxit
3119 5002 3272 5070 mos,
3295 4991 3362 5044 ut
3378 5003 3527 5070 quos
3549 4985 3768 5058 posteri

2130 5057 2428 5132 principes
2459 5057 2714 5132 collegas
2744 5057 2978 5130 imperii
3008 5064 3302 5132 crearent,
3351 5057 3591 5132 eosdem
3616 5073 3774 5132 quo-

2131 5127 2246 5202 que
2277 5127 2457 5186 manu
2487 5127 2726 5202 propria
2753 5127 3123 5186 coronarent.
3167 5127 3470 5185 Videndus
3515 5127 3773 5185 Codinus

2131 5219 2180 5260 c.
2216 5219 2355 5257 xvn.
2390 5204 2566 5258 Gem.

2201 5274 2310 5345 (81)
2342 5273 2580 5345 Triplici
2605 5272 2680 5345 de
2711 5287 2889 5328 causa
2943 5271 3232 5345 templum
3285 5271 3400 5328 hoc
3447 5269 3774 5345 anastasiaa

2129 5341 2349 5401 nomen
2383 5341 2680 5416 praetulit:
2743 5359 2923 5400 unam
2981 5341 3087 5400 hic'
3132 5349 3340 5416 auctor
3383 5341 3583 5411 refert,
3629 5343 3775 5398 duas

2129 5416 2278 5473 alias
2310 5415 2410 5471 foli.
2454 5418 2555 5470 315
2587 5420 2944 5472 memoratas
2975 5415 3260 5486 reperies.
3295 5416 3471 5472 GOAR.

2200 5491 2312 5558 (82)
2343 5487 2508 5553 Quod
2575 5487 2938 5559 Augustulum
2996 5485 3224 5559 scripsi
3265 5503 3372 5559 pro
3420 5485 3778 5558 Augustalio.

2129 5556 2401 5615 auctores
2432 5558 2818 5629 correctiores
2851 5563 3088 5614 secutus
3117 5556 3345 5628 fecifut
3377 5564 3435 5614 et
3463 5556 3570 5629 pro
3599 5559 3778 5613 Bere-

2129 5633 2264 5687 nica
2304 5631 2580 5687 Verinam.
2613 5627 2750 5686 Χη.
