4126 6296
364 303 484 365 669

1505 296 2045 366 HISTOHlAHUM
2085 298 2644 366 GOMPENDIUM.

3658 302 3778 365 670

386 436 657 510 ματισμὸν
697 436 928 510 γαστρὸς
986 433 1320 497 ὑποστάντος
1377 435 1468 489 καὶ
1532 431 1731 497 δεινοῖς
1787 432 1998 509 κέντροι

2143 434 2466 506 imperator
2496 438 2781 509 profluvio
2814 438 3032 495 ventris
3063 436 3382 507 laboraret,
3414 440 3594 508 atque
3620 435 3780 492 intus

367 525 433 581 τὰ
489 523 639 579 ἔνδον
700 524 1090 598 ἐλαυνομένου,
1150 522 1345 597 ἤλεγξε
1384 524 1447 579 τὸ
1502 525 1671 586 πάθος
1712 526 1810 593 τὴν
1843 524 2020 597 ἰατρι-

373 616 472 683 κῆν
528 612 736 691 τάχνην
790 612 844 667 ἐν
902 609 1170 674 κινδύνοις
1227 609 1499 687 ἄπρακτον
1553 613 1842 691 ὑπάρχειν.
1876 613 2022 675 Καθ-

373 706 630 777 εζομένου
684 704 784 778 γαρ
836 701 999 757 αὐτοῦ
1058 701 1145 757 ἐπὶ
1205 709 1303 771 τῆς
1361 699 1579 774 ἀμίδος,
1639 703 1738 757 κᾶν
1794 721 1853 758 τε
1891 702 2018 757 ’ὀπι-

376 795 488 848 σθεν
521 792 688 847 αὐτοῦ
735 794 801 860 ἦν
853 793 915 846 τὸ
953 789 1014 847 ἐκ
1068 796 1166 846 τοῦ
1223 791 1395 867 πυρὸς
1452 794 1567 869 φῶς
1597 791 1692 847 κᾶν
1724 812 1782 847 τε
1811 789 2017 864 ἔμπρο-

376 894 515 951 σθεν,
548 878 638 936 διὰ
675 887 774 950 τῆς
828 884 1059 958 γαστρὸς
1114 881 1205 935 καὶ
1258 884 1355 936 τοῦ
1410 882 1587 936 νώτου
1619 879 1886 955 ἱφαίνετο.
1922 879 2020 933 Καὶ

372 970 457 1028 ἐπὶ
511 974 772 1026 τοσοῦτον
821 970 1211 1044 κατισχνωθείς
1267 969 1606 1041 ἐτελεύτησε,
1652 969 1743 1025 καὶ
1774 964 1930 1038 ἰτέθη
1958 967 2020 1022 τὸ

371 1066 527 1133 σῶμα
558 1059 723 1115 αὐτοῦ
773 1058 825 1114 ἐν
886 1059 1115 1133 λάρνακι
1171 1062 1419 1131 πρασίνῳ
1477 1058 1529 1114 ἐν
1588 1064 1667 1131 τῷ
1722 1060 1894 1132 ἡρῴῳ
1921 1061 2019 1113 τοῦ

371 1149 626 1225 Μεγάλου
679 1148 1301 1231 ΚωνσταντίνουηοΓυνή
1384 1146 1441 1203 δὲ
1517 1151 1717 1204 τούτου
1784 1147 2016 1223 Βηρίνη,

370 1238 577 1319 ἀδελφὴ
612 1237 960 1307 Βασιλίσκου,
994 1238 1051 1300 ὅς
1102 1242 1198 1293 τοῦ
1246 1238 1383 1293 κατὰ
1411 1238 1698 1313 Γιζερίχου
1729 1232 2015 1300 σταλέντος

374 1328 615 1405 μεγάλου
648 1327 847 1383 στόλου
878 1327 1096 1402 ἐξῆρχε.

434 1414 582 1470 Λέων
632 1416 659 1469 ὁ
715 1416 965 1485 Ζήνωνος
1020 1414 1135 1476 υἱὸς
1186 1415 1276 1470 καὶ
1336 1412 1654 1491 Ἀριάδνης,
1714 1416 1912 1486 νήπιος
1938 1411 2018 1468 ἔτι

367 1501 461 1574 ὢν,
496 1499 754 1577 βασιλεὺς
785 1501 1202 1580 προχειρίζεται
1256 1504 1403 1577 παρὰ
1456 1505 1554 1558 τοῦ
1591 1502 1817 1557 πάππου
1846 1503 2014 1556 αὐτοῦ

366 1590 620 1667 Μεγάλου
675 1593 921 1653 Λέοντοςσ
1002 1591 1064 1654 ’ὸς
1148 1587 1485 1647 ἐϐασίλευσεν
1546 1593 1696 1665 [351]
1755 1589 1871 1653 ἔτος
1932 1587 2011 1660 ἓν,

364 1683 449 1737 καὶ
484 1683 678 1757 στέψας
732 1683 824 1737 τὸν
886 1680 1021 1737 ἴδιον
1080 1684 1283 1759 πατέρα
1340 1684 1587 1753 Ζήνωνα,
1642 1682 1877 1757 Βηρίνης
1922 1681 2012 1737 καί

363 1769 655 1845 ’Δριάδνης
690 1770 1070 1846 συναραμένων
1110 1770 1282 1842 αὐτῷ,
1311 1770 1653 1842 ὶτελεύτησε.

438 1866 621 1934 Ζήνων
647 1861 934 1937 Ῥωμαίων
995 1857 1250 1937 βασιλεὺς
1306 1858 1398 1933 ἔτη
1457 1864 1536 1931 κζ’
1600 1868 1768 1936 μῆνας
1798 1859 2007 1935 δ’(83),

368 1952 634 2028 αἱρετικὸς
668 1960 765 2018 τῆς
822 1958 1154 2027 συγχυτικῆς
1211 1953 1466 2027 αἱρέσεως
1523 1958 1633 2007 τῶν
1667 1951 2005 2027 Ἀκευάλων.

371 2044 493 2099 Ἐπὶ
522 2041 712 2097 τούτου
742 2040 958 2112 ἐκτίσθη
1016 2042 1078 2096 τὸ
1132 2042 1480 2117 ’Δμμώριον.
1512 2041 1720 2099 Τούτου
1748 2046 1828 2115 τῷ
1857 2043 2008 2117 πρώ-

369 2154 448 2205 τῳ
479 2131 582 2187 ἔτει
621 2130 671 2187 ἐν
720 2131 1038 2205 προοιμίοις
1089 2130 1512 2205 Μεσοποταμίαν
1546 2133 1638 2204 μὲν
1676 2132 2007 2207 Σαρακηνοὶ,

367 2220 579 2295 Θρᾴκην
641 2219 698 2277 δέ
760 2219 1097 2295 κατέδραμον
1162 2221 1381 2291 Οὗννοι,
1452 2218 1657 2301 σφόδρα
1715 2226 1831 2283 τοῖς
1871 2219 2011 2295 πρά-

364 2333 536 2386 γμασι
586 2315 765 2374 κακῶς
821 2310 1228 2385 λυμαινομένου
1282 2317 1380 2366 τοῦ
1433 2311 1722 2387 βασιλέως,
1753 2312 1843 2366 καὶ
1874 2308 2007 2381 ἡδο-

364 2406 480 2465 ναῖς
524 2402 748 2464 ἀτόποις
806 2401 896 2456 καί
956 2400 1239 2478 πράγμασι
1299 2399 1689 2477 σχολάζοντος.
1720 2400 1819 2458 Ἦν
1847 2401 1947 2477 γὰρ
1981 2401 2009 2456 6

364 2493 547 2563 Ζήνων
575 2499 675 2561 τῆς
705 2492 968 2562 κακίστης
995 2491 1084 2547 καὶ
1131 2489 1410 2566 εἶδεχθοῦς
1464 2494 1643 2567 γενεᾶς
1694 2494 1803 2545 τῶν
1835 2491 2010 2547 Ἴσα-3-

365 2601 491 2656 ρων,
553 2578 715 2645 δασύς
770 2602 830 2636 τε
881 2580 972 2635 καὶ
1031 2577 1464 2656 είδεχθέστατος,
1514 2578 1697 2655 ὥσπερ
1738 2578 2012 2650 ’Έλληνες

369 2675 707 2750 ζωγραφοῦσι
764 2670 855 2725 τὸν
915 2675 1063 2725 Πᾶνα
1116 2667 1461 2746 τραγοσκελῆ
1513 2668 1604 2724 καὶ
1637 2666 2008 2743 δασύκνημον,

369 2761 464 2830 τήν
493 2760 687 2835 χροιὰν
723 2758 916 2833 μέλας,
955 2761 1053 2828 τὴν
1098 2757 1317 2828 ἡλικίαν
1351 2752 1730 2831 ἀσύμϐλητος,
1761 2757 2008 2833 ὀργίλος,

368 2849 691 2923 μνησίκακος
773 2848 862 2903 καὶ
948 2847 1144 2926 φθόνου
1233 2848 1444 2922 μεστός.
1500 2847 1642 2917 Γυνὴ
1701 2843 1758 2902 δὲ
1813 2847 2007 2902 τούτου

364 2935 641 3012 ἰκριάδειη.
677 2935 1004 2999 Βασιλίσκος
1036 2933 1093 2992 δὲ
1126 2937 1153 2991 6
1184 2942 1424 3011 Βηρινης
1469 2933 1726 3008 ἀδελφὸς,
1758 2933 1812 2989 έν
1844 2937 2007 3011 Ἠρα-

360 3026 516 3100 κλείᾳ
574 3023 862 3103 διατρίϐων
918 3030 1016 3097 τῆς
1078 3026 1317 3104 Θρᾴκης,
1369 3024 1650 3081 ἴστασίασε
1706 3027 1841 3081 κατὰ
1896 3027 2005 3096 Ζή-

362 3137 543 3182 νωνος·
595 3120 651 3174 δν
709 3113 970 3196 φοϐηθεὶς
1029 3118 1057 3173 6
1116 3120 1301 3188 Ζήνων
1356 3116 1448 3172 σὺν
1498 3114 1760 3191 Ἀριάδνῃ
1792 3119 1860 3191 τῇ
1893 3113 2004 3188 ἰδίᾳ

364 3210 569 3284 γυναικὶ
623 3179 732 3265 καὶ⁸
774 3210 1054 3284 χρήμασιν
1109 3209 1313 3271 ἱκανοῖς
1371 3179 1577 3286 φεύγει⁸
1607 3205 1682 3271 είς
1733 3179 1998 3282 ίίσάυρίαν
2034 3179 2076 3246 C

360 3297 491 3352 κατὰ
520 3319 570 3353 τι
602 3300 859 3375 φρούριον
913 3297 1115 3373 ὀχυρὸν
1168 3292 1389 3372 Οὕϐαρα
1435 3295 1799 3369 καλούμενον.
1844 3301 2009 3351 Βασι-

361 3386 554 3450 λίσκος
619 3386 675 3443 δέ
741 3385 791 3443 έν
861 3392 939 3459 τῷ
1022 3386 1227 3463 κάμπῳ
1316 3385 1654 3463 ἀνηγορεύθη
1728 3384 2005 3463 βασιλεὺς,

362 3479 585 3549 Μάρκον
617 3499 675 3533 τε
729 3476 819 3532 τὸν
882 3476 996 3532 υἱὸν
1058 3474 1296 3552 Καίσαρα
1328 3474 1570 3548 ἐποίησε,
1602 3476 1694 3531 καί
1726 3473 2005 3547 Ζηνωδίαν

358 3567 454 3635 τὴν
487 3567 677 3623 ἑαυτοῦ
734 3568 977 3641 γαμετὴν
1037 3564 1348 3643 Αὖγοῦσταν
1394 3560 1601 3640 ἔστεψε,
1656 3565 1746 3621 καὶ
1807 3564 2005 3629 εὐθέως

355 3656 490 3711 κατὰ
520 3662 618 3725 τῆς
673 3656 905 3718 πίστεως
962 3656 1316 3731 παρετάξατο.
1374 3654 1591 3712 Τούτου
1623 3652 1680 3709 δὲ
1710 3654 2006 3730 ἀναγορευ-

358 3742 533 3807 θέντος
566 3744 594 3798 6
625 3739 835 3818 συμϐὰς
868 3742 1196 3820 ἐμπρησμὸς
1225 3743 1360 3798 κατὰ
1388 3744 1487 3813 τὴν
1544 3741 1705 3799 πόλιν
1739 3744 1801 3797 τὸ
1836 3742 2003 3814 ἀνθη-

356 3834 580 3907 ρότατον
655 3833 816 3908 μέρος
866 3831 1179 3916 διέφθειρεν·
1251 3832 1303 3888 ἐν
1369 3835 1470 3910 γάρ
1534 3836 1615 3907 τῷ
1685 3830 1833 3907 μέσῳ
1892 3836 2001 3886 τῶν

354 3921 779 3999 Χαλκοπρατίων
832 3922 1128 3999 ἀρξάμενος
1197 3922 1364 3987 αὐτάς
1407 3916 1467 3977 τὲ
1530 3920 1805 3977 ἀνάλωσεν
1838 3920 2002 3998 ἄμφω

352 4011 445 4075 13:;
488 4014 644 4068 στοᾶς
694 4013 784 4068 καὶ
832 4015 900 4069 τὰ
950 4015 1199 4092 προσεχῇ
1248 4013 1444 4078 πάντα,
1483 4012 1585 4082 τήν
1628 4030 1686 4065 τε
1733 4009 2005 4082 καλουμέ-

350 4123 446 4169 νην
507 4100 825 4176 βασιλικὴν,
880 4100 932 4156 έν
1085 4099 1338 4155 ἀπέκειτο
1396 4093 1731 4175 βιϐλιοθήκῃ
1796 4096 2000 4171 ἔχουσα

353 4189 581 4268 βίϐλους
645 4191 910 4267 μυριάδας
968 4190 1200 4262 δώδεκα,
1259 4194 1373 4268 μεθ’
1432 4194 1505 4246 ὢν
1555 4186 1788 4267 βιϐλίων
1818 4191 1999 4245 καὶτὸ

348 4286 444 4336 τοῦ
503 4280 793 4358 δράκοντος
839 4279 1021 4357 ἕτερον
1078 4279 1262 4337 ποδῶν
1324 4282 1510 4337 ἑκατὸν
1566 4278 1790 4351 εἴκοσιν,
1849 4278 1903 4334 ἐν
1953 4279 1998 4355 ᾧ

348 4373 412 4440 ἦν
473 4372 823 4449 γεγραμμένα
877 4372 943 4428 τὰ
1000 4374 1096 4427 τοῦ
1153 4372 1403 4446 Ὁμήρου
1480 4371 1788 4443 ποιήματα,
1847 4366 1883 4437 ἥ
1940 4389 1997 4424 τε

351 4459 515 4523 Ἰλιὰς
573 4464 661 4516 καὶ
720 4464 755 4531 ἡ
815 4458 1122 4532 Ὀδύσσεια,
1178 4460 1435 4535 χρυσέοις
1488 4459 1802 4535 γράμμασι,
1864 4455 1997 4531 μετᾶ

2131 526 2430 581 atrocibus
2463 535 2961 601 compungeretur
2993 527 3375 595 cruciatibus,
3399 526 3642 582 morbus
3666 526 3776 581 iste

2132 614 2559 671 demonstravit
2587 618 2731 673 artis
2760 618 3005 673 medicas
3039 618 3268 674 nullam
3296 634 3425 673 esse
3457 617 3519 673 in
3550 614 3780 688 pericu-

2129 702 2203 757 lis
2234 704 2914 772 eftlcacitatem.Quoties
2942 708 3100 762 enim
3132 707 3194 762 in
3226 706 3511 762 matulam
3544 704 3773 761 deside-

2127 791 2248 863 bat,
2278 793 2396 848 sive
2426 802 2564 851 ante
2596 796 2716 851 sive
2775 801 2910 869 post
2965 812 3099 851 eum
3140 795 3293 869 ignis
3351 800 3525 866 esset,
3557 796 3607 849 is
3665 812 3773 866 per

2128 889 2398 959 ventrem
2438 886 2566 958 ejus
2605 891 2665 940 et
2703 886 2947 942 dorsum
2967 885 3322 959 pellucebat.
3360 884 3641 955 Adeoque
3665 899 3772 938 ex-

2129 956 2315 1032 treme
2337 956 2677 1034 attenuatus
2707 976 2939 1033 vivendi
2969 956 3153 1033 linem
3183 976 3340 1032 fecit.
3372 977 3595 1047 Corpus
3613 975 3762 1031 6Ιῦ

2127 1066 2178 1137 ej
2189 1066 2329 1121 usin
2352 1066 2527 1123 viridi
2541 1083 2677 1123 arca
2688 1065 3016 1139 repositum
3043 1068 3205 1122 estin
3218 1070 3608 1122 monumento
3621 1065 3770 1118 Con-

2127 1156 2371 1211 stantini
2404 1158 2617 1228 Magni.
2652 1158 2901 1213 Uxorem
2942 1156 3147 1212 habuit
3174 1155 3479 1222 Verinam,
3502 1169 3767 1208 sororem

2128 1245 2413 1312 Basilisci,
2448 1247 2547 1317 qui
2582 1262 2809 1318 magnae
2841 1246 3045 1302 classis
3072 1245 3351 1301 adversus
3400 1242 3765 1298 Gizerichum

2127 1333 2322 1388 missas
2355 1333 2471 1389 dux
2499 1335 2633 1392 fuit.

2195 1421 2307 1476 Leo
2339 1423 2590 1478 Zenonis
2621 1426 2679 1477 et
2707 1423 2981 1478 Ariadnae
3014 1423 3171 1478 filius
3203 1423 3525 1493 imperator
3553 1419 3626 1473 ab
3658 1435 3765 1474 avo

2124 1525 2229 1564 suo
2262 1512 2454 1566 Leone
2512 1515 2717 1585 Magno
2750 1518 2840 1568 est
2891 1517 3146 1581 creatus,
3176 1529 3313 1568 cum
3372 1510 3564 1566 adhuc
3620 1524 3769 1581 puer

2121 1607 2297 1656 esset.
2321 1603 2632 1672 Imperavit
2662 1618 2885 1658 annum
2924 1601 3538 1675 unum,impositoque
3569 1598 3768 1653 diade-

2118 1697 2276 1749 mate
2309 1693 2459 1764 patri
2485 1709 2589 1747 suo
2620 1693 3083 1762 Zenoni,Verina
3117 1697 3173 1748 et
3199 1690 3459 1747 Ariadna
3479 1688 3761 1759 adjuvan-

2045 1813 2088 1877 Β
2123 1780 2301 1851 tibus,
2337 1779 2454 1835 vita
2484 1780 2797 1835 defunctus
2828 1786 2936 1836 est.

2190 1871 2341 1924 Zeno
2403 1870 2715 1941 imperavit
2749 1886 2937 1926 annos
2986 1873 3073 1938 27,
3133 1886 3370 1924 menses
3420 1868 3471 1921 4.
3508 1865 3640 1921 Fuit
3698 1864 3759 1919 in

2119 1959 2329 2015 hmresi
2355 1975 2559 2015 eorum
2591 1977 2738 2031 quos
2769 1959 3098 2032 Acepbalos
3129 1965 3356 2025 vocant,
3390 1974 3520 2030 qum
3580 1958 3761 2010 natu‘

2117 2066 2215 2104 ras
2246 2050 2307 2103 in
2357 2050 2588 2105 Christo
2634 2049 2963 2106 confundit.
2997 2049 3113 2105 Sub
3159 2050 3269 2105 hoc
3316 2048 3622 2104 conditum
3666 2047 3757 2099 est

2118 2137 2510 2193 Ammorium.
2544 2139 2728 2211 Hujus
2760 2139 2949 2210 primo
2981 2155 3161 2208 anno,
3192 2138 3337 2211 ipsis
3367 2135 3601 2208 imperii
3626 2132 3754 2206 ejus

2119 2227 2451 2299 principiis,
2477 2228 2539 2283 in
2564 2228 3044 2300 Mesopotamiam
3064 2227 3428 2299 Saraceni,in
3450 2224 3760 2280 Thraciam

2122 2315 2318 2370 Hunni
2352 2316 2727 2373 incursiones
2784 2317 3073 2387 fecerunt,
3109 2332 3243 2371 cum
3301 2313 3557 2387 pessime
3604 2326 3764 2366 rem-

2120 2404 2421 2478 publicam
2452 2406 2887 2477 imperatorille
2915 2410 3322 2479 corrumperet
3341 2401 3765 2475 voluptatibus-

2122 2512 2235 2567 que
2280 2499 2337 2549 et
2394 2495 2569 2551 rebus
2601 2494 2874 2550 absurdis
2928 2500 3086 2551 esset
3142 2494 3398 2551 deditus.
3424 2492 3559 2548 Fuit
3605 2491 3756 2545 Zeno

2119 2588 2295 2639 natus
2353 2584 2613 2655 pessima
2661 2590 2719 2639 et
2764 2585 3076 2659 insigniter
3128 2583 3377 2639 deformi
3418 2584 3755 2637 Isaurorum

2120 2678 2314 2746 gente,
2335 2673 2598 2728 hirsutus
2621 2678 2681 2729 et
2707 2673 2899 2730 forma
2920 2673 3288 2746 turpissima,
3312 2672 3548 2743 qualem
3574 2667 3756 2724 Graeci

2119 2765 2340 2818 Panem
2363 2762 2615 2834 pingunt
2645 2763 3011 2835 hircipedem
3034 2769 3093 2819 et
3120 2763 3336 2819 crassis
3366 2761 3543 2832 suris,
3567 2759 3754 2829 niger,

2121 2856 2345 2906 statura
2385 2851 2763 2919 inconcinna,
2796 2851 3140 2922 iracundus,
3172 2851 3528 2923 injuriarum
3559 2853 3754 2914 tenax,

2117 2939 2645 2995 invidentissimus.
2698 2942 2854 2995 Uxor
2905 2940 2957 2995 ei
3014 2941 3126 2996 fuit
3180 2939 3457 2995 Ariadna.
3514 2935 3757 2992 Interim

2118 3028 2435 3084 Basiliscus
2458 3028 2684 3085 Verinze
2713 3030 2914 3100 frater,
2944 3029 3262 3101 Heraclea),
3296 3046 3427 3101 qum
3461 3032 3548 3083 est
3576 3026 3755 3081 Thra-

2117 3117 2223 3172 οἱα)
2253 3117 2416 3185 urbs,
2450 3122 2655 3173 contra
2683 3120 2978 3175 Zenonem
3010 3119 3363 3175 seditionem
3395 3116 3755 3187 movet.Ejus

2114 3209 2278 3261 metu
2333 3208 2485 3261 Zeno
2543 3221 2679 3261 cum
2732 3223 2916 3262 uxore
2986 3212 3044 3263 et
3098 3207 3329 3279 magnis
3393 3205 3605 3278 opibus
3678 3205 3753 3260 ad

2112 3296 2349 3351 Isauros
2378 3296 2546 3369 fugit,
2578 3297 2642 3352 in
2683 3296 2999 3353 castellum
3057 3299 3356 3353 munitum
3404 3297 3498 3353 cui
3530 3311 3753 3352 nomen

2114 3384 2324 3440 Ubara.
2366 3386 2682 3442 Basiliscus
2726 3388 2787 3441 in
2835 3403 3042 3459 campo
3091 3388 3417 3459 imperator
3464 3385 3754 3441 salutatus

2112 3477 2368 3530 Marcum
2386 3476 2576 3531 tilium
2596 3477 2989 3532 CaesaremGl
3004 3477 3051 3532 θ
3075 3473 3753 3549 appellat,etZenodiam

2110 3581 2358 3621 uxorem
2389 3581 2558 3621 suam
2588 3567 2862 3638 Augustas
2895 3583 3113 3622 corona
3139 3570 3422 3633 exornat;
3456 3582 3522 3621 ac
3553 3563 3753 3620 statim

2109 3670 2261 3709 verm
2293 3655 2567 3727 religioni
2598 3655 2821 3711 bellum
2844 3656 2995 3711 facit.
3023 3657 3140 3711 Hoc
3170 3657 3527 3728 imperatore
3554 3660 3749 3710 creato

2109 3744 2457 3800 incendium
2471 3744 2956 3800 ﬂorentissimam
2970 3744 3135 3800 urbis
3152 3750 3379 3816 partem
3396 3743 3747 3815 absumpsit.

2110 3835 2317 3890 Ortum
2344 3834 2503 3889 enim
2535 3849 2569 3889 a
2596 3834 2807 3889 mediis
2838 3833 3222 3906 Calcopratiis
3261 3848 3397 3889 cum
3433 3838 3748 3903 utramque

2108 3923 2423 3994 porticum,
2484 3928 2610 3977 tum
2687 3923 2965 3994 contigua
3030 3923 3232 3978 omnia
3305 3926 3363 3978 et
3438 3922 3747 3978 basilicam

2106 4012 2426 4081 devoravit,
2460 4011 2522 4065 in
2553 4026 2671 4081 qua
2699 4012 2813 4066 fuit
2843 4011 3204 4068 bibliotheca
3258 4012 3550 4068 librorum
3582 4011 3749 4067 milia

2109 4102 2211 4155 120
2239 4101 2553 4155 continens
2578 4116 2590 4167 ;
2625 4100 2781 4155 inter
2803 4117 2953 4171 quos
2985 4101 3168 4156 libros
3189 4102 3301 4156 fuit
3331 4102 3510 4157 etiam
3541 4101 3752 4156 draco-

2106 4190 2199 4244 nis
2256 4190 2625 4256 intestinum,
2659 4190 2840 4261 pedes
2900 4193 3001 4244 120
3060 4190 3323 4263 longum,
3356 4191 3449 4245 cui
3512 4187 3747 4244 Homeri

2103 4284 2381 4351 poemata
2419 4279 2557 4334 Ilias
2588 4283 2648 4334 et
2700 4278 2943 4351 Ulyssea
2993 4280 3189 4335 aureis
3250 4279 3465 4335 litteris
3513 4279 3747 4333 fuerant

2103 4368 2410 4440 inscripta,
2431 4383 2565 4423 cum
2593 4367 2844 4423 historia
2872 4385 3072 4424 rerum
3103 4367 3176 4424 ab
3228 4368 3509 4424 heroibus
3549 4372 3742 4441 gesta-

2104 4473 2255 4512 rum.
2286 4456 2549 4512 Perdidit
2577 4473 2700 4513 una
2721 4459 2900 4514 etiam
2930 4458 3142 4514 medim
3174 4458 3234 4513 in
3263 4458 3501 4531 palatiis
3532 4458 3743 4513 domus

345 4551 435 4603 καὶ
494 4557 593 4619 τῆς
650 4550 892 4625 ἱστορίας
949 4557 1049 4620 τῆς
1105 4554 1211 4604 τῶν
1272 4549 1471 4623 ἡρώων
1527 4548 1794 4621 πράξεως·
1858 4551 1993 4600 Συν⁹

2117 4550 2411 4617 ltramque
2466 4546 2780 4618 porticum,
2835 4552 2894 4604 et
2958 4549 3021 4602 in
3092 4548 3278 4603 Lauso
3341 4547 3745 4619 pulcherrima

348 4639 559 4719 ἐφθειρε
592 4638 647 4695 δὲ
701 4640 792 4694 καὶ
850 4647 950 4709 τῆς
1016 4640 1185 4712 μέσης
1215 4642 1322 4693 τῶν
1356 4635 1637 4693 παλατίων
1668 4635 1996 4710 ἑκατέρωθεν

346 4733 506 4792 στοᾶς
558 4729 650 4786 καὶ
703 4733 811 4786 τῶν
889 4729 1104 4784 Λαύσου
1177 4728 1244 4782 τὰ
1318 4724 1586 4783 κάλλιστα
1651 4726 1990 4798 ἀναθήματαο

343 4816 529 4873 πολλὰ
558 4818 663 4892 γὰρ
688 4823 798 4873 τῶν
847 4817 1096 4894 ἀρχαίων
1145 4814 1481 4891 ἀγαλμάτων
1511 4813 1695 4877 αὐτόθι
1726 4810 1988 4887 ἐνίδρυτο,

341 4914 439 4977 τῆς
472 4904 799 4986 Ἀφροδίτης
828 4912 928 4978 τῆς
980 4905 1030 4960 ἐν
1083 4904 1265 4979 Κνίδῳ
1310 4904 1373 4960 τὸ
1424 4898 1780 4979 περιϐόητον,
1810 4902 1898 4956 καὶ
1929 4902 1990 4955 τὸ

341 5003 440 5064 τῆς
471 4996 679 5068 Σαμίας
736 4997 932 5071 ’Ἡρας,
991 4994 1083 5051 καὶ
1139 4993 1201 5051 τὸ
1250 5000 1352 5063 τῆς
1412 4989 1632 5053 Λινδίας
1687 4992 1909 5060 Ἀθηνᾶς
1939 4989 1989 5064 ἐξ

340 5082 519 5154 ’ἁλλης
548 5084 708 5154 ὕλης,
739 5085 800 5153 ἢν
843 5086 1079 5158 Ἄμασις
1134 5084 1161 5138 ὁ
1213 5086 1322 5138 τῶν
1384 5081 1699 5156 Αἰγυπτίων
1736 5078 1989 5155 βασιλεὺς

336 5176 414 5243 τῷ
470 5176 620 5249 σοφῷ
678 5166 1017 5244 Κλεοϐούλῳ
1076 5170 1379 5240 ἀπέστειλε,
1437 5170 1527 5225 καὶ
1595 5168 1739 5224 ἄλλα
1800 5168 1985 5242 μυρία.

335 5259 638 5336 Ἐπέδραμε
705 5261 761 5316 δὲ
824 5262 885 5316 τὸ
947 5266 1054 5339 πῦρ
1109 5260 1195 5316 καὶ
1264 5263 1430 5336 μέχρι
1489 5264 1588 5315 τοῦ
1644 5258 1987 5332 καλουμένου

336 5350 505 5428 φόρου
555 5354 652 5407 τοῦ
706 5351 967 5426 Μεγάλου
1036 5348 1465 5408 Κωνσταντίνου.
1522 5351 1619 5404 Διά
1675 5369 1759 5403 τοι
1817 5352 1984 5402 ταῦτα

2106 4635 2373 4691 donaria.
2390 4635 2473 4691 lbi
2496 4636 2654 4693 enim
2674 4636 2864 4692 multa
2879 4638 3260 4708 antiquorum
3288 4638 3745 4693 simulacrorum

2106 4731 2278 4780 erant
2297 4726 2509 4798 posita,
2541 4731 2609 4782 ut
2639 4732 2834 4783 statua
2862 4727 2966 4783 illa
2984 4727 3203 4783 nobilis
3234 4727 3455 4783 Cnidia)
3480 4729 3743 4795 Veneris,

2103 4814 2367 4885 itemque
2398 4815 2607 4871 Samize
2638 4816 2907 4886 Iunonis,
2931 4821 2991 4872 et
3014 4816 3132 4872 alia
3156 4834 3227 4872 ex
3252 4817 3501 4872 materia
3523 4815 3742 4871 Lindiaa

2102 4902 2395 4969 Minervas,
2430 4919 2607 4973 quam
2638 4905 2869 4958 Amasis
2901 4904 3301 4976 :Egyptiorum
3353 4921 3457 4959 rex
3487 4903 3740 4974 sapienti

2018 4988 2030 5000 ’
2102 4990 2382 5047 Cleobule
2410 4993 2673 5058 miserat,
2705 4992 2940 5064 aliaque
2972 4993 3222 5048 infinita.
3257 4994 3530 5048 Excurrit
3586 4991 3738 5064 ignis

2102 5082 2275 5136 etiam
2306 5098 2493 5152 usque
2526 5080 2601 5135 ad
2632 5079 2826 5137 forum
2858 5082 3228 5137 Constantini
3249 5081 3459 5153 Magni.
3485 5083 3739 5153 Eaprop-

2100 5174 2190 5224 ter
2220 5170 2279 5225 in
2324 5169 2458 5225 odio
2504 5170 2915 5225 universorum
2964 5170 3180 5225 civium
3234 5169 3347 5224 fuit
3399 5170 3736 5235 Basiliscus,

2098 5258 2560 5328 incendiumque
2617 5262 2675 5312 et
2733 5259 2957 5313 eversio
3022 5258 3185 5313 urbis
3247 5260 3735 5329 cognominatus:

2096 5362 2234 5401 nam
2266 5345 2611 5402 alludebant
2640 5346 2713 5402 ad
2770 5346 3032 5403 basilisci
3086 5347 3379 5418 serpentis
3410 5365 3630 5405 nomen
3681 5355 3738 5405 et

1538 5449 1902 5506 XYLANDRI
1940 5449 2025 5502 ET
2063 5446 2283 5503 GOARI
2321 5446 2543 5502 NOTAE.

407 5550 514 5630 (83)
545 5549 711 5614 Quod
741 5550 894 5603 Zeno
944 5547 1161 5637 dicitur
1207 5547 1668 5637 imperiumuper
1696 5546 1983 5637 annos}?

334 5622 619 5689 tenuisse,
642 5637 845 5675 verum
877 5637 999 5674 non
1046 5627 1155 5686 est,
1189 5618 1311 5677 sedi
1347 5637 1452 5691 pro
1494 5618 1580 5687 κζΓ
1604 5618 1981 5676 scribendum

2099 5542 2181 5610 ιζ’,
2218 5546 2303 5611 17,
2336 5558 2456 5597 non
2510 5546 2597 5597 27.
2655 5544 2857 5599 Testes
2913 5545 3202 5613 histarici,
3262 5550 3321 5602 et
3375 5547 3729 5605 nominatim

2093 5633 2394 5705 Evagrius,
2427 5647 2510 5702 ιιι,
2543 5634 2630 5687 29.
2663 5634 2803 5691 XYL.
