4124 6312
323 337 436 403 671

1665 353 1986 417 GEORGII
2029 355 2374 423 CEDRENI

3611 362 3730 421 67%

325 483 622 531 naturam.
677 476 890 531 Scribit
961 479 1138 550 igitur
1191 482 1266 537 ad
1323 485 1620 541 Zenonem
1699 495 1962 559 senatus,

2083 497 2354 564 μισεῖσθαι
2408 499 2501 550 τὸν
2569 492 2895 552 Βασιλίσκον
2952 490 3148 564 συνέϐη
3209 495 3358 570 παρὰ
3412 493 3592 564 πάσης
3635 497 3734 558 τῆς

323 565 492 635 isque
522 565 874 631 lllo,lsauris
892 573 951 621 et
975 569 1340 640 Lycaonibus
1362 577 1882 651 assumptis,aliisq
1894 598 1963 635 ue

323 653 398 710 ad
428 671 711 709 novarum
753 671 954 711 rerum
1007 659 1378 718 molitionem
1439 669 1772 738 propensis,
1805 671 1966 742 regio

324 758 458 796 cum
493 742 755 798 exercitu
780 745 856 800 ad
885 746 1093 802 urbem
1128 752 1376 819 accedit,
1411 771 1737 828 rursusque
1771 764 1968 829 tyran-

325 829 525 885 nidem
561 831 716 902 (quis
747 834 906 888 enim
937 836 1094 892 dicat
1123 839 1504 916 imperium?)
1537 846 1684 901 617
1723 848 1964 904 invadit.

325 919 682 991 (lonl‘ugerat
722 923 782 976 in
837 924 1040 980 fanum
1086 929 1384 998 quoddam
1445 935 1792 992 Basiliscus:
1829 938 1968 994 inde

325 1027 460 1063 cum
493 1011 662 1077 Zeno,
685 1011 1044 1083 juramentis
1088 1035 1149 1073 se
1183 1019 1452 1090 plurimis
1493 1029 1668 1095 atque
1709 1028 1968 1082 maxime

326 1099 689 1156 terribilibus
769 1103 1058 1176 obligans,
1138 1108 1355 1178 educit,
1424 1113 1604 1184 inque
1675 1117 1969 1172 Cucusum

327 1189 710 1260 Cappadocia:
741 1193 1024 1264 oppidum
1057 1197 1297 1270 relegat,
1317 1199 1516 1271 ibique
1548 1221 1682 1258 cum
1708 1222 1889 1261 uxore
1913 1212 1972 1261 et

324 1277 532 1332 liberis
566 1279 628 1332 in
669 1297 849 1335 unam
902 1285 1112 1340 turrim
1161 1288 1509 1346 conclusum
1549 1292 1704 1348 fame
1737 1301 1964 1350 enecat.

324 1367 485 1423 Idem
517 1371 668 1424 Zeno
701 1373 1071 1431 Timotheum
1103 1379 1366 1434 Ailurum
1417 1384 1728 1453 revocavit,
1762 1390 1821 1440 et
1855 1387 1966 1440 Pe-

330 1463 488 1512 trum
527 1459 891 1530 Cnapheum,
925 1465 1025 1535 qui
1070 1467 1228 1522 inter
1282 1470 1587 1528 insomnes
1644 1479 1970 1536 monachos

329 1545 667 1615 delituerat,
707 1551 974 1624 aliosque
1017 1555 1160 1612 item
1219 1559 1418 1616 hostes
1477 1563 1970 1623 Chalcedoneesis

329 1636 587 1703 concilii,
621 1639 722 1709 qui
751 1640 941 1697 libero
982 1661 1083 1700 ore
1139 1649 1444 1704 veritatem
1504 1651 1966 1712 insectabantur.

326 1723 560 1782 Ailurus
616 1727 1053 1788 Alexandrinos
1111 1736 1504 1807 turbulentos,
1554 1742 1654 1812 qui
1715 1744 1970 1815 Byzantii

2069 581 2312 653 πόλεως,
2371 583 2712 660 ἐμπρησμὸν
2801 583 3223 640 ἀποκαλούντων
3285 585 3442 638 αὐτὸν
3495 585 3584 638 καὶ
3639 586 3739 651 τῆς

2073 670 2354 746 βασιλείας
2388 673 2718 749 ἀφανισμόν’
2759 674 2786 728 6
2823 673 2930 750 γὰρ
2965 675 3284 750 βασιλίσκος
3311 674 3374 730 τὸ
3430 672 3618 747 θηρίον
3646 671 3736 727 καὶ

2069 761 2100 816 6
2130 761 2456 838 ἐμπρησμὸς
2518 763 2762 841 ἰσόψηφοι
2822 764 3174 840 τυγχάνουσι.
3235 763 3432 840 Γράφει
3476 762 3652 818 τοίνυν
3692 764 3728 832 ἡ

2071 849 2381 927 σύγκλητος
2437 854 2574 928 πρὸς
2643 855 2885 923 Ζήνωνα,
2970 854 3061 908 καὶ
3139 847 3469 927 προσλαϐὼν
3526 851 3727 914 ἐκεῖνος

2073 939 2251 998 Ἰλλόν
2308 963 2368 997 τε
2417 943 2508 998 καὶ
2563 942 2690 1005 τοὺς
2762 943 3034 1019 Ἰσαόρους
3112 943 3202 998 καὶ
3290 945 3565 1004 Λυκάονας
3632 943 3724 997 καὶ

2071 1027 2278 1093 ἄλλους
2319 1031 2440 1086 ’ὀσοι
2495 1033 2633 1106 πρὸς
2687 1034 2783 1094 τᾶς
2837 1032 3194 1106 καινοτομίας
3227 1031 3540 1102 ἐπτόηνται,
3574 1031 3733 1087 ἐπάν-

2072 1139 2206 1173 εισιν
2251 1119 2340 1174 ἐπὶ
2390 1122 2453 1176 τὸ
2511 1123 2812 1192 Βυζάντιον
2877 1125 3012 1196 μετά
3063 1121 3252 1198 χειρὸς
3288 1121 3603 1197 βασιλικῆς,
3635 1122 3727 1175 καὶ

2070 1207 2237 1264 πάλιν
2262 1216 2362 1278 τῆς
2389 1208 2709 1284 τυραννίδος
2735 1213 2821 1284 [Ρ.
2856 1213 2980 1284 352]
3021 1206 3448 1284 ἐπιλαμϐάνεται
3481 1211 3566 1282 (οὐ
3624 1210 3729 1287 γὰρ

2072 1294 2214 1370 λέγω
2272 1298 2597 1372 βασιλείας),
2652 1299 2742 1354 καὶ
2798 1301 2892 1354 τὸν
2951 1291 3278 1356 Βασιλίσκον
3315 1299 3588 1376 ἐξαγαγὼν
3624 1305 3724 1368 τῆς

2072 1383 2364 1456 ἐκκλησίας
2409 1386 2446 1462 ᾗ
2494 1389 2599 1462 πρὸ
2645 1389 2840 1444 τούτου
2891 1388 3290 1466 προσπὲφευγε,
3328 1389 3463 1462 μετᾶ
3491 1387 3720 1464 μυρίους

2071 1473 2268 1548 ’ὀρκους
2335 1473 2802 1552 φρικωδεστάτους
2864 1476 3088 1553 ἐξορίζει
3161 1477 3214 1532 ἐν
3275 1479 3573 1549 Κουκουσῷ
3618 1484 3718 1545 τῆς

2073 1561 2482 1632 Καππαδοκίας,
2541 1564 2868 1628 ἀποκλείσας
2941 1563 2999 1622 δὲ
3075 1566 3152 1628 εἷς
3209 1563 3303 1622 ἕνα
3358 1566 3567 1640 πύργον
3626 1564 3718 1620 σὺν

2075 1651 2283 1726 γυναικὶ
2340 1654 2427 1708 καὶ
2484 1653 2696 1718 τέκνοις
2749 1654 2900 1730 λιμῷ
2956 1653 3274 1734 διαφθείρει.
3338 1654 3608 1728 Τιμόθεόν
3660 1675 3720 1710 τε

2070 1742 2161 1796 τὸν
2192 1740 2466 1818 Αἵλουρον
2521 1743 2901 1816 ἀνεκαλέσατο,
2957 1745 3047 1800 καὶ
3109 1747 3310 1819 Ιιέτρον
3369 1745 3458 1799 τὸν
3511 1746 3718 1820 Κναφέα

328 1817 453 1868 tum
481 1816 1030 1890 peregrinabantur,
1066 1840 1199 1880 cum
1231 1827 1553 1900 ascivisset,
1584 1848 1620 1886 a
1640 1833 1860 1904 palatio
1893 1836 1968 1890 ad

2081 1833 2446 1907 κρυπτόμενον
2476 1833 2526 1888 ἐν
2587 1838 2655 1908 τῇ
2712 1839 2850 1910 μονῇ
2905 1840 3014 1891 τῶν
3075 1837 3446 1910 Ἀκοιμήτων,
3476 1835 3566 1890 καὶ
3597 1834 3723 1891 ὅσοι

329 1902 616 1974 templum
649 1907 817 1962 asino
849 1917 1068 1981 vectus,
1101 1931 1236 1970 cum
1267 1917 1341 1972 ad
1373 1902 1734 1992 Octagonum
1766 1939 1970 1994 perve-

328 1992 536 2064 nisset,
570 1994 770 2067 lapsus
811 2000 1024 2070 pedem
1055 2003 1231 2077 fregit
1257 2024 1325 2063 ac
1355 2026 1488 2065 cum
1539 1992 1828 2069 dedecore
1884 2021 1974 2070 est

323 2098 616 2138 reversus.
653 2087 799 2142 Eum
849 2091 1170 2149 Basiliscus
1229 2097 1421 2154 adhuc
1479 2117 1678 2157 rerum
1729 2121 1972 2175 compos

329 2184 465 2224 cum
490 2171 642 2242 typis
671 2173 1092 2235 Alexandriam
1122 2183 1369 2241 miserat
1396 2191 1462 2241 ut
1489 2171 1974 2247 Chalcedonense

327 2259 648 2315 concilium
682 2262 1075 2337 impugnaret.
1112 2273 1296 2336 Quem
1354 2277 1788 2348 ingredientem
1835 2281 1971 2336 Ale-

332 2345 642 2402 xandriam
673 2351 936 2409 videntes
962 2365 1285 2416 sectatores
1311 2345 1450 2435 ejus
1484 2365 1928 2438 interrogarunt
1960 2385 1974 2424 :

335 2435 649 2527 iN'umnam,
678 2458 711 2495 ο
742 2447 1040 2514 papa,tuis
1070 2449 1340 2506 hostibus
1359 2452 1612 2510 bucceas
1633 2435 1978 2527 praebuisti?

331 2524 658 2597 Respondit
695 2530 834 2586 ille:
868 2535 1120 2592 Omnino
1181 2540 1265 2594 eis
1320 2541 1517 2597 cibum
1573 2524 1658 2600 ita
1713 2548 1972 2616 porrexi.

337 2618 576 2672 Petrum
633 2637 870 2692 quoque
918 2625 1262 2697 Cnapheum
1328 2632 1704 2689 Antiochiam
1765 2635 1975 2691 eodem

334 2707 585 2763 consilio
613 2708 1006 2784 ablegaverat.
1039 2718 1115 2772 At
1156 2717 1602 2790 Salophaciolus
1634 2724 1975 2780 Timotheus

334 2795 707 2854 Alexandria:
739 2802 1052 2874 episcopus
1083 2805 1180 2862 his
1205 2809 1422 2864 auditis
1452 2813 1700 2866 recessit
1736 2813 1809 2868 ad
1846 2832 1979 2870 mo-

331 2887 594 2942 nasteria
621 2889 942 2964 Canopica;
985 2911 1105 2950 sua:
1165 2896 1516 2970 disciplima.
1551 2903 1865 2974 Cnapheus
1904 2905 1980 2959 si-

331 2975 637 3049 mulatque
658 2981 882 3051 potitus
900 2989 990 3038 est
1015 2985 1380 3058 episcopatu,
1404 2988 1888 3048 damnationibus
1919 2999 1978 3049 et

331 3067 686 3125 tumultibus
719 3087 962 3142 cperam
995 3077 1395 3134 navavit.Inde
1428 3081 1620 3136 caades
1650 3087 1828 3154 atque
1859 3089 1980 3138 tur-

331 3154 421 3210 hae
444 3159 1066 3234 exsistere,pr0pterea
1085 3167 1246 3236 quod
1267 3169 1578 3241 Cnapheus
1597 3173 1970 3230 sanctissimo

331 3247 578 3301 carmini
609 3247 963 3319 adjecisset:
996 3253 1104 3318 Qui
1143 3256 1460 3314 cruciﬁxus
1510 3265 1600 3315 est
1634 3278 1742 3332 pro
1774 3263 1968 3319 nobis.

331 3333 621 3390 Cmterum
679 3339 994 3395 Basiliscus
1055 3345 1318 3414 generali
1386 3347 1577 3403 edicto
1653 3351 1972 3408 concilium

332 3421 811 3482 Chalcedonense
842 3430 1149 3501 rejecerat.
1183 3433 1348 3497 Quod
1397 3435 1556 3492 idem
1582 3455 1716 3494 cum
1737 3441 1977 3512 juberet

333 3508 528 3566 Γελοῖα-θ
567 3515 846 3570 Acacium
873 3519 1248 3590 Cpolitanum
1277 3525 1642 3598 episcopum,
1673 3508 1796 3584 tota
1834 3529 1976 3586 urbs

335 3617 468 3655 cum
499 3602 850 3662 mulieribus
882 3609 1034 3665 018
1085 3617 1144 3666 et
1183 3612 1388 3669 liberis
1419 3615 1480 3669 in
1533 3618 1818 3689 templum
1877 3619 1977 3674 ad-

334 3706 535 3749 versus
563 3695 910 3753 Basiliscum
958 3709 1364 3759 convenerunt
1419 3705 1598 3776 idque
1656 3708 1974 3778 prohibue-

333 3785 751 3841 runt.Acacius
780 3795 977 3845 autem
997 3790 1184 3862 nigris
1205 3793 1464 3850 vestibus
1494 3797 1744 3868 sumptis
1759 3797 1974 3853 solium

335 3877 392 3925 et
423 3871 608 3928 altare
638 3875 920 3934 deseruit.
945 3881 1068 3944 Quo
1091 3887 1358 3953 tempore
1389 3884 1567 3940 etiam
1601 3903 1851 3958 magnus
1873 3887 1976 3942 ille

339 3962 638 4030 Danielus,
670 3965 888 4022 fervido
918 3971 1021 4024 Dei
1055 3972 1250 4027 studio
1289 3974 1602 4046 impulsus,
1635 3993 1669 4031 a
1699 3977 1976 4033 columna

337 4049 644 4107 descendit
671 4057 986 4128 Acaciique
1017 4065 1075 4114 et
1102 4061 1304 4132 populi
1336 4064 1726 4120 concionibus
1763 4065 1973 4121 adfuit.

2075 1918 2238 1976 ἄλλοι
2271 1921 2462 1998 ἐχθροὶ
2503 1929 2603 1993 τῆς
2635 1923 2785 1997 ἁγίας
2837 1922 2890 1980 ἐν
2952 1922 3272 1996 Χαλκηδόνι
3305 1921 3530 1979 συνόδου
3561 1923 3730 2000 ἑπαρο

2076 2009 2400 2086 ῥησιάζοντο
2472 2012 2610 2067 κατὰ
2681 2019 2781 2082 τῆς
2859 2011 3144 2084 ἀληθείας.
3210 2015 3272 2072 Ὀ
3325 2010 3390 2068 ,δὲ
3457 2011 3731 2087 Λῖλουρος

2074 2101 2394 2175 συναγαγὼν
2451 2101 2713 2164 ἀτάκτους
2772 2101 3144 2178 ’Δλεξανδρεῖς
3209 2101 3581 2175 ἐνδημοῦντας
3647 2107 3728 2174 τῷ

2075 2189 2380 2262 Βυζαντίῳ,
2439 2189 2500 2245 ἐκ
2551 2195 2648 2246 τοῦ
2705 2190 2976 2246 παλατίου
3044 2193 3180 2266 πρὸς
3247 2195 3346 2262 τὴν
3433 2190 3732 2261 ἐκκλησίαν

2073 2275 2241 2345 ἦλθεν
2271 2278 2652 2354 ὲποχούμενος
2683 2275 2826 2349 ὄνον,
2857 2280 2948 2336 καὶ
2986 2282 3085 2350 τὴν
3119 2281 3460 2356 Ὀκτάγωνον
3489 2279 3732 2335 καταλα-

2077 2363 2188 2424 ϐὼν
2221 2371 2453 2432 πτωθεὶς
2490 2366 2772 2446 συνετρίϐη
2831 2373 2924 2427 τὸν
2981 2370 3144 2441 πόδα,
3183 2371 3276 2427 καὶ
3313 2373 3425 2444 μετ’
3460 2369 3734 2446 αῗσχύνης

2078 2457 2421 2534 ἀντέστρεφε.
2453 2460 2659 2517 Τοῦτον
2688 2461 2718 2515 6
2749 2459 3077 2524 Βασιλίσκος
3106 2457 3186 2516 ἐτι
3219 2461 3623 2536 [αὐτοκράτώρῖ
3661 2455 3736 2514 ὥν

2081 2548 2217 2618 μετά
2243 2547 2427 2603 τύπων
2470 2551 2580 2622 (84)
2621 2549 2695 2610 εἷς
2747 2547 3152 2625 Ἀλεξάνδρειαν
3202 2551 3340 2604 κατᾶ
3367 2555 3468 2618 τῆς
3499 2546 3732 2604 συνόδου

2077 2635 2393 2711 ἐξέπεμψεν.
2449 2639 2548 2694 ’Όν
2589 2635 2793 2700 ἰδόντες
2847 2639 3232 2718 εἰσερχόμενον
3265 2638 3316 2693 ἐν
3352 2634 3735 2712 Ἀλεξανδρείᾳ

2077 2727 2129 2779 οἱ
2162 2723 2491 2782 σπουδασταὶ
2523 2727 2778 2802 ἠρώτωνο
2828 2727 3148 2802 Ἐψώμίσας
3175 2729 3300 2789 τοὸς
3346 2725 3580 2803 ἐχθρούς
3612 2747 3731 2795 σου,

2076 2814 2230 2870 πάπα
2279 2817 2433 2888 (85);
2498 2820 2558 2872 '0
2615 2812 2696 2884 δὲ,
2750 2815 2852 2871 Ναὶ
2910 2815 3083 2878 οὕτως
3124 2813 3400 2890 ἐψώμισα,
3441 2815 3728 2888 ἀπεκρίθη.

2079 2904 2183 2960 Καὶ
2215 2905 2420 2978 Πέτρον
2452 2901 2508 2959 δέ
2538 2905 2630 2960 τὸν
2669 2903 2876 2982 Κναφέα
2923 2905 2999 2962 εἷς
3041 2904 3403 2980 Ἀντιόχειαν,
3434 2903 3519 2958 καὶ
3545 2903 3728 2979 ἀμφο-

2077 2993 2266 3067 τέρους
2323 2991 2462 3047 κατά
2516 3000 2618 3062 τῆς
2671 2992 2930 3064 ἀληθείας
2987 2991 3300 3049 ἀπέστειλεν
3335 2991 3630 3052 ἐνισκόσας.
3663 2991 3719 3043 Ὁ

2077 3078 2136 3135 δὲ
2181 3078 2596 3158 Σαλοφακίολος
2647 3082 2920 3154 Τιμόθεος
2969 3081 3268 3145 ἐπίσκοπος
3313 3075 3720 3153 ’Λλεξανδρείας

2081 3174 2245 3226 τοῦτο
2273 3169 2506 3233 ἀκούσας
2551 3171 2909 3246 ὑπεγώρησεν
2959 3169 3012 3226 ἐν
3053 3175 3170 3233 τοῖς
3223 3168 3603 3244 μοναστηρίοις
3631 3170 3728 3222 τοῦ

2086 3261 2377 3331 Κανώπου,
2447 3261 2520 3314 ὧν
2584 3259 2816 3336 ἐγεγόνει
2876 3260 2964 3314 καὶ
3031 3267 3134 3330 τῆς
3189 3260 3488 3330 ἂσκήσεως.
3533 3255 3734 3328 Πέτρος

2084 3347 2198 3404 δὲὸ
2232 3349 2474 3425 Κναφεὺς
2529 3344 2854 3404 καταλαϐὼν
2910 3350 3002 3404 τὸν
3063 3350 3254 3424 θρόνον
3294 3349 3372 3410 εἷς
3425 3345 3734 3420 ἀναθέματα

2083 3438 2172 3492 καὶ
2230 3438 2476 3514 ταραχὰς
2529 3437 2858 3512 ἐξώρμησεν.
2915 3440 3073 3503 Ὅθεν
3134 3437 3290 3518 φόνοι
3347 3437 3437 3492 καὶ
3493 3435 3733 3511 ταραχαὶ

2086 3528 2176 3584 διὰ
2228 3528 2327 3597 τὴν
2382 3528 2701 3602 προσθήκην
2745 3531 2844 3583 τοῦ
2892 3529 3193 3604 Τρισαγίου
3238 3525 3544 3605 γεγόνασινο
3575 3524 3736 3586 αὐτὸς

2083 3618 2187 3692 γὰρ
2227 3617 2575 3691 προστέθεικε
2623 3615 2709 3686 τὸ,
2742 3617 2799 3671 '0
2851 3615 3177 3690 παυρωθεῖς
3211 3612 3278 3670 δι’
3306 3617 3477 3688 ἡμᾶς.
3512 3610 3738 3670 Βασιλίς

2086 3727 2216 3770 σκος
2246 3703 2304 3760 δὲ
2333 3705 2490 3778 τόπῳ
2535 3709 2731 3780 γενικῷ
2775 3705 2874 3773 τήν
2925 3701 2978 3759 ἔν
3025 3702 3340 3774 Χαλκηδόνι
3385 3699 3612 3758 σύνοδον
3663 3701 3738 3775 ἐξ·

2085 3792 2301 3862 έϐαλεν,
2355 3795 2610 3849 Ἀκάκιον
2658 3794 2749 3848 τὸν
2803 3791 3429 3854 Κωνσταντινουπόλεως
3475 3791 3737 3852 κελεύσας

2082 3884 2146 3940 τὸ
2176 3881 2306 3938 αὐτὸ
2337 3887 2538 3938 ποιεῖν.
2591 3880 2749 3936 Ἀλλ’
2799 3884 2835 3951 ἡ
2885 3881 3051 3944 πόλις
3081 3883 3258 3937 ἅπασα
3289 3880 3382 3936 σὺν
3409 3879 3613 3956 γυναιξὶ
3642 3880 3733 3934 καὶ

2082 3975 2295 4036 τέκνοις
2336 3972 2412 4036 εἷς
2455 3971 2554 4040 τὴν
2598 3969 2894 4042 ἐκκλησίαν
2939 3971 3074 4026 κατὰ
3127 3969 3454 4027 Βασιλίσκου
3486 3967 3736 4031 έλθόντες

2087 4063 2282 4117 τού-ιον
2337 4060 2638 4117 ἐκώλυσαν.
2688 4060 2941 4122 Ἀκάκιος
2994 4057 3051 4115 δὲ
3123 4058 3596 4133 μελανειμονήσας
3646 4057 3740 4112 τὸν

337 4139 524 4213 θρόνον
555 4143 644 4197 καί
675 4145 736 4200 τὸ
768 4150 1148 4225 θυσιαστήριον
1182 4150 1461 4210 κατέλιπε.
1495 4153 1600 4209 Καὶ
1631 4152 1838 4224 Δανιὴλ
1873 4151 1930 4208 δὲ
1961 4154 1988 4208 ὁ
2024 4153 2191 4230 μέγας
2246 4148 2316 4205 δι’
2373 4144 2546 4206 ἔνθεον
2605 4147 2776 4220 ζῆλον
2829 4145 3038 4212 ἀποϐὰς
3065 4153 3162 4206 τοῦ
3193 4147 3396 4204 στόλου
3423 4147 3656 4220 Ἀκακίῳ
3685 4167 3746 4202 τε

335 4230 423 4285 καὶ
457 4232 536 4305 τῷ
563 4231 681 4308 λαῷ
714 4236 1153 4311 συνεκκλησίαζε.

407 4324 598 4380 Tertio
649 4342 805 4384 anno
836 4331 988 4386 Zeno
1020 4331 1386 4403 Cnapheum,
1418 4334 1560 4404 quia
1613 4333 1663 4388 is
1696 4334 1975 4393 Basilisco

2158 4327 2254 4402 Τῷ
2301 4331 2347 4405 γ’
2392 4323 2496 4384 ἔτει
2547 4328 2747 4403 Πέτρον
2793 4328 2884 4383 τὸν
2929 4328 3162 4406 Κναφὲα,
3195 4324 3283 4382 διὰ
3311 4328 3373 4382 τὸ
3414 4323 3739 4400 συνδραμεῖν

338 4413 631 4483 studebat,
677 4433 858 4488 opera
908 4419 1115 4490 synodi
1174 4421 1492 4477 Orientalis
1548 4421 1753 4494 dejicit
1802 4425 1982 4494 inque

339 4499 534 4572 Pityos
564 4503 806 4577 relegat,
833 4507 1000 4578 isque
1019 4508 1172 4563 clam
1206 4509 1280 4563 ad
1307 4517 1577 4566 sanctum
1609 4512 1994 4568 Theodorum"

340 4587 402 4642 in
453 4593 754 4648 Euchaitis
798 4595 1079 4668 confugit.
1128 4598 1371 4653 Interim
1431 4601 1661 4656 Elurus
1705 4602 1980 4668 moritur,

2095 4418 2430 4492 Βασιλίσκῳ,
2479 4420 2648 4496 ψήφῳ
2691 4425 2792 4488 τῆς
2840 4417 3172 4486 ἀνατολικῆς
3223 4415 3446 4472 συνόδου
3493 4425 3744 4490 καθαιρεῖ

2091 4511 2274 4579 Ζήνων
2307 4509 2397 4564 καὶ
2455 4509 2531 4570 εἷς
2585 4508 2814 4570 Πιτυοὺς
2870 4508 3120 4582 ἐξορίζει.
3152 4509 3213 4565 Ὁ
3268 4505 3325 4562 δὲ
3357 4505 3534 4570 λαθὼν
3575 4526 3740 4579 προσ-

2092 4598 2274 4678 φεύγει
2314 4603 2395 4672 τῷ
2451 4597 2592 4674 ἁγίῳ
2665 4593 2932 4672 Θεοδώρῳ
2990 4595 3042 4652 ἐν
3098 4596 3414 4672 Εὐχαΐταις.
3471 4593 3734 4666 Τιμόθεος

1525 4724 1885 4780 XYLANDRI
1940 4727 2027 4780 ET
2057 4725 2273 4781 GOARI
2325 4725 2546 4780 NOTAE.

412 4821 518 4890 (84)
551 4821 613 4877 Id
644 4827 734 4876 est
767 4822 958 4878 edicto
1001 4821 1341 4889 universali,
1375 4822 1533 4892 quod
1592 4823 1876 4878 nimirum
1907 4825 1981 4880 ad

338 4908 544 4948 omnes
601 4895 946 4965 pertineret.
980 4892 1180 4967 'I‘L'mov
1215 4892 1426 4967 γενικόν
1455 4893 1794 4967 Theodorus
1834 4897 1983 4950 Ana-

375 4971 547 5020 nosta
577 4964 638 5048 in
673 4967 782 5048 hac
812 4967 943 5048 ipsa
974 4964 1439 5048 hhistoria‘vocat.
1465 4964 1629 5048 Saepe
1659 4965 1982 5048 admodum

375 4981 547 5020 nosra
577 4983 638 5020 ιιι
673 4981 782 5022 nac
812 4984 943 5038 ipsa
974 4981 1225 5021 mstoria
1253 4981 1439 5021 vocat.
1465 4981 1629 5036 ampe
1659 4981 1982 5022 aumoaum

336 4981 449 5092 lico
471 5038 755 5094 vocabulo
776 5039 965 5121 utitur
983 5039 1592 5122 gedrenus,ettp1;06v
1625 5038 1982 5122 ΡΓΟοθάίϐθῐὈ

337 5116 587 5183 usurpat
617 5111 954 5183 aliquoties.
987 5110 1446 5183 Nicephoru_s,ut
1472 5110 1530 5161 in
1560 5111 1979 5183 margine‘ver-

338 5177 523 5254 sionis
570 5177 918 5238 adnotatum
967 5177 1354 5254 deprehendi,
1402 5177 1721 5253 ἐγκυκλίους
1766 5177 1980 5234 συλλα-

340 5251 456 5318 ϐάς,
489 5272 739 5334 quarum
773 5260 832 5309 et
857 5251 1408 5334 exemplum_refert
1433 5251 1530 5334 inv,
1555 5255 1607 5306 3.
1643 5256 1854 5334 Ppstea
1883 5268 1981 5324 ge-

338 5325 540 5380 nerale
571 5325 1173 5406 edictum‘appell‘a‘vi.
1199 5327 1378 5406 Vocat
1403 5325 1982 5406 et'Evagriuscircu-

341 5396 494 5472 lares
525 5397 817 5472 epistolas
839 5392 1196 5472 ἐγκρυκλίους
1226 5392 1540 5465 ἐπιστολάς,
1561 5392 1730 5467 cujus
1764 5396 1984 5450 librum

341 5467 1056 5548 tertium_consule.'XvL.
1293 5538 1304 5548 _
1620 5545 1628 5548 _
1881 5538 1895 5548 .
1946 5537 1982 5548 ,.

412 5539 524 5610 (85)
585 5539 744 5623 [latim
799 5556 1042 5623 nomen,
1073 5538 1340 5623 quamvis
1395 5538 1637 5623 cuilibet
1695 5538 1986 5623 sacerdoti

340 5610 563 5680 absque
596 5609 828 5691 delectu
863 5612 1062 5691 Graeci
1093 5609 1359 5691 soleant
1393 5609 1655 5691 affigere2
1702 5612 1805 5691 ’τοῦ
1835 5609 1988 5691 πάνια

338 5679 729 5736 nihilominus
755 5681 992 5735 nonnisi
1026 5683 1290 5736 Romano
1310 5685 1368 5734 et
1397 5679 1796 5736 Alexandrino
1820 5680 1986 5752 ponti

2095 4824 2304 4879 ﬁcibus
2325 4823 2658 4902 attribuunt
2680 4838 2880 4902 :.a_c_ne
2903 4826 3377 4902 tes_tes_petamus
3397 4825 3734 4902 extraneos,

2093 4897 2176 4951 sic
2202 4913 2259 4966 p.
2291 4897 2416 4960 421,
2442 4897 2543 4948 435
2574 4901 2632 4948 et
2661 4893 2802 4966 alibi
2833 4893 3066 4966 passim
3086 4895 3286 4966 Roma)
3312 4893 3643 4966 antistitem
3676 4893 3740 4945 in

2091 4963 2330 5044 auctore
2363 4967 2646 5044 scriptum
2681 4963 2952 5044 legimus.
3004 4963 3740 5044 Alexandrinumquoque

2093 5040 2176 5093 sic
2233 5034 2766 5092 dictum—civitatis
2835 5036 2996 5090 illius
3055 5035 3382 5092 incolarum
3434 5034 3742 5088 Timotheo

2091 5109 2288 5164 Ailuro
2311 5125 2573 5180 prasens
2590 5108 2744 5180 facta
2759 5107 3134 5180 compellatio
3153 5109 3551 5180 demonstrat:
3574 5103 3744 5177 Ἐψώ.

2096 5199 2256 5252 μισας
2287 5177 2415 5260 τόὺς
2446 5179 2680 5260 ἐχθρούς
2699 5250 2714 5260 “
2739 5197 2857 5260 σου,
2900 5177 3086 5260 rem.
3135 5179 3471 5260 Ostendunt
3497 5184 3555 5232 et
3583 5194 3744 5260 quie-

2091 5249 2327 5322 cunque
2353 5251 2426 5306 ab
2453 5249 2856 5322 Alexandrina
2874 5249 3013 5304 sede
3035 5251 3332 5322 prodeunt
3351 5249 3744 5322 diplomatum

2093 5267 2327 5322 cunque
2353 5266 2426 5306 an
2453 5266 2856 5305 Alexandrina
2874 5266 3332 5374 seaefroueunt
3351 5266 3744 5321 diplomatum

2093 5323 2250 5378 tituli
2278 5339 2544 5410 ;.ex“quo
2576 5321 2923 5410 leestinujs
2979 5336 3078 5410 ad
3105 5321 3422 5410 Cyrillum,
3550 5320 3747 5410 locum

2094 5411 2268 5450 suum
2300 5395 2362 5449 in
2388 5389 2685 5466 Ephesrina
2715 5390 2940 5466 synodo
2991 5389 3242 5459 teneret,
3276 5393 3533 5466 scripsit.
3568 5389 3652 5466 Ἐξ
3687 5389 3748 5442 οὗ

2095 5465 2280 5554 λόγος,
2315 5461 2522 5554 scribit
2550 5461 2923 5554 ll‘licephorus‘
2946 5479 3060 5530 xw,
3086 5466 3178 5546 94,
3210 5461 3300 5550 καὶ
3329 5461 3522 5554 τὸτῆς
3556 5461 3752 5554 μίτρας

2093 5533 2327 5606 ἐπίθεμα
2385 5533 2663 5608 εἷ’ληφέναι
2694 5533 2808 5608 *καὶ
2863 5533 2962 5608 τὴν
3011 5534 3108 5587 τοῦ
3160 5533 3314 5608 πάπα
3360 5533 3747 5608 προσηγορίαν

2097 5595 2283 5662 λαϐεῖν
2365 5607 2454 5660 καὶ
2496 5595 2635 5671 ’τῆς
2721 5595 3048 5676 οἰκουμένης
3113 5606 3304 5680 κριτὴν
3363 5595 3747 5677 ὀνομάζεσθαι.

2097 5681 2274 5735 ϐολιι.
