4124 6312
366 338 484 395 673

1487 313 2034 397 HISTORIARUM
2083 337 2623 403 COMPENDIUM.

3652 352 3771 410 674

366 466 423 523 δὲ
481 469 509 523 ὁ
567 466 839 542 Αἷλουρος
888 468 939 523 ἐν
997 467 1212 530 τούτοις
1269 469 1509 538 θνήσκει.
1544 469 1689 524 Ἀντ’
1727 466 1892 522 αὐτοῦ
1950 464 2044 542 δὲί

2163 469 2295 540 ique
2328 473 2623 530 sufﬁcitur
2651 479 2858 534 Petrus
2891 482 3150 553 Mongus,
3174 483 3350 539 homo
3383 483 3691 540 maleficus
3713 491 3772 539 et

368 555 571 630 Ηὲτρος
632 557 659 610 ὁ
719 557 937 631 Μογγὸς
992 555 1283 630 εἰσάγεται,
1344 557 1477 631 ἀνήρ
1561 560 1867 629 κακοῦργος
1927 554 2015 608 καὶ

370 653 470 715 τῆς
519 645 779 715 ἀληυεῖας
832 647 1051 720 ἐχθρός,
1100 646 1158 706 ὃς
1214 644 1708 720 προκαθῃρημένος
1737 643 1846 713 ἢδη
1899 662 2021 717 χει-

371 739 668 808 ροτονεῖται
694 734 796 788 ὑπὸ
828 734 943 807 ἐνὸς
961 733 1382 802 ἐπισκόπου,καὶ
1402 732 1599 789 τούτου
1613 731 2017 807 καθῃρημένου.

369 822 558 892 Τούτῳ
588 821 723 875 κατά
753 826 890 875 θεοῦ
939 818 1109 890 ζῆλον
1168 817 1486 881 ἐπελθόντες
1544 820 1597 873 οἱ
1650 817 1911 893 μοναχοὶ,
1941 816 2023 880 λς’

371 909 536 982 μόνας
565 908 775 985 ἡμέρας
803 909 1120 984 λῃστρικῶς
1152 910 1504 983 κρατήσαντι,
1558 910 1656 972 τῆς
1717 905 2022 974 ἐπισκοπῆς

368 996 758 1068 ἀπελαύνουσι,
789 999 878 1053 καὶ
910 998 1180 1071 Τιμόθεον
1239 996 1407 1052 πάλιν
1454 996 1546 1052 τὸν
1605 992 2022 1071 Σαλοφακίολον

368 1086 805 1152 ἀποωθιστῶσιν
838 1086 1001 1159 ἀξίως
1032 1091 1107 1157 τῷ
1140 1086 1338 1161 θρόνῳ.

444 1175 540 1249 Τῷ
573 1174 618 1231 δ’
649 1172 756 1232 ἔτει
796 1176 1004 1252 ἐγένετο
1063 1177 1287 1247 σεισμὸς
1346 1169 1579 1249 φοϐερὸς
1636 1172 1689 1228 ἐν
1732 1175 2023 1229 Κώνσταν-

372 1267 711 1335 τινουπόλει,
776 1268 902 1341 μηνὶ
958 1261 1318 1341 Σεπτεμϐρίῳ
1381 1267 1474 1335 κε’,
1550 1264 1640 1319 καὶ
1698 1263 1884 1319 ἔπεσον
1944 1262 2029 1316 ἐκ·

374 1355 600 1427 κλησίαι
633 1355 840 1411 πολλαῖ
869 1357 958 1411 καὶ
983 1355 1153 1410 οἰκίαι
1210 1356 1298 1409 καὶ
1358 1350 1591 1428 ἔμϐολοι
1633 1356 1717 1427 [Ρ.
1751 1355 1876 1425 353]
1925 1350 2029 1413 ἓως

380 1444 630 1523 ἐδάφους,
691 1446 1017 1523 κατεχώσθη
1081 1442 1137 1499 δὲ
1194 1441 1410 1513 πλῆθος
1468 1443 1765 1517 ἀνθρώπων
1851 1439 2031 1514 ἀναρί-

381 1545 614 1607 θμητον.
649 1535 845 1590 Ἔπεσε
874 1531 931 1588 δὲ
960 1533 1050 1590 καὶ
1109 1535 1143 1602 ἡ
1206 1538 1405 1610 σφαῖρα
1453 1536 1550 1587 τοῦ
1590 1528 1908 1605 ἀνδριάντος
1931 1531 2030 1582 τοῦ

379 1623 552 1701 φόρου
585 1625 718 1697 (86),
746 1623 837 1677 καὶ
927 1620 1105 1692 στήλη
1137 1625 1235 1676 τοῦ
1282 1618 1537 1695 Μεγάλου
1569 1617 1861 1675 Θεοδοσίου
1885 1620 1919 1688 ἡ
1957 1616 2036 1678 εἷς

378 1712 472 1766 τὸν
492 1713 648 1766 κίονα
678 1715 775 1766 τοῦ
804 1711 1018 1786 Ταύρου
1052 1714 1185 1783 (87),
1244 1709 1334 1764 καὶ
1391 1710 1457 1764 τὰ
1526 1705 1633 1763 ἔσω
1685 1709 1849 1786 τείχη
1910 1706 2035 1781 περὶ

2127 560 2389 617 veritatis
2450 561 2636 620 hostis
2670 583 2683 629 ;
2716 569 2815 637 qui
2854 570 2981 638 jam
3030 575 3165 625 ante
3198 571 3515 627 damnatus
3546 574 3619 629 ab
3653 591 3769 629 uno

2130 649 2425 720 episcopo,
2462 668 2530 706 eo
2563 670 2796 725 quoque
2849 657 3123 713 damnato
3169 660 3433 717 delectus
3466 667 3570 717 est.
3609 664 3775 718 Hunc

2134 737 2247 791 Deo
2297 738 2609 811 instigante
2659 745 2879 812 agressi
2914 748 3186 802 monachi
3242 750 3482 821 triginta
3514 768 3616 805 sex
3648 752 3777 807 dies

2132 827 2475 898 episcopatu
2508 831 2802 886 latrocinii
2831 834 2891 888 in
2916 851 3142 890 morem
3166 837 3433 893 functum
3466 840 3777 912 dejiciunt,

2133 931 2381 987 eamque
2431 919 2780 990 dignitatem
2834 923 3097 995 legitime
3161 927 3421 982 reddunt
3471 930 3777 985 Timotheo

2133 1004 2564 1077 Salophaciolo.

2204 1192 2421 1255 Quarto
2452 1211 2607 1250 anno
2640 1198 2923 1254 terribilis
2943 1200 3053 1256 fuit
3078 1205 3246 1256 terra;
3278 1209 3474 1259 motus
3496 1206 3659 1276 Cpoli
3683 1206 3779 1261 die

2135 1284 2202 1334 25
2224 1282 2381 1353 Sept.
2406 1285 2766 1342 Corruerunt
2788 1289 2976 1344 multa
2997 1292 3453 1362 templa,domus
3475 1298 3784 1364 rostraque

2135 1369 2424 1441 funditus,
2458 1379 2515 1427 et
2546 1375 2757 1431 obruta
2786 1382 2875 1432 est
2903 1378 3198 1434 immensa
3228 1382 3538 1437 hominum
3593 1384 3785 1438 multi-

2141 1459 2302 1518 tudo.
2339 1461 2563 1516 Cecidit
2584 1465 2762 1519 etiam
2784 1467 2990 1531 globus
3009 1468 3301 1525 columnae
3334 1471 3468 1538 fori,
3506 1477 3562 1526 et
3595 1476 3789 1527 statua

2138 1548 2448 1605 Theodosii
2498 1554 2706 1624 Magni,
2757 1572 2889 1625 qua)
2938 1557 3232 1613 columnae
3288 1560 3459 1614 Tauri
3512 1560 3791 1632 imposita

2140 1645 2286 1699 erat,
2315 1641 2591 1711 murique
2618 1643 2922 1701 interioris
2954 1649 3097 1702 satis
3125 1648 3300 1720 longa
3356 1667 3515 1720 pars.
3550 1651 3790 1705 Duravit

2142 1726 2244 1781 diu
2276 1727 2371 1783 ille
2407 1734 2575 1784 terra;
2608 1737 2823 1802 motus,
2859 1735 3004 1789 adeo
3032 1741 3096 1790 ut
3127 1736 3279 1791 fetor
3309 1755 3548 1809 quoque
3580 1738 3789 1793 urbem

382 1799 657 1874 διάστημα
706 1800 909 1857 ἱκανόν.
982 1800 1083 1855 Καὶ
1146 1798 1356 1875 ἐκράτει
1444 1799 1471 1852 ὁ
1530 1797 1751 1870 σεισμὸς
1831 1795 2031 1870 χρόνον

2163 1819 2551 1907 )ccuparitJEa
2572 1795 2906 1892 tempestate
2928 1825 3196 1895 reliquiae
3211 1795 3365 1881 beati
3383 1795 3632 1897 ap‘ostoli
3650 1829 3790 1883 Bar-

382 1890 579 1961 πολὺν,
613 1890 752 1945 ὥστε
779 1891 880 1958 τὴν
913 1888 1074 1943 πόλιν
1134 1889 1406 1958 ἐποζὲσαι.
1462 1887 1656 1959 Τούτῳ
1707 1890 1787 1958 τῷ
1845 1884 2033 1960 χρόνῳ

378 1981 444 2036 τὸ
492 1980 588 2035 τοῦ
649 1979 806 2055 ἁγίου
862 1976 1178 2034 ἀποστόλου
1238 1972 1489 2052 Βαρνάϐα
1548 1975 1803 2050 λείψανον
1844 1970 2034 2050 εὑρέθη

381 2070 433 2125 ἐν
493 2071 733 2146 Κύπρῳ,
771 2068 876 2124 imo
954 2066 1168 2143 δένδρον
1229 2069 1484 2142 κερασέαν
1535 2068 1849 2139 ἱστάμενον,
1906 2059 2036 2139 ἕχον

383 2159 468 2215 ἐπὶ
501 2164 600 2215 τοῦ
632 2162 863 2231 στήθους
907 2158 969 2212 τὸ
1000 2159 1133 2212 κατὰ
1199 2158 1469 2212 Ματθαῖον
1520 2154 1855 2231 Εὑαγγὲλιον
1891 2150 2037 2208 ἰδιό-

382 2270 593 2328 γραφον
673 2247 838 2303 αὐτοῦ
922 2252 1018 2302 τοῦ
1102 2245 1413 2302 ἀποστόλου
1473 2240 1744 2320 Βαρνάϐα.
1803 2244 1886 2312 Ἐξ
1974 2245 2040 2311 ἧς

383 2339 707 2416 προφάσεως
777 2330 960 2392 ἔκτοτε
1020 2336 1213 2409 γέγονε
1269 2333 1613 2408 μητρόπολις
1671 2336 1705 2401 ἡ
1795 2331 2037 2407 Κύπρος,

383 2428 584 2482 καὶτοῦ
620 2428 694 2500 μή
715 2424 894 2482 τελεῖν
929 2425 1031 2480 ὑπὸ
1056 2425 1398 2499 Ἀντιόχειαν
1424 2420 1552 2478 ἀλλ’
1574 2423 1676 2477 ὑπὸ
1696 2427 2041 2477 Κωνσταντι-

399 2515 678 2571 δούπολιν.
711 2516 787 2571 Τὸ
827 2512 884 2569 δὲ
912 2517 1165 2569 τοιοῦτον
1195 2511 1536 2590 Εὗαγγὲλιον
1580 2513 1763 2582 Ζήνων
1814 2509 2039 2573 ἀπέθετο

390 2603 440 2658 ἐν
462 2609 539 2677 τῷ
575 2603 847 2676 παλατίῳ,
882 2603 934 2658 ἐν
964 2606 1042 2675 τῷ
1072 2606 1186 2674 ναῷ
1240 2601 1336 2656 τοῦ
1394 2601 1586 2677 Ἀγίου
1646 2599 1925 2677 Στεφάνου
1986 2597 2039 2652 ἐν

384 2698 452 2769 τῇ
478 2696 681 2772 Δάφνῃ.

457 2786 550 2857 Τῷ
584 2786 658 2858 ιβ’
691 2779 795 2838 ἔτει
828 2782 1007 2853 Φῆλιξ
1042 2780 1092 2836 ἐν
1126 2785 1205 2852 τῷ
1242 2784 1357 2851 ναῷ
1405 2784 1512 2835 τῶν
1549 2777 1746 2855 Ἀγίων
1780 2776 2040 2834 Ἀποστό-

393 2870 503 2927 λων
534 2869 742 2945 Πέτρου
796 2872 885 2928 καὶ
918 2869 1141 2926 Παύλου
1200 2865 1422 2924 σύνοδον
1481 2870 1714 2938 ποιήσας
1773 2865 1868 2921 δύο
1927 2865 2042 2920 ἐπι-

386 2961 624 3026 σκόπους
681 2962 772 3017 καὶ
836 2955 1051 3015 ἔκδικον
1109 2961 1222 3031 (88)
1279 2953 1517 3031 ἔπεμψεν
1606 2957 1656 3012 ἐν
1708 2960 2044 3012 Κωνσταντι-

390 3050 675 3122 νουπὸλει,
735 3051 948 3127 γράψας
1034 3049 1243 3119 Ζήνωνι
1320 3047 1411 3101 καὶ
1466 3045 1700 3117 Ἀκακίῳ
1792 3040 2043 3099 ἐκϐαλεῖν

390 3141 593 3217 Πέτρον
636 3140 727 3196 τὸν
758 3140 977 3213 Μογγὸν
1012 3138 1085 3200 ὡς
1127 3136 1393 3211 αἱρετικὸν
1413 3141 1513 3204 τῆς
1546 3131 1970 3207 Ἀλεξανδρείας.

465 3231 561 3303 Τῷ
598 3230 658 3304 ιγ’
689 3224 815 3299 ἔτει,
842 3232 950 3283 τῶν
982 3227 1090 3281 ἀπὸ
1111 3227 1333 3299 Ῥώμης
1362 3223 1738 3300 κρατηθέντων
1762 3222 1814 3278 ἐν
1832 3217 2046 3294 Ἀϐύδῳ

392 3321 585 3394 γνώμῃ
632 3321 881 3389 Ζήνωνος
935 3317 1025 3372 καὶ
1085 3313 1345 3371 Ἀκακίου
1401 3313 1490 3369 καὶ
1539 3317 1646 3369 τῶν
1701 3313 2042 3387 γραμμάτων

396 3407 785 3489 ἀφαιρεθέντων
836 3406 925 3461 καὶ
979 3405 1030 3460 ἐν
1090 3408 1299 3482 φρουρᾷ
1389 3400 1723 3478 βληθέντων,
1775 3399 2047 3471 ἠπείλησε

399 3501 583 3569 Ζήνων
616 3495 865 3565 τούτους,
898 3494 1135 3563 ἀνελεῖν,
1164 3493 1209 3547 εἰ
1244 3493 1319 3567 μή
1348 3494 1771 3562 κοινωνήσουσιν
1806 3490 2047 3563 Ἀκακίῳ

397 3588 487 3642 καὶ
522 3582 712 3661 Πέτρῳ
739 3589 819 3657 τῷ
851 3587 1073 3659 Μογγῷ·

531 3680 557 3691 ο
654 3676 667 3697 ν
698 3671 722 3693 ν
1145 3675 1171 3687 ~
1386 3674 1412 3686 ο
1448 3671 1459 3688 ι
1624 3669 1636 3688 ι
1824 3668 1838 3687 \
2023 3668 2037 3687 κ

475 3679 571 3748 Τῳ
605 3696 650 3729 ιε
697 3694 801 3729 ετει
859 3675 1048 3743 Ζήνων
1105 3693 1175 3745 τῃ
1239 3669 1416 3747 βούλῃ
1461 3674 1702 3727 Ακακιου
1756 3690 1884 3731 τους
1914 3689 2049 3723 κατα

402 3766 501 3835 τὴν
533 3765 706 3836 Ἐῴαν
737 3761 1068 3822 ἐπισκόπους
1123 3755 1370 3830 ἐϐιάζετο
1430 3759 1737 3834 ὑπογράψαι
1777 3764 1857 3831 τῷ
1890 3760 2053 3815 Ἐνω-

403 3858 564 3927 τικῷ,
625 3851 756 3926 ὅπερ
811 3850 974 3912 αὐτὸς
1029 3850 1277 3910 Ἀκάκιος
1337 3847 1590 3919 ἐποίησεν
1644 3848 1699 3918 ἒξ
1752 3845 1893 3909 ἰδίας
1921 3868 2054 3922 καρ-

409 3940 529 4004 δίας
589 3940 862 4010 συντάξας,
923 3940 1013 3993 καὶ
1068 3945 1399 4007 κοινωνῆσαι
1472 3937 1656 4012 Πέτρῳ
1686 3941 1766 4010 τῷ
1819 3939 2054 4013 Μογγῷ.

407 4031 543 4093 Τοὺς
575 4028 633 4086 δὲ
661 4037 761 4099 τῆς
793 4030 1012 4102 Ῥώμης
1057 4026 1503 4102 ἀποκρισιαρίους
1560 4026 1851 4100 παρέπεισε
1914 4027 2058 4100 χρή-

413 4122 909 4193 μασικοινωνῆσαι
966 4119 1203 4189 Ἀκακίῳ
1258 4116 1403 4191 παρὰ
1457 4116 1524 4170 τὰ
1582 4115 1902 4178 ἐνταλθὲντα
1958 4115 2057 4169 αύ-

406 4214 544 4271 τοῖς.
573 4213 746 4262 Τοῦτο
781 4207 965 4278 μαθὼν
1000 4207 1028 4259 ὁ
1061 4202 1238 4273 Φῆλιξ
1306 4210 1509 4276 καοῆρε
1552 4202 1798 4272 τούτους,
1848 4203 2058 4279 γράψας

412 4298 499 4353 καὶ
535 4296 770 4368 Ἀκακίῳ
851 4293 1175 4367 καθαίρεσιν·
1235 4291 1405 4366 ἥνπερ
1460 4289 1748 4364 δεξάμενος
1804 4292 2063 4353 Ἀκάκιος

411 4388 752 4457 ἀναισθήτως
780 4385 902 4458 περὶ
937 4381 1104 4451 αὐτὴν
1136 4382 1279 4456 εἶχε,
1310 4381 1399 4434 καὶ
1458 4380 1520 4434 τὸ
1580 4378 1755 4452 ὄνομα
1813 4377 2063 4449 Φήλικος

414 4476 571 4551 ἐξῆρε
599 4479 706 4530 τῶν
740 4472 1008 4529 διπτύτων
1021 4516 1034 4527 .

487 4658 581 4725 Τῷ
635 4654 699 4716 ις’
764 4650 868 4708 ἔτει
928 4649 1130 4723 Πέτρος
1193 4650 1222 4703 ὁ
1278 4648 1507 4723 Μογγὸς
1573 4644 1626 4701 ἐν
1686 4645 2067 4721 Ἀλεξανδρείᾳ

422 4741 669 4813 ἀπέθανε,
705 4742 795 4797 καὶ
832 4741 1157 4805 Ἀθανάσιος
1187 4738 1301 4794 ἀντ’
1358 4737 1521 4792 αύτυῦ
1579 4736 1967 4811 ἐχειροτονήθη
2037 4739 2064 4792 ὁ

422 4834 657 4904 ἐπίκλην
689 4831 978 4903 Κηλήττ,ς.
1020 4833 1206 4901 Ζήνων
1241 4827 1299 4883 δὲ
1330 4830 1358 4884 ὁ
1413 4826 1668 4903 βασιλεὺς
1727 4828 1930 4891 ἀνεθεὶς
1959 4833 2067 4885 τῶν

419 4923 688 4998 τυράννων
733 4916 954 4992 ἐξέϐαλε
1006 4927 1105 4990 τῆς
1161 4916 1485 4989 Ἐκκλησίας
1570 4917 1903 4992 Ἀντιοχείας
1962 4925 2066 4973 Κα-

2145 1905 2311 1960 nabae
2334 1907 2584 1964 inventa:
2607 1911 2820 1965 suntin
2844 1913 3048 1983 Cypro.
3074 1915 3312 1969 Jacebat
3337 1916 3583 1970 cadaver
3606 1915 3663 1970 id
3685 1915 3793 1970 sub

2145 1994 2354 2050 arbore
2404 2014 2627 2063 ceraso,
2678 2001 3054 2072 Evangelium
3123 2003 3281 2073 quod
3329 2004 3482 2059 619
3540 2006 3597 2060 S.
3655 2007 3793 2059 Mat-

2147 2084 2335 2138 thaaus
2367 2094 2799 2158 composuerat,
2825 2089 2884 2143 in
2906 2094 3144 2161 pectore
3166 2096 3426 2163 gestans,
3457 2110 3637 2148 manu
3660 2095 3791 2147 Bar-

2145 2173 2314 2227 nabas
2346 2174 2732 2247 descriptum.
2757 2179 2836 2231 Ea
2853 2179 3165 2234 occasione
3196 2181 3420 2251 Cyprus
3443 2181 3791 2252 metropolis

2144 2262 2299 2318 facta
2329 2269 2438 2331 est,
2467 2269 2533 2318 ut
2553 2266 2681 2335 jam
2724 2284 2842 2321 non
2873 2269 3129 2339 amplius
3161 2270 3268 2324 sub
3300 2270 3611 2325 Antiochia
3645 2286 3787 2325 cen-

2146 2357 2396 2419 seretur,
2429 2353 2532 2407 sed
2564 2354 2674 2408 soli
2729 2356 2893 2425 Cpoli
2947 2357 3237 2412 subesset.
3290 2357 3353 2412 ld
3409 2359 3787 2429 Evangelium

2146 2442 2297 2494 Zeno
2332 2442 2593 2512 reposuit
2614 2443 2677 2497 in
2698 2444 2939 2514 palatio,
2964 2445 3025 2500 in
3048 2446 3174 2500 aede
3204 2447 3398 2501 Sancti
3428 2446 3709 2519 Stephani
3734 2448 3796 2502 in

2146 2530 2414 2601 Daphna.

2218 2786 2386 2840 Anno
2414 2785 2765 2843 duodecimo
2797 2788 2957 2844 Felix
2999 2790 3251 2845 concilio
3284 2790 3343 2844 in
3394 2789 3519 2844 aede
3549 2790 3706 2844 Petri
3739 2794 3798 2844 et

2149 2873 2315 2927 Pauli
2347 2876 2753 2945 apostolorum
2785 2878 2983 2932 habito
3015 2878 3163 2932 duos
3197 2879 3507 2950 episcopos
3541 2884 3599 2933 et
3628 2894 3798 2933 exse-

2150 2964 2418 3015 cuturem
2452 2962 2661 3034 Cpolin
2704 2964 2904 3034 mittit,
2938 2967 3234 3020 Zenonem
3277 2970 3335 3019 et
3364 2965 3645 3020 Acacium
3692 2981 3796 3035 per

2150 3048 2379 3104 litteras
2402 3050 2623 3121 jubens
2650 3054 2947 3125 Mongum,
3001 3059 3204 3126 utpote
3252 3054 3618 3124 hmreticum,
3663 3053 3791 3108 Ale-

2152 3138 2404 3193 xandria
2434 3140 2686 3211 exigere.

2075 3209 2126 3273 CI
2228 3229 2398 3282 Anno
2430 3229 2496 3283 13
2526 3209 2779 3285 Zenonis
2810 3235 2868 3286 et
2894 3231 3087 3287 Acasii
3108 3232 3284 3303 jussu
3340 3233 3585 3288 Romani
3618 3232 3798 3304 legati

2156 3316 2346 3387 Abydi
2375 3323 2515 3373 sunt
2544 3321 2986 3391 comprehensi,
3022 3321 3235 3376 littera:
3292 3322 3659 3393 interceptm,
3690 3321 3803 3392 ipsi

2156 3406 2219 3460 in
2270 3407 2599 3463 custodiam
2647 3409 2818 3476 dati;
2868 3413 3248 3481 minatusque
3298 3412 3383 3466 eis
3432 3413 3585 3466 Zeno
3644 3428 3805 3465 mor-

2158 3501 2278 3550 tem
2309 3500 2418 3562 est,
2452 3497 2567 3552 nisi
2598 3515 2728 3553 eum
2756 3501 2960 3571 Mongo
2986 3505 3044 3555 et
3074 3501 3283 3555 Acacio
3315 3500 3800 3555 communionem

2160 3586 2401 3641 inirent.

2231 3678 2398 3731 Anno
2432 3679 2495 3731 13
2527 3678 2725 3733 Acacii
2758 3694 2937 3733 suasu
2964 3679 3119 3733 Zeno
3150 3677 3467 3732 orientales
3496 3677 3804 3747 episcopos

2164 3764 2354 3836 coegit
2410 3764 2782 3820 subscribere
2840 3766 3122 3821 Henotico
3169 3764 3251 3837 (id
3301 3765 3608 3835 scriptum,
3658 3764 3741 3819 sic
3778 3780 3814 3818 a

2166 3852 2481 3909 concordia
2536 3853 2899 3908 instituenda
2953 3855 3198 3921 dictum,
3247 3854 3495 3908 Aeacius
3528 3869 3597 3908 ex
3627 3852 3812 3908 animi

2167 3941 2257 3994 sui
2310 3942 2607 3997 sententia
2655 3942 3028 4013 condiderat)
3075 3948 3134 3997 et
3189 3944 3630 3998 communicare
3679 3958 3814 3996 cum

2169 4031 2342 4084 Petro
2376 4032 2599 4102 Mongo.
2635 4032 2895 4085 Pecunia
2924 4048 3162 4102 quoque
3193 4032 3329 4087 data
3370 4034 3556 4086 Roma
3605 4032 3817 4086 missos

2172 4118 2393 4189 legatos
2442 4136 2510 4173 eo
2562 4120 2834 4190 perduxit
2885 4126 2949 4174 ut
2980 4126 3187 4174 contra
3230 4121 3507 4175 mandata
3539 4137 3647 4174 sua
3677 4137 3810 4174 cum

2174 4207 2383 4261 Acacio
2429 4209 2959 4263 communicarent.
2995 4210 3153 4264 Felix
3200 4209 3301 4264 ubi
3345 4226 3471 4263 rem
3502 4208 3812 4279 comperit,

2174 4296 2245 4350 iis
2276 4308 2449 4350 suam
2471 4297 2693 4352 ademit
2722 4297 3094 4369 dignitatem,
3127 4298 3407 4353 Acacium
3440 4313 3674 4367 quoque
3708 4314 3813 4367 per

2173 4385 2401 4441 litteras
2451 4386 2524 4441 ad
2581 4404 2717 4442 eum
2768 4388 3016 4459 scriptas
3065 4387 3273 4442 ordine
3322 4387 3630 4458 dejiciens.
3664 4389 3818 4452 Quas

2177 4480 2451 4547 acceptas
2495 4478 2742 4532 Aeacius
2791 4495 2896 4549 pro
2965 4477 3150 4533 nihilo
3213 4476 3440 4544 habuit,
3490 4476 3818 4547 Felicisque
3859 4535 3872 4545 ,

2100 4584 2144 4648 D
2174 4580 2393 4620 nomen
2423 4582 2494 4621 ex
2522 4566 2657 4621 albo
2691 4567 2951 4622 snstulit.

2246 4655 2416 4709 Anno
2442 4657 2504 4709 16
2536 4656 2745 4711 Petrus
2766 4654 2869 4709 ille
2895 4656 3136 4728 Mongus
3153 4653 3522 4710 Alexandriae
3545 4655 3817 4721 moritur,

2176 4745 2348 4814 eique
2404 4745 2763 4802 Athanasius
2810 4746 2965 4802 620
2999 4749 3390 4818 cognomento
3418 4744 3644 4798 Celetes
3676 4744 3819 4799 sub-

2176 4838 2433 4907 rogatur.
2484 4837 2638 4891 Zeno
2692 4841 2890 4890 autem
2938 4852 2972 4889 a
3020 4835 3288 4906 tyrannis
3342 4834 3527 4888 otium
3573 4833 3820 4902 adeptus

2179 4924 2540 4981 Antiochena
2571 4926 2830 4981 Ecclesia
2861 4925 3134 4980 exturbat
3161 4923 3607 4986 Calandionem,
3641 4921 3820 4990 inque

1630 5045 2063 5103 XYLANDRET
2100 5048 2316 5104 GOARI
2382 5051 2605 5105 NOT/E.

493 5179 605 5245 (86)
632 5176 833 5233 Globus
864 5172 960 5229 ille
991 5173 1279 5229 nimirum
1326 5189 1505 5245 quem
1551 5175 1749 5227 statua
1794 5172 2076 5228 Constan-

428 5248 533 5302 tini
553 5248 612 5302 in
641 5248 763 5302 foro
788 5251 983 5302 erecta
1012 5262 1197 5301 manu
1228 5244 1614 5317 gerebat,non
1636 5260 1771 5298 vero
1804 5244 2080 5317 columna:

428 5320 635 5387 globus,
665 5324 731 5373 ut
768 5335 1067 5389 perperam
1118 5314 1453 5386 Xylander;
1499 5315 1614 5389 nisi
1672 5314 1953 5389 vocabulo
1988 5333 2079 5370 co-

429 5386 648 5446 lumnae
671 5386 924 5445 statuam
956 5390 1019 5443 in
1049 5389 1327 5443 columna
1356 5386 1775 5458 porphyretica
1821 5386 2074 5457 positam

433 5403 648 5446 lumnae
671 5403 924 5445 statuam
956 5406 1019 5443 ιη
1049 5403 1327 5443 cclumna
1356 5403 1775 5511 porpnyremca
1821 5403 1878 5457 ρ(

431 5463 738 5540 intelligat,
762 5461 842 5540 Ade
873 5460 1375 5540 q_ua_ja.m.auc_tor
1406 5460 1506 5540 fon.
1540 5460 1665 5513 265.
1702 5458 1878 5511 Gosn.

502 5531 633 5605 (87)
653 5534 849 5586 Platea
870 5532 1120 5605 civitatis
1150 5531 1232 5585 ita
1252 5532 1426 5605 dicta:
1453 5531 1628 5605 (inqui,

500 5598 609 5675 (88)
644 5607 834 5675 Longe
865 5608 954 5657 est
984 5601 1466 5675 abrexsequendo
1519 5598 1703 5675 Latini
1739 5599 2077 5670 interpretis

434 5669 629 5733 officio
650 5669 1077 5746 Xylander,qui
1103 5690 1223 5729 non
1242 5669 1577 5742 defensorem
1594 5669 1699 5726 sed
1712 5669 2079 5728 exsecutorem

2186 5176 2359 5230 vertit
2407 5170 2641 5231 ἔκδικον.
2685 5175 2834 5239 Quid
2882 5180 3258 5247 exsequetur,
3304 5173 3514 5247 edicat.
3565 5173 3829 5247 Defensor

2187 5252 2346 5318 certe
2396 5248 2590 5301 causis
2641 5263 2970 5318 pauperum
3020 5244 3077 5301 et
3124 5245 3521 5301 Ecclesiarum
3562 5244 3823 5318 vacabat,

2188 5317 2358 5390 cujus
2378 5318 2629 5390 titulum
2642 5316 2829 5390 gessit
2851 5318 3229 5373 Sebastianus
3251 5322 3495 5390 martyr.
3521 5316 3827 5390 Eumdem,

2188 5389 2307 5442 imo
2335 5389 2557 5459 plures,
2609 5388 2669 5443 et
2715 5407 2893 5460 super
2946 5406 3152 5444 omnes
3202 5389 3516 5460 primatem
3571 5388 3829 5443 Ecclesia

2190 5461 2387 5514 Graeca
2418 5460 2577 5515 inter
2607 5460 2990 5527 ofﬁciales,de
3012 5461 3224 5530 quibus
3250 5461 3827 5527 Codinus,recenset.

2193 5532 2269 5585 De
2302 5532 2373 5584 iis
2401 5532 2721 5587 concilium
2744 5533 3203 5605 Carthaginense
3235 5533 3392 5604 apud
3420 5533 3827 5588 Balsamonein

2194 5619 2326 5658 ean.
2357 5606 2443 5658 78.
2487 5606 2659 5661 Gesn.
