4126 6296
222 584 225 587 ·
320 560 484 635 ἄνδρα
566 561 831 636 Πελάγιον
914 564 1006 619 τὸν
1086 562 1393 637 πατρίκιον,

317 344 434 402 677

1421 343 1968 408 HISTORIARUM
2015 342 2573 407 COMPENDIUM.

3602 348 3721 409 6'78

319 474 406 532 τὸν
469 476 783 547 θαυμαστὸν
830 475 920 530 καὶ
978 474 1103 551 περὶ
1189 475 1409 546 ποίησιν
1464 475 1605 533 ἰπῶν
1671 474 1960 553 ἀξιόλογον

2088 482 2135 532 3t
2191 495 2327 533 eum
2378 478 2452 533 ad
2500 478 2819 549 imperium
2870 483 3160 536 evexerat.
3192 478 3495 535 Interfecit
3541 480 3722 536 etiam

1489 564 1837 641 ἐλευθεροστο
1846 569 1965 639 μεῖν

322 649 522 722 εἰδότα,
554 651 630 715 ὡς
663 652 928 728 φρόνιμον
959 654 1051 709 καὶ
1099 651 1312 711 δίκαιον
1367 655 1456 710 καὶ
1509 659 1754 735 φανερῶς
1805 653 1969 729 ἰλέγ-

321 762 494 818 χοντα
550 742 646 804 τὰς
700 742 993 815 ἀθεμίτους
1049 746 1299 814 Ζήνωνος
1366 745 1605 820 πράξεις·
1667 743 1726 807 ὄς
1782 743 1833 799 ἐν
1888 748 1969 816 τῷ

326 828 546 905 μέλλειν
579 827 784 894 ἀδίκως
823 830 1079 903 τελευτᾷν
1136 829 1354 888 τοιάσδε
1410 833 1592 899 φωνὰς
1644 834 1795 912 ἠφίει
1836 832 1971 908 πρὸς

321 920 410 975 τὸν
443 924 549 974 τῶν
581 916 729 977 ὅλων
762 921 916 991 Θεὸν,
976 920 1053 983 εἰς
1105 921 1333 996 οὐρανὸν
1383 923 1476 984 τὰς
1533 927 1725 999 χεῖρας
1771 923 1971 977 ἀναπε-

320 1008 503 1070 τάσας.
542 1005 639 1075 Α’ί,
672 1008 765 1064 ea
792 1005 1122 1078 δικαιότατε,
1155 1008 1281 1084 ἐμοὶ
1333 1011 1429 1085 μὲν
1484 1010 1738 1086 ἐπάγεται
1789 1011 1971 1086 βίαιος

325 1099 575 1168 θάνατος,
607 1096 747 1154 διότι
778 1100 876 1162 τὰς
935 1099 1150 1161 πολλὰς
1208 1101 1333 1175 βίας
1388 1104 1639 1172 Ζήνωνος
1688 1100 1970 1176 ἐλευθερο-

327 1192 546 1259 στομῶν
611 1186 960 1259 ἀνέστελλον,
1018 1189 1109 1244 καὶ
1167 1189 1253 1246 ὅτι
1306 1190 1398 1245 τὸν
1452 1190 1670 1260 ἠλίθιον
1733 1187 1972 1266 ἀδελφὸν

324 1273 487 1331 αξιτοῦ
527 1274 591 1331 ού
623 1276 966 1352 συνεχώροθν
1001 1276 1231 1352 βασιλέα
1261 1277 1518 1353 γίνέσθαι·
1554 1280 1616 1333 σὺ
1658 1275 1735 1349 δὶ,
1768 1279 1975 1333 Δέσπο-

323 1386 386 1421 τα
425 1363 823 1439 παντοδύναμε,
881 1367 929 1438 ᾧ
990 1365 1144 1440 μὲλει
1201 1368 1267 1422 τὰ
1322 1372 1421 1423 τοῦ
1490 1365 1721 1438 δικαίου,
1780 1372 1971 1431 θᾶττον

2076 567 2376 639 Pelagium
2409 567 2949 638 patricium,virum
2972 568 3323 639 praeclarum
3355 573 3414 623 et
3442 568 3723 624 carminis

2079 656 2400 728 scriptione
2443 655 2758 729 insignem,
2792 657 2951 729 quod
2998 657 3048 714 is
3097 675 3201 728 pro
3251 674 3357 714 sua
3403 657 3725 729 prudentia.

2081 752 2140 801 et
2159 746 2397 817 justitia
2425 746 2762 801 libertatem
2794 746 3027 801 dicendi
3063 746 3171 802 sibi
3204 748 3722 814 sumens,Zenonis

2080 836 2309 891 nefaria
2337 836 2601 891 facinora
2631 835 2827 907 palam
2858 834 3214 892 incessebat.
3248 836 3565 892 Moriturus
3596 855 3727 894 ma-

2079 924 2257 980 nibus
2306 926 2368 980 in
2414 924 2629 981 cmlum
2670 924 2918 980 intentis
2970 926 3155 979 Deum
3212 926 3476 981 omnium
3525 942 3725 982 rerum

2079 1013 2535 1086 gubernatorem
2559 1013 2644 1070 sic
2668 1018 2758 1070 est
2786 1019 3061 1085 precatus
3087 1030 3099 1069 :
3126 1015 3167 1069 Ο
3192 1014 3524 1085 justissime
3549 1016 3722 1081 Deus,

2081 1104 2228 1158 mihi
2260 1103 2500 1174 quidem
2527 1103 2746 1175 injuste
2775 1119 2889 1159 nec
2919 1102 3191 1170 infertur,
3223 1108 3539 1174 propterea
3567 1102 3727 1173 quod

2080 1192 2271 1248 libero
2291 1210 2393 1248 ore
2416 1193 2670 1248 Zenonis
2685 1193 2874 1248 multa
2892 1192 3157 1248 facinora
3176 1191 3434 1247 violenta
3446 1193 3726 1263 repressi,

2083 1287 2142 1337 et
2195 1282 2356 1352 quod
2412 1281 2642 1337 fatuum
2714 1282 2842 1354 ejus
2914 1281 3159 1337 fratrem
3214 1280 3380 1337 nolui
3438 1282 3729 1336 Caesarem

2085 1371 2401 1443 designari.
2452 1373 2533 1426 Tu
2581 1375 2800 1439 autem,
2869 1370 3115 1426 Domine
3165 1371 3564 1441 omnipotens,
3628 1368 3729 1439 qui

324 1453 506 1517 αὐτοῖς
537 1461 637 1525 τῆς
672 1455 983 1534 μιαιφονίας
1025 1455 1345 1527 ἀπαιτήσεις
1394 1457 1490 1519 τὰς
1545 1456 1783 1520 εὐθύνας.
1833 1456 1974 1514 Τού-

2088 1461 2325 1533 ῇιιεῐὶῐὶεο
2348 1461 2640 1516 rationem
2690 1459 2893 1526 babes,
2940 1476 3119 1530 quam
3148 1460 3408 1531 primum
3441 1459 3729 1516 scelerata

321 1564 418 1600 του
447 1543 666 1618 φέρεται
691 1545 923 1620 Ἰστορία
969 1541 1039 1600 δι’
1087 1545 1228 1601 ἐπῶν
1289 1547 1645 1624 γεγραμμένη
1700 1546 1804 1601 ἀπὸ
1861 1546 1976 1601 Αύ-

323 1632 553 1710 γούστου
606 1632 902 1708 Καίσαρος.
964 1637 1176 1692 Τούτου
1235 1637 1462 1709 πόνημα
1510 1637 1601 1692 καὶ
1659 1637 1724 1691 τὰ
1779 1634 1978 1692 καλού-

329 1723 891 1799 μεναὉμηρόκεντρα
946 1725 1037 1779 καὶ
1080 1722 1228 1780 ἄλλα
1288 1724 1453 1801 μυρία
1512 1726 1785 1799 Θαύματος
1833 1723 1973 1797 ἄξια.

2084 1566 2291 1607 eorum
2336 1549 2659 1605 homicidia
2698 1550 2928 1621 punito.
2981 1554 3178 1605 Exstat
3228 1551 3487 1606 Historia
3533 1550 3605 1606 ab
3657 1567 3724 1604 eo

2086 1641 2238 1697 es:
2270 1639 2490 1710 scripta
2539 1639 2826 1706 versibus,
2874 1638 2946 1694 ab
2999 1644 3259 1711 Augusto
3310 1641 3537 1695 Caesare
3569 1656 3724 1696 orsa.

2087 1730 2550 1784 Homerocentra
2580 1728 2759 1784 etiam
2807 1728 3159 1798 composuit,
3202 1728 3436 1799 aliaque
3467 1728 3728 1799 plurima

324 1810 401 1864 Τἀ
429 1809 599 1882 ὅμοια
629 1807 687 1866 δὲ
714 1807 972 1883 πέπονθε,
1026 1813 1118 1867 καὶ
1173 1812 1424 1886 Ζώσιμος
1454 1813 1482 1869 ὁ
1514 1818 1743 1882 Γαζαῖος
1788 1812 1972 1886 ῥήτωρ

2088 1818 2259 1873 laude
2291 1818 2482 1890 digna.
2516 1819 2668 1872 Zeno
2686 1822 2886 1872 autem
2909 1817 3207 1872 Zosimum
3238 1818 3733 1888 prmtereainter—

324 1898 414 1953 καὶ
467 1896 756 1973 Ἀρκάδιος
785 1901 813 1954 ὁ
853 1896 1094 1979 ἔπαρχος
1142 1902 1232 1956 καὶ
1281 1901 1445 1958 ἄλλοι
1493 1907 1601 1958 τῶν
1654 1901 1964 1974 ἐπισήμων.

326 1987 587 2043 Τοιούτου
615 1988 716 2064 γὰρ
764 1989 856 2044 καὶ
907 1988 1171 2045 τοσούτου
1227 1989 1520 2069 γεγονότος
1575 1994 1673 2045 νοῐὶ
1720 1992 1971 2060 Ζήνωνος

329 2069 383 2128 ἓν
420 2096 480 2132 τε
536 2077 720 2154 φόνοις
767 2078 859 2134 καὶ
897 2077 1182 2152 ἀθεμίτοις
1236 2079 1505 2153 πράξεσιν,
1566 2079 1668 2135 οὐκ
1721 2079 1974 2153 ἠμέλησε

329 2165 390 2219 τὸ
420 2170 571 2222 Θεῖον
600 2166 676 2229 εἰς
727 2169 827 2238 τήν
888 2167 1084 2224 τούτου
1145 2170 1231 2244 [Ρ.
1294 2174 1422 2242 355]
1475 2168 1766 2244 ἀναίρεσιν,
1825 2165 1973 2223 ἀλλὰ

328 2252 585 2334 σφοδραῖς
646 2256 735 2313 καὶ
791 2255 1183 2335 ἀδιαγνώσνοις
1240 2257 1457 2324 ὀδύναις
1523 2265 1626 2316 πᾶν
1682 2260 1745 2314 τὸ
1813 2262 1975 2332 σῶμα

326 2339 623 2419 περιϐαλὸν
687 2347 883 2420 βιαίως
938 2351 1034 2402 τοῦ
1094 2353 1190 2423 ζῇν
1247 2348 1597 2423 ἀπεστέρησε.
1644 2349 1854 2423 ’Λόγος
1915 2344 1974 2401 δὶ

325 2429 543 2510 ἐφέρετο
583 2431 668 2488 ὅτι
722 2432 783 2489 ἔκ
836 2456 984 2496 τινος
1043 2436 1190 2500 θείας
1247 2434 1528 2511 δυνάμεως
1582 2435 1969 2510 ἐκαρατομήθη

329 2520 595 2594 ἀοράτως,
631 2524 802 2597 μόνης
849 2526 948 2593 τῆς
997 2522 1193 2601 δέρεως
1237 2530 1316 2597 τῷ
1370 2524 1642 2604 τραχήλῳ
1694 2525 1972 2598 συνημμέ-

324 2630 441 2679 νης.
474 2615 582 2680 Τῆς
616 2611 710 2667 οὖν
755 2615 996 2688 γαμετῆς
1030 2613 1196 2669 αὐτοῦ
1242 2616 1333 2668 καὶ
1381 2618 1491 2669 τῶν
1550 2612 1970 2687 Θαλαμηπόλιυν

322 2705 421 2768 τῆς
483 2699 686 2763 οἰκείας
736 2700 1037 2778 ἀσφαλείας
1122 2699 1564 2777 προνοουμένων,
1638 2701 1818 2758 εἷάσαν
1877 2703 1968 2758 τὸν

325 2788 511 2862 νεκρὸν
542 2791 791 2864 κείμενον
821 2792 1029 2865 γυμνὸν
1060 2791 1150 2847 ἐπὶ
1199 2790 1433 2860 σανίδος,
1472 2791 1562 2847 καὶ
1612 2790 1777 2865 μόλις
1828 2791 1971 2871 ἀμφὶ

324 2878 417 2933 τὸν
449 2877 645 2953 ὄρθρον
673 2885 783 2935 τῶν
838 2878 900 2936 οὒ
965 2882 1355 2957 προσηκόννων
1410 2903 1494 2943 τις
1550 2879 1765 2955 ἔῤῥιψεν
1824 2880 1972 2954 αὐτῷ

329 2964 564 3024 σινδόνα.
598 2970 751 3026 Μετὰ
782 2965 841 3024 δὶ
867 2969 928 3025 τὸ
974 2973 1331 3041 κατατεθῆναι
1380 2968 1540 3026 αὐτόν
1588 2971 1642 3025 ἐν
1688 2974 1769 3042 τῷ
1816 2969 1971 3044 τάφῳ

328 3052 520 3135 ἔφασαν
555 3058 606 3112 οἱ
639 3058 1105 3134 σωματοφύλακες
1136 3061 1190 3115 οἱ
1221 3060 1273 3115 ἐν
1318 3065 1397 3132 τῷ
1442 3059 1599 3136 τάφῳ
1654 3058 1971 3132 τεταγμένοι

328 3146 523 3222 γοερὰν
577 3148 732 3222 φωνή
793 3147 881 3203 ἐπὶ
941 3145 1038 3202 δύο
1096 3148 1288 3211 νύκτας
1348 3144 1701 3212 ἀποδίδοσθαι
1764 3146 1824 3202 ἐκ.
1874 3151 1971 3202 τοῦ

332 3237 614 3310 μνήματος
645 3237 832 3291 αὐτοῦ·
891 3236 1207 3310 Ἐλεήσατε,
1265 3238 1545 3310 ἐλεήσατε,
1592 3238 1685 3294 καὶ
1735 3237 1975 3309 ἀνοίξατέ

332 3346 449 3398 μοι.
470 3328 592 3383 Τῶν
616 3323 674 3380 δὲ
695 3326 982 3398 εἰπόντων,
1006 3327 1090 3384 ὅτι
1117 3326 1323 3391 Ἀλλος
1350 3327 1647 3403 βασιλεύει,
1671 3326 1975 3403 ἔφη.οὐδὲν

333 3434 426 3487 μοι
459 3412 636 3488 μέλειο
671 3414 749 3476 εἰς
781 3419 1147 3491 μοναστήριον
1190 3416 1493 3493 ἀπαγάγετὲ
1527 3438 1611 3491 με.
1644 3421 1760 3473 Τῶν
1807 3414 1864 3472 δὲ
1896 3419 1973 3491 μή

329 3503 674 3573 ἀνοιξάντων,
708 3502 920 3579 λεγεται
957 3506 1093 3578 μετά
1146 3527 1269 3562 τινα
1322 3507 1524 3581 χρόνον
1579 3507 1642 3560 τὸ
1705 3511 1973 3579 μνημεῖον

330 3591 641 3667 ἀνοιγῆναι,
670 3593 760 3649 καὶ
796 3595 1085 3667 εὑρεθῆναι
1118 3596 1282 3650 αὐτὸν
1336 3595 1437 3650 ὑπὸ
1492 3594 1683 3664 πείνης
1733 3597 1976 3673 φαγόντα

328 3681 456 3742 τοὺς
489 3680 787 3756 βραχίονας
818 3682 983 3738 αὐτοῦ
1039 3683 1129 3738 οιαὶ
1175 3684 1243 3738 τὰ
1286 3681 1510 3761 καλίγια
1541 3684 1654 3759 (92)
1686 3682 1719 3738 ἅ
1771 3683 1977 3763 ἐφόρει,

334 3765 424 3825 διὰ
449 3769 512 3824 τὸ
540 3774 755 3844 συχνῶς
793 3774 874 3843 τῷ
903 3771 1129 3846 κατόχῳ
1178 3774 1450 3844 νοσήματι
1496 3774 1829 3846 κρατεῖσθαι,
1886 3772 1976 3828 καὶ

332 3859 780 3933 προφιλιωθῆναι
808 3853 888 3915 ἔτι
919 3864 1122 3929 ζῶντος
1167 3859 1336 3917 αὐτοῦ
1387 3862 1486 3931 τήν
1555 3862 1847 3936 Ἀρῐεὶδνην
1900 3866 1979 3933 τῷ

334 3947 694 4020 Ἀναστασίῳ,
755 3947 874 4003 ὅθεν
931 3950 1023 4004 καὶ
1081 3951 1133 4007 οἱ
1216 3947 1454 4029 φύλακες
1508 3955 1616 4005 τῶν
1678 3951 1974 4026 βασιλικῶν

336 4035 631 4108 μνημάτων
662 4038 730 4107 τῇ
762 4037 1101 4112 παραγγελία
1130 4037 1297 4107 αὐτῆς
1331 4040 1467 4114 πρὸς
1494 4039 1559 4095 τὸ
1591 4041 1668 4112 μή
1697 4039 1980 4116 ἀνοιγῆναι

332 4124 426 4179 τὸν
455 4125 679 4194 Ζήνωνα
709 4122 1063 4196 ἐτυπώθησαν
1097 4124 1279 4182 ἔκτοτε
1310 4129 1445 4201 (63).

404 4214 494 4271 Ἐν
524 4211 713 4276 αὐτοῖς
739 4210 797 4269 δὲ
823 4219 940 4277 τοῖς
999 4215 1221 4291 χρόνοις
1270 4217 1513 4290 Περόζης
1542 4218 1572 4271 ὁ
1593 4220 1702 4272 τῶν
1760 4221 1977 4292 Περσῶν

336 4301 593 4379 βασιλεὺς
677 4300 841 4359 πάλιν
907 4302 1325 4379 ἆπιστρατεύσας
1410 4304 1497 4360 ἐπὶ
1567 4304 1695 4367 τοὺς
1754 4304 1980 4369 λευκοὺς

333 4388 571 4454 Ούννους
595 4392 725 4456 τοὺς
779 4391 1124 4470 Νεφθαλίτας
1180 4395 1295 4468 (94)
1349 4392 1602 4448 ἀπώλετο
1646 4395 1975 4467 πανστρατί.

333 4479 648 4554 Ὀρύξαντες
676 4480 777 4556 γὰρ
833 4481 1039 4559 τάφρον
1102 4484 1320 4559 βαθεῖαν
1378 4483 1468 4538 καὶ
1523 4481 1807 4557 καλάμους
1860 4483 1982 4539 ἐπι-

2086 1906 2246 1975 fécit,
2278 1907 2579 1961 rethorem
2608 1908 2896 1972 Gazasum,
2930 1910 2989 1961 et
3018 1906 3329 1962 Arcadium
3361 1906 3729 1978 praefectum,

2090 1997 2355 2067 aliosque
2382 1996 2645 2051 illustres
2676 1996 2852 2051 viros.
2886 1997 3085 2066 Neque
3108 2012 3242 2050 vero
3268 2000 3354 2050 tot
3382 1996 3641 2051 caedibus
3659 2013 3728 2051 ac

2088 2084 2410 2140 sceleribus
2432 2100 2551 2138 non
2574 2083 2859 2154 imposuit
2885 2100 3089 2154 poenas
3112 2083 3308 2139 divina
3338 2083 3729 2151 vindicta,sed

2087 2191 2222 2229 eum
2254 2172 2705 2228 vehementibus
2736 2179 2915 2242 atque
2933 2172 3251 2245 incognitis
3280 2172 3584 2228 doloribus
3610 2179 3730 2227 tolo

2087 2278 2331 2334 corpore
2350 2261 2752 2317 excruciatum
2773 2261 3033 2317 violenta
3047 2267 3236 2316 morte
3255 2261 3729 2317 sustulit.Fertur

2084 2351 2244 2407 fama
2275 2351 2327 2406 ei
2358 2368 2393 2407 a
2422 2350 2678 2421 quadam
2702 2350 2897 2406 divina
2918 2355 3210 2421 potestate
3240 2350 3323 2405 ita
3352 2350 3533 2405 fuisse
3554 2355 3729 2420 caput

2087 2442 2438 2507 abscissum,
2468 2446 2536 2496 ut
2556 2457 2625 2496 ea
2639 2456 2734 2495 res
2756 2446 3138 2511 conspectum
3169 2440 3482 2495 hominum
3504 2440 3733 2511 fugeret

2088 2531 2332 2602 solaque
2381 2535 2514 2585 cute
2568 2535 2745 2601 caput
2793 2546 2928 2584 cum
2990 2528 3314 2585 cervicibus
3356 2529 3730 2601 jungeretur.

2086 2621 2289 2692 Itaque
2316 2634 2560 2676 uxorem
2601 2626 2661 2675 et
2687 2619 3083 2675 cubicularios
3102 2620 3356 2691 propriae
3380 2619 3553 2674 saluti
3578 2635 3729 2675 con-

2087 2710 2352 2765 sulentes
2382 2714 2685 2765 mortuum
2717 2710 2778 2763 in
2809 2726 3009 2765 assere
3028 2710 3330 2779 jacentem
3360 2709 3676 2778 reliquisse
3711 2723 3724 2763 :

2087 2799 2349 2855 diluculo
2364 2799 2600 2854 tandem
2621 2798 2937 2869 quemdam
2951 2798 3118 2852 nulla
3140 2814 3276 2852 eum
3289 2798 3727 2852 necessitudine

2086 2887 2501 2959 attingentium
2517 2886 2828 2942 sindonem
2847 2885 3113 2942 cadaveri
3128 2886 3186 2940 in
3186 2885 3727 2957 jecisse.Satcllites

2087 2992 2262 3048 porro
2312 2977 2412 3046 qui
2457 2976 2531 3031 ad
2578 2976 2938 3047 sepulcrum,
2981 2974 3043 3029 in
3085 2991 3202 3045 quo
3252 2975 3548 3046 repositus
3596 2974 3728 3043 fuit,

2085 3062 2541 3120 custodiendum
2592 3069 2764 3119 erant
2810 3062 3101 3134 collocati,
3156 3063 3489 3118 retulerunt
3530 3080 3592 3117 se
3624 3078 3731 3134 per

2086 3155 2233 3209 duas
2299 3159 2503 3209 noctes
2550 3144 2997 3209 lamentabilem
3049 3170 3250 3208 vocem
3309 3152 3602 3207 audivisse
3661 3169 3731 3206 ex

2085 3240 2357 3311 sepulcro
2405 3240 2669 3295 elatam:
2719 3239 3102 3317 Miseremini,
3164 3244 3224 3294 et
3274 3239 3499 3310 aperite
3558 3237 3727 3293 mihi.

2083 3332 2227 3385 Cum
2251 3328 2519 3385 dicerent
2539 3328 2958 3399 aliumjamim
2978 3329 3296 3400 imperare,
3327 3328 3726 3398 Nihil,inquit,

2086 3434 2224 3474 curo
2251 3434 2264 3472 :
2315 3418 2376 3472 in
2405 3416 2836 3473 monasterium
2867 3433 2962 3472 me
2995 3416 3287 3472 abducite.
3338 3416 3452 3471 Sed
3473 3433 3606 3471 cum
3640 3415 3727 3469 illi

2084 3525 2206 3562 non
2238 3507 2560 3579 aperirent,
2591 3507 2792 3562 ferunt
2809 3506 3115 3577 aliquanto
3137 3510 3271 3577 post
3294 3506 3726 3561 monimentum

2082 3597 2266 3652 fuisse
2297 3597 2595 3652 reclusum
2629 3596 3051 3665 inventumque
3083 3595 3145 3649 in
3176 3611 3244 3648 eo
3275 3596 3592 3658 Zenonem,
3627 3595 3726 3664 qui

2086 3703 2206 3759 prae
2237 3687 2393 3742 fame
2421 3702 2561 3741 suos
2588 3685 2715 3756 ipse
2742 3685 2997 3740 lacertos
3031 3683 3344 3739 manderet
3398 3688 3458 3737 et
3488 3683 3729 3755 caligas,

2087 3792 2234 3847 quas
2258 3775 2545 3849 gestabat,
2580 3774 2720 3845 quia
2748 3772 2955 3828 crebro
2983 3772 3269 3829 comitiali
3300 3772 3733 3843 corripiebatur

2086 3865 2314 3932 morbo,
2341 3869 2397 3918 et
2428 3863 2555 3934 ipso
2587 3862 2779 3917 adhuc
2808 3862 3034 3916 vivente
3062 3860 3324 3916 Ariadna
3353 3862 3730 3918 Anastasium

2087 3954 2343 4009 amabat.
2403 3954 2604 4022 Itaque
2657 3966 2727 4005 ea
2772 3950 3157 4007 mandaverat
3202 3949 3546 4006 custodibus
3586 3953 3732 4023 regii

2090 4042 2346 4114 sepulcri
2373 4058 2447 4096 ne
2476 4039 2793 4111 aperirent.

2160 4222 2314 4277 628
2360 4219 2581 4275 Eodem
2625 4225 2891 4290 tempore
2941 4225 3185 4275 Perozes
3229 4219 3545 4275 Persarum
3603 4234 3726 4287 rex,

2090 4327 2223 4365 cum
2257 4310 2452 4364 denuo
2493 4307 2930 4379 espeditionem
2963 4307 3242 4363 adversus
3273 4306 3438 4363 albos
3468 4310 3732 4375 Hunnos,

2091 4401 2191 4471 qui
2223 4402 2504 4455 vocantur
2532 4397 2946 4469 Nephthalitae,
3000 4398 3380 4469 suscepisset,
3433 4415 3567 4453 cum
3611 4404 3734 4454 toto

2092 4488 2351 4544 exercitu
2383 4487 2730 4559 periit.Nam
2753 4488 2946 4543 Hunni
2971 4502 3105 4543 cum
3137 4487 3490 4558 profundam
3514 4489 3737 4545 fossam

330 4570 507 4636 θέντες
554 4571 645 4626 καὶ
692 4578 793 4645 γῆν
853 4570 1223 4647 ἆπιχώσαντες
1263 4567 1479 4647 ἔμειναν
1528 4569 1701 4640 ἔνεον,
1755 4572 1974 4649 ὀλίγους

2095 4576 2354 4647 egissent
2381 4587 2632 4645 eamque
2669 4574 2911 4629 calamis
2960 4574 3448 4642 constravissent,
3482 4591 3737 4647 superne

330 4657 392 4716 δί
418 4659 723 4730 ὑπαντῆσαι
768 4661 985 4725 τούτοις
1030 4662 1275 4743 ἀφέντες,
1331 4663 1422 4718 κάὶ
1465 4664 1619 4727 αὖθις
1668 4663 1743 4725 εἰς
1800 4665 1981 4742 φυγὴν

326 4748 619 4824 τραπίντες
650 4749 739 4805 καὶ
768 4752 836 4806 τὰ
888 4753 1045 4809 στενὰ
1091 4747 1394 4825 διαϐάντες,
1449 4755 1482 4807 ἀ
1538 4753 1684 4831 σφίσι
1729 4753 1981 4828 γνώριμα

329 4838 606 4914 ὑπῆρχον.
641 4839 708 4895 Οἱ
742 4836 800 4894 δὶ
848 4840 1045 4916 Περσαι
1107 4839 1278 4915 μηδὲν
1329 4839 1505 4896 δεινὸν
1556 4841 1981 4905 ὑποπτεύσαντες

2096 4672 2252 4720 terra
2280 4664 2521 4736 injecta,
2554 4663 2714 4718 intra
2745 4679 2873 4718 eam
2896 4680 3025 4719 sese
3052 4665 3500 4730 continuerunt,
3533 4667 3737 4737 paucis

2092 4753 2324 4809 emissis
2357 4752 2458 4822 qui
2487 4753 2644 4807 hosti
2690 4759 3074 4809 occurrerent
3118 4771 3185 4809 ac
3236 4770 3370 4808 mox
3416 4755 3554 4826 fuga
3582 4756 3737 4811 facta

2089 4859 2196 4915 per
2239 4841 2539 4913 angustias
2606 4841 2717 4897 sibi
2766 4846 2938 4898 notas
2978 4842 3312 4898 evaderent.
3355 4845 3547 4897 Persa:
3597 4859 3736 4913 ergo

1528 4956 1891 5017 XYLANDRI
1927 4962 2014 5016 ET
2054 4960 2271 5017 GOARI
2314 4958 2538 5013 NOTAE.

406 5077 521 5158 (92)
556 5077 827 5158 Allusum
858 5083 1026 5158 putat
1057 5078 1362 5158 Xylander
1390 5074 1466 5135 ad
1493 5079 1700 5149 caligas
1724 5079 1977 5158 Latinas.

326 5147 439 5212 Qui
472 5147 605 5204 vero
636 5147 1076 5218 linumflanam
1109 5147 1212 5207 aut
1241 5151 1495 5207 sericum
1548 5147 1899 5207 corrosisset
1925 5155 1985 5206 et

327 5218 868 5293 devorassetZeno?
880 5222 1133 5278 Facilius
1151 5229 1309 5278 certe
1322 5222 1544 5288 calceos,
1572 5238 1719 5293 quos
1745 5239 1852 5277 vox
1881 5240 1980 5275 κα-

327 5287 502 5372 λήιγια
530 5293 732 5372 refert.
758 5293 1013 5372 Dubium
1034 5310 1224 5372 omne
1241 5294 1397 5372 tollit
1416 5287 1980 5372 Euchologiummbi

322 5361 635 5434 religionis
658 5365 1041 5421 candidatum
1089 5366 1299 5422 habitu
1336 5365 1613 5421 monachi
1666 5361 1981 5436 susceptu-

322 5450 484 5515 rum,
519 5436 611 5524 cu‘i
643 5437 785 5524 ritui
818 5453 1080 5524 praesens
1110 5438 1255 5524 olim
1287 5436 1672 5524 adfuimiubet
1700 5452 1735 5491 a
1765 5436 1982 5524 sehab—

314 5504 510 5580 jicere
540 5504 608 5580 τὰ
630 5504 691 5580 ,ἐν
720 5504 849 5580 ποσῖ
881 5506 1108 5580 καλίγια
1138 5509 1246 5580 (ita
1294 5504 1542 5580 scribit),
1591 5524 1711 5562 non
1759 5505 1978 5576 caligis,

325 5575 433 5630 sed
464 5578 662 5633 calceis
692 5579 873 5635 pedes
906 5575 1152 5635 nudare;
1187 5580 1355 5635 ΟοΑιι.

399 5647 513 5722 (93)
552 5647 831 5705 Reddidit
870 5650 1170 5719 Xylander
1220 5651 1431 5706 Inutile
1488 5657 1547 5711 et
1592 5652 1815 5723 ignare.
1866 5652 1980 5706 Re-

2091 5093 2270 5150 pono,
2302 5075 2447 5129 unde
2477 5080 2527 5150 et
2557 5076 2675 5144 ejus
2715 5075 3031 5150 jussu,_neA
3054 5073 3431 5150 recluderctztr
3460 5076 3616 5150 Zeno,
3649 5088 3735 5127 re-

2090 5144 2307 5220 giorum
2336 5144 2710 5220 sepulcrorum
2740 5146 2983 5200 custodes
3000 5146 3238 5220 fuerunt
3251 5145 3524 5220 instituti.
3560 5144 3736 5220 Gesn.

2160 5220 2279 5291 (94)Δ
2299 5213 2437 5291 Quin
2464 5214 2862 5291 antecedunt,
2879 5216 3090 5291 mutila
3132 5213 3412 5291 judicans
3440 5214 3737 5291 asterisco

2089 5285 2307 5345 notavi.
2344 5288 2410 5342 Hi
2439 5292 2639 5341 autem
2672 5287 2866 5341 Hunni
2914 5285 3229 5342 Persarum
3278 5285 3476 5352 vicini,
3530 5305 3563 5342 a
3590 5288 3735 5341 Pro-

2088 5362 2257 5433 cepio
2288 5360 2329 5417 l.
2354 5376 2391 5433 ι
2412 5358 2557 5433 Belli
2583 5361 2789 5433 Persici
2819 5358 3129 5433 Eutbalitm
3166 5364 3474 5433 vocantur,
3509 5365 3574 5413 ut
3603 5360 3734 5433 qui-

2088 5429 2225 5489 dem
2256 5432 2318 5485 in
2352 5429 2722 5501 Volaterrani
2770 5429 2993 5501 legitur,
3027 5430 3319 5501 versione.
3371 5431 3514 5485 Nam
3555 5431 3734 5501 etiam

2089 5503 2246 5575 apud
2270 5499 3230 5575 Nicephorum!sunt—Nephtalitai,
3264 5502 3553 5575 xv1,367.et
3581 5500 3735 5575 apud

2089 5572 2329 5631 Shidam
2379 5587 2446 5625 ex
2490 5572 2744 5645 Josepho
2802 5590 2945 5645 gens
2995 5572 3067 5627 ad
3117 5573 3420 5629 Orientem
3461 5572 3736 5628 habitans

2093 5648 2607 5703 commemoratur.
2642 5644 2780 5699 XvL.
