4126 6296
440 366 560 424 679

1793 355 2110 417 GEORGII
2158 355 2498 419 CEDRENI

3693 367 3796 426 (-80

435 494 639 550 insidii
693 509 814 548 non
859 491 1285 548 animadversis
1349 506 1450 544 eos
1513 489 1765 543 insecuti
1815 487 2072 542 universi

2192 485 2438 560 ἀκρατῶς
2466 488 2693 550 τούτους
2724 487 2976 556 ἐδίωκον,
3025 489 3116 544 καὶ
3169 489 3358 552 πάντες
3413 491 3545 563 ὁμοῦ
3589 493 3673 547 σὺν
3721 499 3791 566 τῷ

433 602 570 640 cum
599 571 733 655 rege
764 585 981 636 Peroza
1008 585 1066 635 et
1105 579 1242 634 ﬁliis
1273 579 1402 650 ejus
1439 578 1500 632 in
1531 575 1874 648 voraginem
1905 577 2072 631 istam

2193 574 2402 649 ΙΙερόζῃ
2434 577 2524 630 καὶ
2553 583 2671 639 τοῖς
2702 577 2868 633 αὐτοῦ
2898 579 3083 633 παισὶν
3141 577 3218 640 εἰς
3272 579 3334 633 τὸ
3391 580 3642 653 βάραθρον
3683 602 3800 653 σύμ-

439 673 774 728 incidentes
802 671 1127 742 perierunt.
1160 671 1408 723 Perozes
1439 683 1506 720 eo
1539 666 1600 720 in
1652 665 1917 737 periculo
1939 682 2081 720 con-

437 764 675 818 stitutus
732 760 1042 826 unionem,
1102 774 1278 829 quem
1336 755 1606 829 gestabat
1663 755 1963 827 ingentem
2011 771 2079 810 ac

437 851 927 908 candidissimum
978 853 1037 904 et
1081 847 1324 903 maximi
1373 845 1568 918 pretii,
1621 861 1656 899 a
1693 844 1898 899 dextra
1937 860 2078 898 aure

435 942 766 997 detractum
814 939 1048 1012 abjecit,
1105 953 1179 991 ne
1228 935 1362 1008 quis
1404 951 1540 990 eum
1570 939 1703 1006 post
1731 949 1792 988 se
1823 938 2079 1004 gestaret

430 1039 531 1090 aut
569 1033 765 1104 ipsum
795 1047 994 1103 regem
1025 1033 1373 1102 agnosceret
1407 1044 1420 1081 :
1448 1033 1574 1082 erat
1617 1026 1780 1080 enim
1810 1028 2076 1096 spectatu

429 1121 960 1195 dignissimusﬂoc
986 1117 1161 1174 modo
1185 1116 1362 1172 modo
1384 1119 1628 1171 Perozes
1659 1131 1794 1170 cum
1814 1113 2076 1168 exercitu

428 1211 678 1265 interiit.
714 1208 953 1264 Barbari
987 1206 1197 1262 exinde
1225 1205 1538 1261 biennium
1585 1207 1794 1259 Persas
1820 1203 2075 1258 tributa-

431 1297 552 1351 rios
629 1294 983 1350 habuerunt.
1045 1295 1126 1347 Eo
1185 1299 1388 1348 exacto
1466 1293 1660 1346 Persa:
1722 1289 2073 1360 superstites

429 1384 720 1440 Cabadem
751 1385 985 1438 Perozm
1019 1382 1211 1437 ﬁlium
1240 1395 1438 1452 regem
1469 1379 1854 1434 constituunt.

501 1475 582 1529 De
613 1474 858 1542 unione,
894 1487 1010 1542 quo
1055 1470 1106 1525 is
1136 1473 1306 1542 pacto
1357 1469 1631 1524 inventus
1661 1467 1860 1532 fuerit,
1895 1464 2070 1519 talem

427 1563 760 1634 reperimus
791 1559 1120 1616 historiam.
1147 1561 1212 1614 In
1235 1560 1370 1614 sinu
1399 1557 1654 1622 Persico,
1681 1555 1780 1626 qui
1812 1571 1846 1608 a
1875 1553 2072 1608 Rubro

426 1652 576 1708 mari
608 1667 810 1707 versus
840 1649 1196 1720 Aquilonem
1229 1654 1318 1702 est
1348 1648 1518 1718 situs,
1553 1645 1807 1700 uniones
1834 1644 2076 1698 aluntur

429 1759 465 1798 a
528 1740 883 1812 pectinibus,
945 1755 1094 1808 quos
1165 1737 1486 1792 Zambacos
1561 1737 1790 1790 vocant.
1854 1735 2072 1787 Horum

427 1831 732 1903 pectinum
766 1828 1008 1899 quidam
1027 1828 1300 1882 inventus
1331 1826 1588 1881 estintre
1623 1841 1684 1880 se
1714 1823 1882 1880 alens
1912 1822 2076 1876 unio-

429 1937 568 1976 nem
582 1921 876 1992 ingentem
893 1934 960 1973 ac
987 1915 1539 1988 splendidissimum
1562 1931 1574 1981 ;
1601 1913 1702 1985 qui
1717 1929 1850 1968 cum
1863 1915 2070 1966 auctus

428 2023 773 2063 mensuram
803 2005 1084 2061 usitatam
1117 2003 1468 2059 excessisset
1511 2000 1828 2071 radiosque
1871 1999 2069 2072 splen-

429 2096 590 2152 doris
624 2096 714 2151 sui
763 2094 1009 2167 fulguris
1057 2095 1118 2148 in
1165 2109 1394 2148 morem
1443 2090 1855 2163 ejacularetur,
1905 2088 2071 2144 canis

431 2185 671 2256 quidam
703 2183 970 2239 marinus
1003 2199 1138 2238 eum
1171 2182 1548 2254 splendorem
1581 2179 1874 2236 adamavit
1915 2179 2071 2233 624

425 2279 486 2328 et
539 2272 1046 2344 pulchritudinem
1104 2277 1390 2343 perpetuo
1436 2269 1720 2325 assectari
1764 2267 1978 2337 caepit,
2013 2270 2072 2320 et

425 2377 780 2432 quocunque
818 2361 994 2415 undaa
1042 2360 1294 2430 pectinis
1342 2357 1629 2413 concham
1676 2355 1966 2420 ferebant,
2001 2369 2068 2408 eo

425 2451 586 2505 canis
607 2465 842 2520 quoque
856 2448 1174 2520 perniciosi
1187 2447 1496 2520 cujusdam
1510 2445 1793 2500 daemonis
1809 2442 2070 2514 impulsu

424 2539 844 2595 bacchabatur.
888 2537 953 2592 Id
994 2537 1329 2610 prodigium
1377 2535 1638 2608 piscator
1665 2533 1906 2606 quidam
1939 2532 2066 2587 ani-

426 2629 802 2684 madvertens
861 2627 1067 2682 statuit
1121 2627 1420 2698 pectinem
1480 2623 1758 2683 machina
1814 2622 2068 2694 quadam

427 2717 758 2789 depraedari
781 2734 794 2771 :
816 2733 1019 2772 verum
1042 2715 1208 2771 canis
1229 2732 1350 2771 non
1373 2713 1686 2782 concessit,
1710 2711 1814 2768 sed
1833 2717 2068 2784 raptum

419 2807 716 2878 pectinem
767 2805 828 2860 in
883 2804 1245 2876 profundum
1290 2820 1458 2876 aquae
1517 2801 1782 2858 abduxit.
1815 2799 2068 2855 Proinde

419 2895 542 2968 regi
566 2897 879 2951 Persarum
901 2894 974 2949 de
993 2893 1436 2965 pulchritudine
1457 2891 1789 2965 margarita:
1812 2889 2072 2960 piscator

419 2984 619 3049 refert,
660 2985 828 3055 isque
861 2983 912 3038 ei
941 2983 1093 3038 viros
1123 2982 1415 3055 adjungit,
1447 2981 1548 3052 qui
1581 2981 1642 3035 in
1681 2997 1749 3035 eo
1781 2979 2068 3051 capiendo

423 3072 538 3144 ipsi
570 3072 785 3128 adsint.
820 3073 964 3127 Cum
995 3071 1071 3127 ad
1100 3087 1262 3127 mare
1292 3071 1536 3142 profecti
1570 3086 1677 3142 per
1697 3069 1921 3140 aliquot
1942 3069 2069 3124 dies

422 3160 748 3232 praestolati
800 3165 1018 3229 essent,
1065 3160 1310 3231 contigit
1333 3164 1398 3214 ut
1428 3159 1592 3214 canis
1635 3159 2070 3230 aliquantisper

423 3247 745 3303 secederet.
796 3249 941 3302 Tum
992 3248 1253 3318 piscator
1290 3247 1488 3302 statim
1539 3263 1667 3302 sese
1727 3246 1789 3300 in
1847 3261 2064 3316 aquam

423 3338 650 3408 injecit,
680 3343 737 3392 et
752 3337 826 3392 ad
848 3336 1098 3392 fundum
1121 3337 1350 3392 delatus
1372 3337 1666 3408 pectinem
1689 3353 1825 3391 cum
1847 3337 2067 3390 unione

423 3425 696 3497 arripuit,
731 3441 1088 3495 sursumque
1135 3425 1412 3495 enatavit,
1455 3429 1689 3480 exserta
1737 3441 1916 3479 manu
1956 3440 2073 3494 qua

422 3513 710 3567 unionem
740 3511 999 3581 tenebat,
1042 3527 1220 3582 quem
1252 3515 1310 3565 et
1356 3511 1554 3566 statim
1603 3511 1642 3564 ii
1691 3511 1792 3581 qui
1825 3511 2074 3565 aderant

427 3601 479 3657 ei
513 3601 879 3672 eripuerunt.
908 3601 1262 3671 Priusquam
1281 3615 1418 3655 vero
1449 3600 1512 3654 in
1533 3599 1796 3654 lembum
1817 3599 2074 3670 piscator

428 3690 673 3746 evadere
705 3693 928 3762 posset,
960 3689 1302 3762 supervenit
1329 3688 1494 3744 canis
1535 3688 1936 3758 miserumque
1969 3687 2068 3742 de—

426 3780 670 3836 voravit.
722 3779 870 3834 Unio
932 3778 1006 3834 ad
1063 3794 1262 3852 regem
1315 3777 1530 3834 allatus
1589 3781 1724 3845 est;
1785 3775 1886 3846 qui
1943 3775 2072 3846 ejus

428 3868 764 3938 spectaculo
826 3867 1178 3935 delectatus,
1233 3865 1544 3938 piscatoris
1617 3865 1772 3920 filios
1843 3865 2071 3936 magnis

420 3957 595 4014 donis
625 3957 843 4015 affecit.
876 3958 1026 4012 Eum
1069 3957 1358 4012 unionem
1401 3961 1466 4012 ut
1522 3954 1846 4010 redimeret
1901 3954 2072 4009 Justi-

424 4047 644 4103 nianus
694 4048 954 4120 Magnus,
1012 4049 1113 4101 100
1171 4047 1298 4101 auri
1328 4045 1510 4101 libras
1556 4044 1828 4100 Barbaris
1884 4042 2067 4098 misit.

428 4139 642 4192 Verum
675 4135 713 4190 ii
745 4141 1096 4192 recusarunt
1125 4135 1397 4205 vendere,
1441 4139 1808 4190 asservantes
1840 4149 1974 4186 eum
2007 4131 2068 4184 in

423 4228 660 4301 signum
691 4230 944 4284 Persicae
975 4227 1337 4284 stoliditatis.

2187 664 2440 726 πεσόντες
2471 664 2786 724 ἀπώλοντο.
2827 668 2888 724 '0
2947 665 3004 722 δὲ
3064 667 3308 742 Περόζης
3365 665 3667 741 αἰσθόμενος
3715 674 3799 723 τοῦ

2189 746 2390 822 δεινοῦ,
2428 754 2520 808 τὸν
2567 755 2842 830 μάργαρον
2876 753 2934 810 ὅν
2967 757 3092 834 εἶχε
3135 754 3452 812 λευκότατον
3498 757 3586 810 καὶ
3637 757 3800 832 μέγαν,

2189 837 2266 900 εἷς
2301 836 2614 916 ὁπερϐολήν
2649 844 2972 918 ὑπερτιμ)ν,
3030 845 3082 915 ἐξ
3149 844 3286 906 ὠτὸς
3343 847 3438 899 τοῦ
3493 841 3658 916 δεξιοῦ
3710 845 3804 912 ἀφ-

2188 925 2450 1001 ελόμενος
2507 925 2742 1006 ἕρῥιψεν,
2792 931 2878 988 ἵνα
2937 935 3015 1006 μή
3070 955 3152 996 τις
3207 933 3378 988 ὀπίσω
3434 933 3592 988 αὐτοῦ
3626 939 3799 990 τοῦτον

2185 1019 2382 1094 φορνίη
2414 1021 2450 1088 ἢ
2484 1021 2764 1095 γνώριμος
2809 1024 3031 1097 γένηται
3065 1023 3139 1084 ὡς
3191 1020 3464 1097 βασιλεὺς,
3515 1021 3622 1076 ἐπεὶ
3668 1022 3800 1092 ἀξιο-

2187 1103 2372 1168 θέατος
2407 1108 2694 1186 ὑπερφυῶς
2749 1111 2838 1180 ἦν·
2905 1111 3002 1164 Καὶ
3061 1109 3206 1166 οὕτω
3265 1110 3505 1184 Περόζης
3561 1107 3802 1189 διεφθάρη

2185 1193 2276 1248 σὺν
2311 1194 2454 1270 πάσῃ
2485 1201 2552 1270 τῇ
2585 1205 2825 1274 στρατιᾷ.
2859 1199 3057 1274 Ἤρξαν
3089 1196 3146 1254 δὲ
3194 1204 3410 1274 Περσῶν
3457 1201 3506 1254 οἱ
3557 1195 3806 1274 βάρϐαροι

2185 1287 2419 1360 χρόνους
2451 1285 2546 1343 δύο
2578 1289 2656 1353 εἰς
2685 1290 2854 1368 φόρου
2883 1289 3200 1366 ἀπαγωγήν.
3234 1291 3332 1346 Καὶ
3362 1289 3524 1346 πάλιν
3579 1292 3628 1344 οἱ
3675 1291 3807 1345 ὑπο-

2187 1372 2488 1452 λειφθέντες
2518 1375 2776 1448 Καϐάδην
2805 1380 2898 1434 τὸν
2937 1379 3136 1434 τούτου
3187 1379 3302 1436 υἱὸν
3355 1380 3509 1458 εἶχον
3569 1377 3801 1454 βασιλέα.

2257 1465 2384 1539 Περὶ
2439 1463 2495 1520 δὲ
2549 1473 2646 1522 τοῦ
2709 1469 3064 1543 μαργαρίτου,
3122 1472 3241 1532 πῶς
3293 1469 3384 1524 καὶ
3440 1467 3581 1541 ποίῳ
3637 1469 3814 1544 τρόπῳ

2182 1552 2398 1626 εὑρέθη,
2438 1557 2696 1626 τοιαύτην
2737 1557 2966 1631 εὕρομεν
2997 1557 3262 1633 ἱστορίαν.
3317 1560 3404 1615 Ἐν
3453 1563 3532 1630 τῷ
3583 1561 3814 1630 Περσικῷ

2180 1640 2377 1714 κόΛπῳ
2405 1647 2484 1715 τῷ
2512 1646 2649 1718 πρὸς
2683 1643 2883 1720 βοῤῥᾶν
2911 1647 3148 1719 κειμένῳ
3177 1654 3277 1717 τῆς
3313 1648 3569 1722 Ἐρυθρᾶς
3624 1645 3814 1700 θαλάσ-

2185 1750 2283 1800 σης
2339 1730 2624 1808 τρέφονται
2713 1741 3040 1811 μαργαρῖται
3103 1735 3206 1791 ὑπὸ
3261 1741 3485 1804 κτενῶν,
3539 1735 3628 1797 οὕς
3679 1755 3812 1796 τινες

2185 1814 2466 1891 ζάμϐακας
2512 1821 2864 1895 ὀνομάζουσι.
2921 1823 3142 1879 Τούτων
3201 1829 3308 1879 τῶν
3363 1827 3559 1880 κτενῶν
3628 1824 3808 1898 εὑρέθη

2179 1908 2391 1983 τρέφων
2446 1907 2498 1964 ἐν
2571 1911 2742 1983 ἐαυτῷ
2795 1911 2940 1974 κτεὶς
3004 1912 3076 1974 εἷς
3149 1913 3488 1989 μαργαρίτην
3573 1913 3808 1992 ὑπερφυῆ

2179 1998 2266 2052 καὶ
2313 1995 2725 2072 λαμπρότατον.
2776 1999 3109 2072 Αὐξηθέντος
3171 1999 3229 2056 δὲ
3283 2001 3477 2057 τούτου
3528 2001 3619 2056 καὶ
3672 2003 3809 2077 παρὰ

2178 2085 2241 2140 τὸ
2276 2087 2474 2160 μέτρον
2507 2089 2800 2164 γεγονότος
2831 2088 2996 2165 αὐγάς
3027 2110 3087 2144 τε
3138 2087 3297 2161 δίκην
3343 2091 3618 2165 ἀστραπῆς
3669 2091 3811 2144 ἀκτι-

2179 2169 2548 2236 νοϐολοῦντος
2577 2178 2664 2232 καὶ
2699 2175 3128 2250 διαπέμποντος,
3169 2179 3382 2254 ἠράσθη
3433 2179 3576 2235 κύων
3630 2178 3814 2234 θαλάτ·

2176 2283 2292 2326 τιος
2327 2265 2407 2337 [Ρ.
2441 2268 2566 2338 356]
2606 2272 2704 2336 τῆς
2763 2265 2937 2342 αὐγῆς
2989 2272 3087 2322 τοῦ
3147 2268 3509 2343 μαργαρίτου,
3575 2268 3664 2323 καὶ
3718 2275 3813 2338 τῆς

2179 2353 2348 2407 αὐτοῦ
2378 2353 2718 2429 ὡραιότητος
2751 2355 2854 2410 οὐκ
2881 2355 3162 2430 ἀφίστατο,
3194 2356 3320 2413 ἀλλ’
3379 2359 3520 2413 ’ὀπου
3553 2355 3600 2412 δ’
3631 2354 3688 2412 ἅν
3719 2357 3812 2431 ἦγε

2175 2442 2238 2496 τὸ
2269 2442 2442 2515 ῥεῦμα
2469 2443 2532 2497 τὸ
2572 2441 2800 2518 ἔλυτρον
2849 2449 2948 2500 τοῦ
2995 2446 3201 2517 κτενὸς,
3251 2445 3364 2502 ἐκεῖ
3403 2447 3497 2502 καὶ
3542 2446 3634 2502 τὸν
3687 2445 3812 2501 κύνα

2177 2529 2388 2605 δαίμων
2415 2553 2498 2594 τις
2555 2533 2842 2610 ἀλιτήριος
2902 2530 3271 2612 ἐξεϐάκχευεν.
3325 2535 3546 2602 Ἀλιεὺς
3596 2537 3688 2592 οὗν
3735 2556 3814 2596 τις

2173 2618 2236 2672 τὸ
2267 2620 2414 2691 ξένον
2453 2624 2614 2676 τοῦτο
2656 2622 2984 2696 θεασάμενος
3013 2623 3170 2697 τέρας
3201 2621 3494 2698 ἐδοκίμασε
3531 2621 3622 2679 διά
3677 2643 3818 2685 τινος

2181 2715 2441 2786 μηχανῆς
2488 2707 2832 2780 ἀποσυλήσαι
2889 2711 2982 2767 τὸν
3035 2711 3214 2769 κτένα.
3271 2710 3437 2770 Ἀλλ’
3467 2715 3496 2768 6
3527 2712 3670 2768 κύων
3725 2711 3822 2767 οὐκ

2177 2793 2438 2852 ἐνεδίδου·
2479 2797 2736 2874 ἁρπάζων
2789 2799 2894 2876 γὰρ
2950 2799 3110 2856 αὐτὸν
3167 2801 3256 2858 ἐπὶ
3309 2803 3370 2858 τὸ
3433 2791 3600 2878 βάθος
3647 2800 3818 2877 ἐνῆγε.

2176 2885 2525 2959 Καταμηνύει
2603 2891 2888 2963 τοιγαροῦν
2945 2889 2973 2942 6
3025 2887 3212 2952 ἁλιεὺς
3295 2893 3376 2962 τῷ
3437 2889 3660 2964 βασιλεῖ
3721 2889 3824 2943 τῶν

2175 2978 2396 3048 Περσῶν
2427 2975 2490 3030 τὸ
2526 2979 2622 3030 τοῦ
2658 2977 2936 3052 μαργάρου
2965 2977 3198 3041 κάλλος·
3247 2979 3275 3032 6
3309 2975 3366 3033 δὲ
3400 2976 3626 3034 δίδωσιν
3680 2978 3822 3048 αὐτῷ

2179 3059 2377 3138 ἃνδρςις
2407 3062 2534 3127 τοὺς
2564 3063 2652 3118 ἐπὶ
2699 3067 2800 3135 τήν
2858 3065 3026 3142 ἄγραν
3085 3071 3182 3123 τοῦ
3243 3067 3531 3144 μαργάρου
3592 3065 3832 3143 συμπρά-

2183 3159 2390 3224 ζοντας.
2427 3155 2711 3218 Ἐλθόντες
2773 3156 2864 3212 οὖν
2927 3158 3015 3214 ἐπὶ
3055 3161 3155 3229 τήν
3211 3159 3491 3216 θάλασσαν
3535 3161 3627 3216 καί
3681 3179 3826 3221 τινας

2180 3243 2390 3318 ἡμέρας
2475 3245 2984 3322 ἐγκαρτερήσαντες,
3064 3243 3228 3327 ἔτυχε
3281 3251 3372 3305 τὸν
3430 3250 3568 3306 κύνα
3631 3249 3822 3325 μικρὸν

2178 3333 2564 3412 ὑποχωρῆσαι*
2615 3334 2792 3400 Εὐθὺς
2854 3337 2948 3391 οὗν
2998 3337 3026 3391 6
3077 3336 3263 3401 ἀλιεὺς
3321 3335 3609 3402 δισκεύσας
3670 3339 3823 3394 αὐτὸν

2181 3419 2234 3476 ἐν
2261 3427 2330 3496 τῇ
2380 3422 2625 3498 θαλάσσῃ
2681 3431 2773 3479 καὶ
2829 3423 3066 3488 καταδὺς
3123 3425 3174 3481 ἐν
3222 3431 3302 3500 τῷ
3361 3429 3519 3502 βάθει
3575 3425 3830 3504 ἐδράξατο

2177 3515 2274 3565 τοῦ
2331 3513 2515 3572 κτενὸς
2573 3513 2664 3567 καὶ
2718 3513 2810 3568 τὸν
2868 3515 3208 3592 μαργαρίτην
3281 3517 3542 3594 ἀνήγαγε,
3604 3518 3696 3574 καὶ
3750 3516 3832 3571 εύ-

2179 3598 2313 3663 θέως
2369 3598 2698 3677 ἀναδραμὼν
2755 3604 2941 3677 ὕψωσε
2998 3604 3098 3674 τὴν
3151 3610 3336 3680 χεῖρα,
3396 3607 3491 3662 καὶ
3561 3607 3665 3663 ὑπὸ
3722 3609 3826 3660 τῶν

2181 3691 2470 3744 συνόντων.
2507 3691 2732 3766 ἡρπάγη
2765 3692 2793 3746 6
2831 3691 3124 3768 μάργαρος.
3183 3693 3315 3768 Πρὶν
3369 3691 3427 3749 δὲ
3474 3695 3678 3774 φθάσαι
3724 3693 3833 3750 εἷσ-

2181 3775 2356 3842 ελθεῖν
2385 3777 2544 3834 αὐτὸν
2581 3777 2638 3834 ἐν
2694 3782 2763 3853 τῇ
2819 3775 3034 3853 λέμϐῳ,
3091 3782 3292 3860 φθάσας
3325 3783 3353 3838 ὁ
3382 3782 3532 3838 κύων
3583 3781 3832 3840 διέσπασε

2179 3865 2270 3920 καὶ
2323 3866 2666 3943 κατερόφησε
2720 3867 2812 3922 τὸν
2870 3867 3240 3946 ταλαίπωρον.
3298 3872 3360 3928 Ὁ
3418 3869 3478 3927 δὲ
3552 3874 3838 3950 μάργαρος

2179 3953 2524 4028 ἀπεκομίσθη
2570 3960 2650 4028 τῷ
2699 3952 2937 4030 βασιλεῖ,
2997 3959 3056 4020 ὃς
3107 3959 3197 4014 καὶ
3253 3961 3440 4029 ἡσθεὶς
3501 3966 3590 4034 τῷ
3645 3961 3838 4017 τούτου

2181 4043 2408 4115 θεάματι
2439 4043 2566 4106 τοὺς
2597 4041 2793 4107 παῖδας
2821 4050 2918 4100 τοῦ
2974 4045 3175 4111 ἆλιέως
3238 4049 3500 4124 μεγάλαις
3561 4051 3840 4125 ἠμείψατο

2180 4129 2434 4205 δωρεαῖς.
2465 4135 2671 4189 Τοῦτον
2718 4134 2812 4188 τὸν
2875 4137 3217 4212 μαργαρίτην
3273 4137 3572 4212 βουληθεὶς
3623 4141 3836 4210 ὠνήσα-

2180 4223 2302 4275 σθαι
2359 4223 2680 4283 Ἰουστιανὸς
2741 4224 2770 4277 ὁ
2837 4225 3016 4298 Μέγας
3076 4227 3310 4304 χρυσίου
3387 4225 3580 4304 λίτρας
3641 4229 3830 4287 ἑκατὸν

419 4314 705 4371 ἀπέστειλε
760 4315 896 4390 πρὸς
951 4313 1079 4376 τοὺς
1135 4309 1464 4388 βαρϐάρους·
1524 4312 1654 4368 ἀλλ’
1711 4313 1860 4368 οὗτοι
1920 4309 1982 4365 οἱ)
2038 4309 2380 4380 κατένευσαν,
2439 4311 2790 4384 μνημόσυνον
2875 4318 2976 4382 τῆς
3037 4319 3304 4389 Περσικῆς
3389 4317 3660 4379 ἀπονοίας
3737 4319 3832 4370 τοῦ

415 4423 508 4458 ¹εον
539 4400 921 4482 φυλάττοντες.

490 4494 750 4550 Cabades
819 4499 1020 4550 autem
1075 4492 1306 4548 Perozis
1361 4491 1608 4548 ultimus
1667 4493 1824 4548 ﬁlius
1881 4507 2061 4563 regno
2095 4495 2136 4559 ι)

421 4581 647 4653 potitus
691 4582 940 4652 imperio
995 4581 1312 4636 violentius
1368 4581 1455 4635 uti
1486 4581 1681 4652 coepit,
1729 4581 1856 4654 lege
1888 4579 2068 4636 etiam

418 4670 562 4738 lata,
595 4685 727 4740 qua,
748 4685 964 4724 uxores
986 4667 1262 4724 omnibus
1273 4667 1513 4739 juberet
1543 4685 1673 4724 esse
1695 4683 2064 4724 communes.

419 4761 628 4830 Itaque
676 4763 838 4814 Pesaa
895 4759 948 4814 ei
1005 4775 1252 4831 regnum
1323 4759 1695 4827 ademerunt,
1753 4758 2069 4829 ipsumque

418 4849 686 4906 vinctum
743 4850 806 4904 in
865 4865 1186 4918 carcerem,
1221 4847 1322 4920 qni
1356 4849 1537 4903 Letha
1595 4847 1674 4915 (id
1733 4851 1823 4902 est
1853 4845 2068 4900 oblivio

424 4940 664 5006 dicitur,
696 4939 1088 5011 conjecerunt
1110 4955 1124 5005 ;
1147 4955 1216 4994 ac
1237 4938 1478 4993 fratrem
1504 4937 1632 5008 ejus
1653 4936 1805 4993 256
1831 4934 2070 4990 Balbam

419 5045 621 5102 regem
670 5033 1040 5085 creaverunt.
1091 5029 1246 5084 Uxor
1293 5033 1491 5082 autem
1553 5043 1688 5081 cum
1738 5024 1956 5080 Cabadi
2008 5023 2070 5079 in

419 5135 656 5174 carcere
689 5117 927 5192 degenti
969 5117 1357 5186 ministraret,
1392 5132 1522 5172 eam
1575 5116 1726 5188 (erat
1757 5115 1914 5169 enim
1947 5113 2066 5169 for-

417 5206 780 5280 mosissima)
832 5223 1033 5265 amare
1084 5207 1397 5278 prwfectus
1445 5205 1700 5261 carceris
1749 5203 1942 5276 ccepit.
2007 5201 2072 5258 Id

423 5292 533 5347 ubi
561 5294 862 5351 intellexit
891 5294 1176 5360 Cabades,
1208 5295 1378 5352 uxori
1412 5295 1597 5351 suasit
1628 5300 1692 5349 ut
1721 5309 1949 5349 morem
1981 5293 2071 5347 illi

423 5386 688 5452 generet,
721 5385 768 5437 si
798 5401 916 5455 qua
967 5384 1234 5440 fortassis
1277 5385 1406 5457 ipse
1463 5385 1692 5440 ratione
1737 5400 1806 5438 ex
1836 5398 2070 5438 carcere

426 5475 624 5538 posset
653 5471 916 5527 evadere.
953 5474 1092 5538 Qua:
1123 5490 1256 5528 cum
1292 5473 1379 5528 sui
1415 5473 1680 5545 corporis
1717 5477 2070 5542 potestatem

424 5555 705 5627 prmfecto
739 5561 992 5614 carceris
1023 5562 1278 5630 fecisset,
1325 5563 1634 5632 postmodo
1665 5561 1906 5616 nemine
1935 5578 2071 5632 pro-

418 5644 666 5702 hibente
711 5646 786 5702 ad
835 5649 1118 5704 maritum
1169 5650 1520 5704 commeavit
1572 5651 1744 5719 eique
1799 5650 2072 5704 inserviit

2241 4481 2498 4558 Καϐάδης
2529 4485 2586 4542 δὲ
2617 4488 2644 4542 ὁ
2675 4493 2772 4544 τοῦ
2805 4491 3042 4564 Περόζου
3094 4492 3320 4556 ὕστανος
3374 4494 3512 4564 υἱὸς,
3567 4502 3672 4566 τῆς
3728 4495 3826 4569 βα-

2179 4573 2386 4638 σιλείας
2421 4572 2770 4650 δραξάμενος,
2802 4577 2892 4633 ἐπὶ
2909 4579 2972 4634 τὸ
3007 4579 3316 4655 βιαιότερον
3344 4585 3415 4656 τῇ
3443 4581 3598 4659 ἀρχῇ
3629 4583 3830 4659 ἐχρᾶο

2176 4665 2266 4720 καὶ
2297 4665 2483 4728 κοινὰς
2539 4667 2634 4728 τὰς
2681 4673 2936 4740 γυναῖκας
2986 4667 3378 4743 ἐνομοθέτησεν
3435 4665 3612 4747 ἔχειν.
3673 4676 3830 4736 ’Ὀθεν

2177 4755 2230 4809 οἱ
2262 4753 2460 4829 Πέρσαι
2487 4758 2680 4810 τοῦτον
2709 4759 2811 4822 τῆς
2839 4757 3019 4833 ἀρχῆς
3072 4758 3360 4830 ἀπήλασαν
3411 4762 3503 4816 καὶ
3553 4760 3822 4834 δήσαντες

2178 4841 2255 4906 εἷς
2283 4841 2530 4920 φυλακὴν
2577 4845 2675 4914 τὴν
2725 4844 3026 4920 λεγομένην
3079 4850 3268 4920 Λήθην
3307 4843 3586 4920 ἐνέϐαλον,
3636 4850 3732 4906 τὸν
3776 4847 3832 4904 δὶ

2178 4931 2413 5010 ἀδελφὸν
2467 4932 2632 4989 αὑτοῦ
2693 4931 2912 5008 Βάλϐην
2995 4937 3218 5013 βασιλέα
3295 4939 3578 5011 ἐποίησαν.
3641 4942 3703 4998 Ἥ
3774 4937 3832 4994 δὲ

2178 5025 2316 5099 γυνή
2351 5017 2600 5078 Καϐάδου
2630 5019 2868 5095 διηκόνει
2929 5027 3081 5100 αύτῷ
3135 5026 3188 5082 ἐν
3236 5032 3304 5103 τῇ
3357 5029 3597 5110 φυλακῇ.
3660 5031 3724 5088 Ὁ
3779 5027 3835 5084 δὲ

2176 5119 2278 5180 τῆς
2319 5114 2537 5190 εἱρκτῆς
2576 5112 2764 5192 ἄρχων
2824 5116 3027 5190 ἤρξατο
3087 5116 3209 5192 ἐρᾷν
3265 5125 3366 5189 τῆς
3424 5120 3687 5196 γυναικὸς
3747 5118 3836 5174 εὖ-

2178 5203 2554 5280 πρεπεστάτης
2600 5201 2790 5275 οὔσης.
2835 5209 2894 5262 Ὁ
2950 5203 3008 5260 δὲ
3063 5201 3323 5278 Καϐάδης
3377 5207 3678 5282 παρεκάλει
3736 5208 3838 5276 τὴν

2179 5295 2406 5368 γυναῖκα
2435 5288 2680 5346 ἐνδοῦναι
2711 5295 2790 5364 τῷ
2818 5292 3114 5367 ἀνθρώπῳ,
3149 5293 3202 5350 εἷ’
3245 5317 3364 5358 πως
3402 5293 3610 5370 δυνηθῇ
3669 5295 3837 5374 ἐκφυ-

2179 5385 2293 5458 γεῖν
2319 5385 2416 5436 τοῦ
2445 5379 2729 5458 φρουρίου.
2791 5382 2998 5438 Τούτου
3055 5380 3113 5438 δὲ
3169 5385 3469 5460 γενομέρου
3527 5383 3840 5445 ἀκωλύτως

2177 5471 2378 5545 ἡγυνή
2420 5469 2554 5544 πρὸς
2615 5465 2876 5542 Καὸάδην
2935 5471 3176 5528 εἶσιοῦσα
3228 5478 3421 5530 τοῦτον
3476 5473 3834 5550 ἐθεράπευσε.

2181 5559 2352 5620 Φίλος
2385 5556 2443 5613 δὲ
2476 5553 2694 5634 Καϐάδῃ
2729 5559 2952 5634 ὀνόματι
3012 5563 3268 5634 Σεσώσης
3327 5561 3531 5636 ἐδήλου
3585 5567 3664 5634 τῷ
3728 5569 3837 5616 Κα-

2180 5643 2321 5722 ϐᾳδῄ
2365 5645 2454 5702 διὰ
2485 5651 2586 5714 τῆς
2615 5650 2868 5725 γυναικὸς
2897 5650 2970 5714 ὡς
3015 5651 3220 5717 ἳππους
3275 5653 3366 5708 καί
3417 5650 3612 5728 ἄνδρας
3663 5654 3846 5724 ἐμπα-
