4126 6296
1473 333 2020 400 HISTORIAHUM
2063 336 2611 406 COMPENDIUM.

3644 347 3768 411 682

357 467 620 544 ρασκιύου
651 465 770 542 ἔχω
827 463 879 523 ἔν
933 487 1042 521 τινι
1095 466 1308 542 χωρίῳ.
1355 467 1415 525 Ὁ
1447 463 1505 522 δὶ
1535 462 1787 539 Καϐάδης
1818 469 1984 524 νυκτὸς

2119 476 2257 528 Erat
2297 475 2524 532 amicus
2575 477 2791 535 Cabadi
2841 480 3079 537 Sesoses
3124 479 3388 552 quidam.
3435 481 3492 537 Is
3545 483 3764 542 Cabadi

352 553 724 627 ἐπιλαϐούσης
781 556 954 620 πείθει
1010 559 1109 627 τήν
1169 561 1397 634 γυναῖκα
1446 557 1546 627 τήν
1600 557 1799 628 ἐσθῆτα
1827 558 1994 628 αὐτῆς

355 648 501 721 αύτῷ
540 647 896 719 ἀλλάξασθαι,
954 646 1045 702 καὶ
1104 645 1333 717 ἐξελθεῖν
1397 649 1491 720 μὲν
1559 647 1742 718 αὐτὸν,
1797 647 2006 719 ἐκείνην

357 738 415 796 δὲ
469 738 524 794 ἐν
572 743 641 813 τῇ
718 735 936 815 φυλακῇ
1018 737 1352 808 καθέζεσθαι.
1417 739 1521 794 Καὶ
1575 738 1718 794 οὕτω
1759 735 2012 808 Καϐάδης

354 827 584 899 ἐξελθὼν
609 831 708 883 τοῦ
757 823 1140 901 δεσμωτηρίου
1194 829 1284 882 καὶ
1337 825 1495 901 ’ίππῳ
1555 823 1744 890 ἐπιϐὰς
1799 827 1892 882 σὺν
1917 833 2000 902 τῷ

356 919 578 992 Σεσώσῃ
639 918 775 992 πρὸς
829 917 1070 979 Οῧννους
1143 915 1273 978 τοὺς
1344 915 1685 994 Νεφθαλίτας
1760 916 2002 996 ἀφίκετο.

353 1009 414 1065 Ὁ
461 1003 520 1061 δὲ
567 1005 776 1061 τούτων
829 1004 1082 1081 βασιλεὺς
1126 1006 1226 1075 τήν
1286 1006 1548 1080 θυγατέρα
1577 1005 1745 1060 αὐτοῦ
1786 1003 2006 1060 δίδωσιν

355 1097 430 1159 είς
487 1100 716 1170 γυναῖκα
767 1093 941 1166 αὐτῷ,
1000 1094 1090 1150 καὶ
1169 1095 1475 1169 στράτευμα
1533 1091 1660 1158 δοὺς
1715 1093 1859 1149 πολὺ
1919 1094 2004 1150 ἐπὶ

355 1186 559 1260 Πέρσας
615 1183 928 1259 ἆξέπεμψεν.
998 1178 1286 1240 Εἰσϐαλὼν
1363 1180 1421 1238 δὲ
1495 1183 1571 1246 εἰς
1646 1181 1876 1255 Περσίδα
1950 1181 2002 1238 ἐν

395 1271 448 1294 ’κ
514 1274 528 1294 ‘
825 1279 852 1292 υ
1150 1271 1162 1292 Ι
1397 1271 1408 1289 Ι
1672 1272 1685 1287 I
1759 1273 1772 1288 \
1855 1269 1907 1290 ’ἢ

354 1287 531 1330 ουοενι
580 1275 736 1346 πόνῳ
784 1292 886 1342 της
949 1270 1226 1347 βασιλείας
1287 1272 1570 1346 ἰκρατησι,
1599 1293 1690 1326 και
1718 1292 1809 1327 τον
1844 1269 2006 1326 αοελ-

352 1362 448 1442 φὸν
516 1363 684 1418 αὐτοῦ
739 1360 1091 1440 ἐκτυφλώσας
1151 1360 1226 1424 είς
1284 1360 1532 1440 φυλακήν
1601 1357 1841 1418 ἐνέϐαλε.
1895 1361 2008 1430 Τὴν

351 1451 410 1508 δὶ
439 1451 722 1528 βασιλείαν
779 1449 1038 1530 ἀσφαλῶς
1098 1447 1412 1526 διεφύλαξεν
1466 1451 1554 1524 (ἦν
1600 1452 1704 1526 γὰρ
1733 1449 2000 1526 ἀγχίνους

348 1543 437 1598 καὶ
498 1539 868 1618 δραστήριος),
907 1541 998 1595 καὶ
1057 1540 1268 1615 ἐκράτει
1338 1541 1471 1614 μετὰ
1520 1545 1686 1595 ταῦτα
1743 1535 1839 1610 ἔτη
1907 1547 2000 1611 ια’,

349 1631 654 1691 καταλύσας
677 1629 803 1692 τοὺς
842 1628 1047 1702 νόμους
1078 1629 1276 1692 πάντας
1308 1628 1399 1692 οὕς
1429 1630 1763 1704 προεξέθετο.

416 1724 497 1793 [Ρ.
531 1723 657 1793 357]
691 1719 840 1776 Μετᾶ
889 1720 988 1788 τήν
1049 1721 1296 1789 Ζήνωνος
1344 1717 1605 1788 τελευτὴν
1641 1719 1675 1787 ἡ
1713 1715 2001 1792 βασίλισσα

2121 582 2226 636 per
2256 582 2502 622 uxorem
2534 568 2661 638 ejus
2695 570 2989 641 signiﬁcat
3018 571 3235 627 habere
3262 589 3324 627 se
3357 589 3541 644 equos
3571 575 3759 631 viros-

2120 672 2232 726 que
2263 661 2497 726 paratos
2529 658 2784 728 quodam
2818 660 2877 714 in
2909 661 3058 716 loco.
3092 663 3235 716 Tum
3264 661 3552 731 Cabades,
3580 671 3752 721 nocte

2119 745 2293 814 facta,
2350 745 2520 800 uxori
2582 749 2899 816 persuadet
2955 756 3017 803 ut
3075 767 3274 806 secum
3317 758 3475 807 veste
3527 760 3754 811 mutet:

2118 833 2318 905 itaque
2350 850 2421 889 ea
2450 853 2555 890 suo
2588 835 2717 890 loco
2741 837 2966 901 relicta,
2997 855 3293 895 carcerem
3315 842 3455 909 exit,
3488 859 3760 916 equoque

2116 939 2439 978 conscenso
2488 940 2623 978 cum
2689 924 2894 980 Sesose
2963 926 3036 980 ad
3087 927 3328 982 Hunnos
3389 930 3754 1001 Nephtalitas

2115 1013 2400 1082 pervenit.
2427 1013 2646 1068 Horum
2678 1031 2780 1068 rex
2810 1013 3102 1069 Cabadem
3135 1017 3247 1070 sibi
3272 1033 3557 1089 generum
3586 1021 3750 1090 facit,

2114 1117 2445 1172 magnoque
2479 1101 2835 1158 instructum
2867 1105 3126 1158 exercitu
3159 1106 3219 1160 in
3250 1108 3514 1162 Persiam
3548 1110 3748 1166 mittit.

2115 1190 2254 1245 Eam
2310 1190 2609 1262 ingressus
2667 1192 2929 1247 Cabades
2988 1194 3154 1248 nullo
3213 1196 3449 1265 negotio
3506 1214 3755 1269 regnum

2113 1286 2444 1351 recuperat,
2486 1280 2730 1336 fratrem
2766 1281 2954 1336 oculis
3010 1283 3194 1337 erutis
3226 1284 3288 1337 in
3333 1300 3632 1340 carcerem
3661 1287 3757 1342 in-

2112 1368 2318 1433 cludit,
2350 1385 2417 1424 ac
2449 1369 2694 1440 posthac
2719 1372 2870 1440 (erat
2890 1371 3049 1425 enim
3097 1378 3370 1443 prompto
3419 1373 3654 1445 ingenie
3688 1379 3747 1430 et

2114 1459 2410 1529 strenuus)
2443 1475 2691 1530 regnum
2740 1464 2863 1514 tuto
2913 1466 3105 1514 servat
3152 1477 3258 1531 per
3299 1477 3488 1518 annos
3521 1464 3606 1529 11,
3639 1462 3749 1519 ab—

2109 1547 2327 1618 rogatis
2358 1564 2505 1618 quas
2535 1553 2672 1604 ante
2707 1547 2924 1604 tulerat
2956 1548 3185 1622 legibus
3218 1551 3516 1608 omnibus.

2180 1731 2404 1784 Mortuo
2456 1733 2710 1800 Zenone,
2752 1734 3036 1804 Augusta,
3087 1739 3328 1790 senatus
3372 1741 3431 1791 et
3460 1738 3754 1795 exercitus

348 1808 840 1885 καὶὴσύγκλητος
895 1808 983 1863 καὶ
1042 1809 1105 1862 τὸ
1163 1809 1467 1882 στράτευμα
1525 1809 1873 1864 Ἀναστάσιον
1905 1807 1984 1862 τὸη

2111 1820 2421 1875 Anastasio
2481 1820 2811 1876 Silentiario
2852 1823 3168 1893 imperium
3209 1824 3504 1881 deferunt.
3538 1827 3671 1882 Fuit
3698 1829 3748 1884 is

353 1899 728 1974 Σιλεντιάριον
779 1896 1160 1974 ἀναγορεύουσι
1216 1896 1466 1972 βασιλέα,
1517 1903 1615 1966 τῆς
1644 1901 1751 1951 τῶν
1783 1897 2000 1972 Ἀκεφά-

351 1989 463 2047 λῶν
494 1991 621 2060 ἢτοι
653 1992 1007 2065 Συγχυτικῶν
1066 1989 1193 2045 ὄντα
1249 1988 1527 2062 αἱρέσεως.
1577 1989 1677 2044 ἸῙν
1709 1985 1764 2042 δὲ
1787 1992 1866 2060 τῷ
1897 1989 2000 2042 σώ-

358 2101 482 2156 ματι
519 2083 800 2154 μήκιστος,
851 2080 978 2141 τοὺς
1013 2077 1329 2158 ὀφθαλμοὺς
1386 2077 1532 2154 ἔχων
1589 2078 1873 2154 χαροποὺς
1907 2079 1996 2134 καὶ

351 2169 622 2245 γλαυκοὺς
700 2168 956 2246 μετρίως,
1033 2167 1311 2247 φαλακρὸς
1375 2169 1556 2243 ἠρέμα
1622 2167 1712 2222 καὶ
1776 2167 1993 2231 πολιός.

349 2257 588 2336 ’Άγειδὲ
615 2258 772 2314 αὐτὸν
827 2256 916 2314 ἐπὶ
969 2260 1069 2328 τὴν
1131 2258 1438 2333 μοναρχίαν
1490 2252 1782 2332 Ούρϐίκιος
1815 2256 1996 2312 εὐνοῦ-

351 2369 478 2425 χος,
508 2349 633 2405 τότε
677 2349 936 2424 μεγίστην
993 2347 1136 2418 παρὰ
1163 2353 1264 2415 τῆς
1301 2345 1577 2422 βασιλείας
1635 2344 1780 2424 ἔχων
1837 2344 1995 2400 δύνα-

350 2459 466 2512 μιν.
503 2436 650 2495 Μετὰ
680 2435 736 2491 δὲ
769 2437 866 2505 τήν
917 2435 1269 2510 ἀγαγόρευσιν
1325 2435 1629 2490 ἀπαιτεῖται
1687 2433 1992 2512 ὁμολογίαν

341 2527 489 2602 παρὰ
545 2526 827 2600 Εὐθυμίου
886 2528 1000 2598 (93)
1053 2529 1150 2579 τοῦ
1206 2523 1552 2602 πατριάρχου
1603 2525 1738 2598 πρὸς
1792 2523 1854 2579 τὸ
1913 2526 1987 2596 μὴ

343 2615 602 2672 σαλεῦσαί
656 2637 708 2670 τι
766 2623 867 2684 τῆς
926 2614 1253 2685 Ἐκκλήσίας
1308 2614 1398 2669 καὶ
1453 2622 1555 2685 τῆς
1609 2614 1864 2684 πίστεως,
1906 2615 1994 2669 ἆν-

340 2711 490 2780 άξιον
519 2708 676 2764 αὐτὸν
709 2705 1005 2763 ἀποκαλῶν
1033 2709 1132 2774 τῆς
1165 2710 1270 2761 τῶν
1321 2707 1652 2781 Χριστιανῶν
1689 2705 1988 2780 βασιλείας.

342 2799 684 2871 Βιαζομένης
742 2795 800 2852 δὲ
855 2796 1016 2851 αὐτὸν
1072 2792 1363 2868 Ἀριάδνης
1414 2795 1505 2849 καὶ
1551 2802 1652 2863 τῆς
1682 2795 1991 2871 συγκλήτου

339 2887 558 2944 δίδωσιν
619 2887 781 2943 αύτοῦ
835 2888 898 2942 τὸ
956 2883 1256 2963 ἷδιόχειρον
1301 2889 1381 2958 τῷ
1417 2886 1759 2961 πατριάρχῃ,
1791 2890 1988 2961 κυροῦν

336 2979 403 3034 τὰ
433 2982 531 3044 τῆς
564 2975 614 3033 ἓν
649 2973 962 3048 Χαλκηδόνι
1023 2972 1250 3030 συνόδου
1310 2975 1440 3050 ὑπὲρ
1488 2981 1590 3042 τῆς
1638 2975 1872 3037 πίστεως
1905 2973 1993 3030 δό-

338 3089 544 3145 γματα,
607 3067 696 3122 καὶ
766 3066 910 3120 οὓτω
985 3064 1226 3141 πεφθείς
1290 3060 1571 3139 Ἀριάδνην
1648 3062 1835 3138 ἄγεται
1913 3064 1988 3126 εἷς

340 3159 543 3233 γάμον,
604 3153 758 3211 οὔπω
814 3155 1077 3230 πρότερον
1131 3157 1345 3229 γαμετῇ
1406 3154 1751 3222 συνοικήσας.
1803 3152 1987 3228 Ἐκρά-

337 3267 469 3316 τησε
501 3243 558 3301 δὲ
588 3244 680 3315 ἔτη
713 3245 792 3314 xC
847 3250 1018 3317 μῆνας
1071 3240 1133 3300 δ’.
1194 3243 1316 3299 Ἐπὶ
1356 3240 1550 3296 τούτου
1582 3245 1870 3316 Νανιχαῖοι
1894 3242 1984 3296 καὶ

335 3334 613 3411 Ἀρειανοὶ
644 3331 888 3409 ἔχαιρον,
923 3335 1222 3408 Μανιχαῖοι
1277 3332 1370 3405 μὲν
1423 3331 1498 3394 ὡς
1530 3331 1738 3404 μητρὸς
1761 3334 1858 3386 τοῦ
1893 3333 1983 3405 βας

339 3422 534 3486 σιλέως
602 3422 904 3498 ξηλωτρίας
974 3418 1140 3490 οὔσης
1205 3420 1293 3475 καὶ
1372 3417 1711 3498 προσφιλοῦς
1774 3420 1979 3491 αὐτοῖς,

334 3513 604 3584 Ἀρειανοὶ
636 3510 692 3568 δὲ
723 3514 796 3574 ὡς
856 3507 1143 3584 Κλέαρχον
1202 3510 1292 3564 τὸν
1353 3513 1495 3572 θεῖον
1526 3507 1712 3575 αὐτοῦ,
1743 3506 1978 3588 ἀδελφὸν

333 3609 433 3673 τῆς
462 3602 800 3680 κακόφρονος
831 3600 1038 3674 μητρὸς
1070 3598 1258 3665 αὐτοῦ,
1293 3595 1558 3670 ὁμόδοξον
1589 3593 1832 3672 ἔχοντες.

405 3690 614 3748 Τούτου
671 3694 752 3762 τῷ
805 3690 1010 3765 πρώτῳ
1067 3681 1172 3741 ἔτει
1235 3685 1505 3758 Εὐθύμιος
1561 3687 1589 3740 ὁ
1649 3689 1976 3743 Κωνσταντιο

333 3777 669 3847 νουπόλεως,
737 3777 1051 3854 συναγαγὼν
1123 3773 1252 3836 τοὺς
1341 3772 1706 3847 ἐνδημοῦντας
1766 3774 1980 3830 ἐπισκό-

331 3891 489 3941 παυς,
545 3870 644 3938 τὴν
702 3867 753 3922 ἐν
818 3861 1129 3936 Χαλκηδόνι
1196 3865 1353 3940 ἁγίαν
1425 3861 1648 3918 σύνοδον
1713 3863 1972 3938 ἐκύρωσε.

329 3957 539 4018 Τούτου
597 3961 694 4012 τοῦ
756 3953 1107 4012 Ἀναστασίου
1170 3953 1233 4008 τὸ
1296 3959 1396 4022 τῆς
1468 3951 1748 4027 βασιλείας
1778 3958 1974 4033 σχῆμα

329 4043 594 4110 λαϐόντος
650 4045 702 4101 ἐν
759 4049 839 4116 τῷ
893 4047 990 4098 τοῦ
1041 4038 1394 4116 ἱπποδρόμου
1448 4042 1739 4113 καθίσματι
1781 4037 1970 4105 ἅπαςὸ

327 4133 504 4210 δῆμος
571 4136 646 4198 ὡς
710 4132 761 4207 ἐξ
829 4131 942 4194 ἒνὸς
1011 4132 1280 4204 στόματος
1348 4125 1659 4193 εὖθυϐόλως
1719 4125 1966 4200 ἐϐόησε-μ’

323 4230 413 4288 Ὠς
475 4221 694 4296 ἕζησας,
762 4223 905 4278 οὕτω
966 4222 1054 4277 καὶ
1139 4219 1486 4295 βασίλευσον,
1539 4217 1790 4276 δέσποτα.
1853 4221 1968 4295 Πρὸ

323 4313 478 4390 ᾠδῶν
510 4314 611 4391 γὰρ
669 4311 1043 4386 ἀλεκτρυόνων
1104 4310 1180 4373 εἷς
1239 4307 1532 4379 ἐκκλησίαν
1575 4313 1777 4383 φοιτῶν
1833 4307 1966 4384 ἄχρι

316 4412 418 4474 τῆς
445 4403 766 4464 ἀπολύσεως
798 4400 982 4455 ἵστατο
1016 4398 1390 4471 ἐξιλεούμενος
1430 4396 1492 4453 τὸ
1523 4398 1964 4469 θεῖον,νηστεύων

317 4491 505 4548 πολλά
543 4492 634 4546 καὶ
689 4491 756 4546 τὰ
794 4489 1068 4564 προσόντα
1121 4487 1270 4559 αὐτῷ
1318 4488 1510 4558 πένησι
1565 4486 1656 4541 καὶ
1713 4492 1962 4562 πτωχοῖς

2110 1908 2172 1962 in
2202 1909 2416 1963 haeresi
2451 1909 2884 1980 Acephalorum
2917 1912 3035 1966 sive
3067 1912 3578 1985 Synchyticarum,
3611 1933 3753 1987 pro-

2109 1999 2418 2054 cerissima
2450 2015 2716 2072 corpore,
2751 2001 2940 2056 oculis
2973 2003 3239 2058 trucibus
3270 2020 3338 2059 ac
3369 2004 3753 2061 mediocriter

2108 2089 2318 2157 caesiis,
2371 2089 2658 2145 calvaster
2705 2106 2772 2146 ac
2816 2091 2969 2147 626
3014 2109 3215 2148 canus.
3281 2094 3369 2148 Ad
3426 2095 3747 2167 imperium

2107 2195 2242 2233 eum
2271 2179 2560 2250 promovit
2592 2179 2862 2234 Urbicius
2891 2182 3220 2247 eunuchus,
3255 2183 3355 2254 qui
3407 2187 3533 2238 tum
3581 2185 3742 2256 apud

2103 2267 2540 2338 imperatricem
2577 2269 2896 2338 plurimum
2931 2275 3180 2340 poterat.
3211 2271 3355 2325 Cum
3401 2272 3742 2344 designatus

2104 2361 2277 2422 esset,
2321 2357 2666 2427 Euthymius
2697 2358 3034 2428 patriarcha
3062 2358 3135 2414 ab
3155 2376 3223 2413 eo
3264 2361 3458 2432 exegit
3485 2365 3569 2428 ut,
3603 2377 3743 2416 cau-

2101 2446 2259 2500 tione
2279 2445 2432 2507 data,
2453 2445 2776 2500 afﬁrmaret
2791 2463 2852 2501 se
2876 2447 3098 2502 nihilin
3113 2448 3292 2503 rebus
3321 2449 3742 2504 ecclesiasticis

2104 2542 2160 2591 et
2191 2535 2306 2590 ﬁde
2337 2535 2850 2591 labefactaturum.
2885 2537 3193 2608 indignum
3225 2554 3359 2592 eum
3412 2538 3616 2594 dicens
3642 2540 3744 2611 qui

2101 2623 2449 2678 Christianis
2481 2624 2824 2694 imperaret.
2857 2625 3208 2695 Compulsus
3238 2626 3476 2680 tandem
3509 2625 3582 2680 ab
3613 2626 3749 2680 Ari-

2101 2712 2256 2767 adna
2287 2717 2346 2767 et
2375 2718 2585 2767 senatu
2615 2730 2722 2768 sua
2753 2730 2932 2768 manu
2964 2714 3247 2784 scriptam
3262 2714 3540 2769 schedam
3562 2715 3748 2786 patri-

2103 2803 2294 2857 archae
2327 2803 2525 2869 tradit,
2578 2820 2695 2872 qua
2751 2805 3065 2873 proﬁtetur
3123 2821 3183 2858 se
3234 2804 3738 2860 Chalcedonensis

2101 2892 2336 2946 concilii
2373 2891 2445 2946 de
2491 2892 2605 2946 fide
2655 2891 2893 2947 decreta
2922 2899 3049 2946 rata
3092 2892 3330 2947 habere.
3384 2894 3469 2947 Ita
3500 2893 3742 2949 demum

2101 2986 2418 3036 coronatus
2443 2980 2762 3036 Ariadnam
2796 2997 3041 3035 uxorem
3073 2981 3255 3048 ducit,
3289 2998 3422 3036 cum
3453 2981 3738 3038 hactenus

2098 3070 2341 3124 vixisset
2387 3069 2620 3124 caalebs.
2672 3070 2983 3141 Imperavit
3029 3086 3218 3124 annos
3274 3073 3364 3139 27,
3419 3086 3656 3125 menses
3681 3073 3737 3127 4.

2015 3199 2058 3266 C
2099 3158 2215 3213 Sub
2249 3158 2376 3229 ejus
2407 3158 2655 3230 imperio
2671 3158 2998 3213 Manicheis
3028 3165 3087 3213 et
3112 3159 3345 3213 Arianis
3359 3159 3577 3214 animis
3607 3176 3734 3214 cre-

2096 3253 2325 3315 verunt,
2352 3247 2706 3317 Manichmis,
2739 3247 2897 3318 quod
2927 3253 3118 3303 mater
3164 3249 3540 3319 imperatoris
3570 3249 3736 3320 ipso-

2099 3353 2228 3392 rum
2260 3341 2433 3392 sectze
2483 3335 2747 3392 studeret
2793 3342 2968 3407 atque
3022 3337 3213 3392 amica
3259 3342 3435 3405 esset,
3465 3337 3724 3408 Arianis,

2096 3426 2254 3498 quod
2315 3427 2631 3482 Clearchus
2680 3426 3054 3498 imperatoris
3132 3427 3456 3483 avunculus
3522 3443 3726 3484 secum

2094 3515 2360 3570 sentiret.

2091 3688 2287 3742 Primo
2333 3687 2462 3758 ejus
2518 3703 2674 3742 anno
2723 3687 3074 3756 Euthymius
3133 3686 3329 3758 Cpolis
3389 3687 3731 3757 episcopus,

2089 3776 2351 3832 collectis
2374 3777 2473 3848 qui
2491 3782 2612 3832 tum
2646 3777 2706 3830 in
2731 3775 2875 3830 urbe
2893 3775 3185 3847 degebant
3214 3775 3528 3846 episcopis,
3556 3791 3729 3848 syno-

2090 3866 2230 3920 dum
2244 3865 2787 3920 Chalcedonensem
2801 3864 3340 3919 conﬁrmavit.Cum
3357 3864 3729 3934 Anastasius,

2086 3958 2468 4029 imperatorio
2491 3957 2696 4012 habitu
2719 3961 2976 4027 sumpto,
3009 3956 3070 4010 in
3103 3957 3259 4011 circo
3299 3955 3552 4025 sederet,
3588 3956 3730 4011 uni-

2084 4065 2284 4102 versus
2315 4047 2570 4118 populus
2603 4046 2779 4101 veluti
2812 4063 2929 4100 uno
2960 4063 3061 4100 ore
3088 4045 3312 4100 directe
3344 4045 3720 4102 inclamavit:

2084 4137 2246 4192 Sicut
2266 4136 2482 4202 vixisti,
2543 4136 2626 4190 ita
2673 4135 2851 4189 etiam
2892 4135 3139 4205 impera,
3198 4134 3458 4191 domine.
3491 4135 3718 4206 Quippe

2081 4232 2214 4281 ante
2243 4225 2383 4298 galli
2416 4229 2658 4280 cantum
2683 4224 2970 4295 templum
3003 4223 3166 4279 adire
3217 4222 3468 4289 solebat,
3519 4221 3722 4292 ibique

2079 4315 2221 4369 dum
2254 4313 2457 4369 concio
2509 4312 2928 4378 dimitteretur,
2974 4311 3203 4366 astabat
3239 4312 3423 4365 Deum
3453 4309 3716 4381 placans.

2076 4405 2440 4474 Frequenter
2463 4401 2795 4473 jejunabat,
2830 4406 2888 4454 et
2917 4417 3024 4455 sua
3066 4399 3428 4471 pauperibus
3459 4404 3517 4454 et
3548 4414 3720 4453 men-

2079 4493 2227 4548 dicis
2269 4491 2566 4563 erogabat.
2623 4490 2781 4544 Idem
2820 4489 3115 4545 delatores
3162 4488 3428 4544 funditus
3461 4505 3534 4543 ex
3574 4487 3723 4544 urbe

319 4578 620 4642 διαδιδούς.
677 4580 857 4640 Οὗτος
931 4578 1057 4638 τοὺς
1115 4573 1422 4650 δηλάτορας
1477 4575 1537 4630 ἐκ
1583 4582 1684 4644 τῆς
1749 4576 1966 4638 πόλεως

2098 4582 2320 4637 :xcidit.
2364 4581 2824 4637 Abolevitetiam
2859 4579 3145 4635 tributum
3180 4579 3337 4650 quod
3368 4579 3726 4652 Chrysargy~

315 4669 542 4731 τελείως
577 4667 842 4740 ἐξέκοψεν.
878 4669 1083 4743 Ἀφῆκε
1130 4663 1187 4719 δὲ
1233 4664 1322 4719 καὶ
1373 4665 1436 4718 τὸ
1483 4662 1642 4726 τὲλος
1670 4669 1766 4719 τοῦ
1798 4664 1967 4740 λεγο-

319 4761 483 4836 μένου
533 4757 943 4835 χρυσαργύρου.
994 4762 1055 4814 Ὁ
1113 4753 1170 4810 δὲ
1219 4753 1597 4833 χρυσάργυρος
1625 4754 1874 4809 τοιοῦτόν
1914 4777 1968 4811 τι

311 4854 543 4927 πρᾶγμα
616 4851 704 4918 ἧν·
773 4851 878 4908 πᾶς
953 4846 1249 4918 πενόμενος
1333 4842 1424 4898 καὶ
1503 4849 1813 4918 προσαιτῶν
1877 4844 1966 4898 καὶ

311 4943 456 4994 πᾶσα
513 4938 686 5014 πόρνη
743 4939 834 4990 καί
893 4931 1283 5006 ἀπολελυμένη
1341 4932 1433 4986 καὶ
1486 4937 1591 4996 πᾶς
1647 4928 1846 4994 δοῦλος
1875 4934 1966 4987 καὶ

310 5027 676 5101 ἀπελεύτερος
734 5023 1088 5103 συνεισφορᾶν
1147 5020 1430 5076 ἐποιοῦντο
1488 5022 1676 5090 κοινῆν
1729 5022 1866 5096 πρὸς
1903 5022 1964 5077 τὸ

311 5115 583 5192 δημόσιον
644 5115 775 5190 ὑπὲρ
836 5113 1002 5189 οὔρου
1058 5111 1148 5167 καὶ
1215 5110 1444 5185 κοπρίας
1500 5116 1712 5182 κτηνῶν
1767 5133 1825 5167 τε
1872 5113 1963 5166 καὶ

307 5213 479 5262 κυνῶν
505 5210 613 5261 τῶν
673 5205 724 5260 ἐν
787 5205 977 5280 ἀγροῖς
1030 5201 1121 5256 καὶ
1179 5198 1372 5255 πόλεσι
1433 5195 1840 5274 διατριϐόντωψ
1871 5203 1959 5256 καὶ

309 5299 336 5353 ὁ
408 5299 504 5372 μὲν
572 5295 858 5372 ἅνθρωπος
923 5294 1170 5368 νόμισμα
1245 5292 1513 5368 ἀργυροῦν
1581 5293 1960 5367 συνεισέφερεν,

2077 4686 2209 4724 rum
2238 4667 2564 4736 dicebatur,
2589 4666 2758 4739 quasi
2789 4667 2938 4722 627
2985 4672 3404 4739 aurargentum
3440 4665 3623 4723 dicas.
3658 4666 3724 4722 Id

2078 4759 2195 4813 tale
2253 4757 2383 4813 fuit.
2465 4757 2664 4822 Quivis
2726 4756 3056 4824 mendicus,
3129 4755 3350 4826 quasvis
3417 4755 3721 4823 meretrix,

2077 4848 2298 4918 qumvis
2328 4845 2659 4917 repudiata.
2694 4845 2882 4916 quivis
2928 4861 3152 4910 servus,
3213 4844 3404 4915 quivis
3446 4843 3718 4912 libertus,

2077 4937 2284 4992 mrariu
2317 4934 2542 5007 aliquid
2574 4933 2933 5006 pendebant,
2965 4939 3142 5004 atque
3195 4933 3374 4987 etiam
3415 4931 3486 4985 de
3529 4931 3716 4997 mulo,

2075 5027 2148 5082 de
2179 5027 2338 5087 fimo,
2374 5025 2444 5078 de
2468 5023 2759 5095 jumentis
2813 5028 2870 5076 et
2916 5021 3163 5076 canibus
3220 5021 3281 5075 in
3313 5019 3458 5074 urbe
3491 5023 3550 5074 et
3579 5035 3716 5073 rure

2075 5115 2445 5188 degentibus.
2499 5114 2704 5176 Homo,
2757 5113 2874 5166 sive
2924 5127 3052 5166 mas
3101 5115 3258 5165 esset
3306 5109 3423 5162 sive
3471 5107 3715 5176 femina,

2074 5220 2384 5260 nummum
2407 5207 2750 5274 argenteum
2765 5200 3056 5271 pendebat
3081 5216 3093 5252 :
3112 5197 3481 5253 tantumdem
3500 5213 3712 5268 equus,

2074 5295 2179 5350 bos
2211 5300 2270 5350 et
2297 5294 2532 5359 mulus;
2567 5291 2770 5347 asinus
2816 5296 3014 5346 autem
3045 5294 3103 5344 et
3149 5288 3313 5344 canis
3345 5287 3552 5344 obolos
3584 5305 3712 5358 sex,

1514 5392 1874 5448 XYLANDRI
1914 5395 2002 5449 ET
2039 5392 2253 5448 (ἓοΑΒί
2292 5393 2513 5447 NOTAE.

376 5497 490 5566 (95)
514 5497 594 5549 Ex
617 5510 733 5566 quo
765 5492 1140 5566 postmodum
1165 5491 1554 5561 imperatores
1585 5495 1639 5544 et
1662 5490 1961 5566 principes

305 5562 564 5622 ut'ﬁdem
582 5562 890 5638 publicent
911 5570 968 5618 et
988 5564 1202 5633 scripto
1228 5567 1700 5638 sacranientoque
1725 5562 1966 5638 firment

305 5639 369 5695 in
431 5632 863 5694 consuetudine
916 5632 1262 5708 posuerunt.
1321 5633 1547 5706 Scripto
1606 5649 1743 5688 vero
1785 5632 1990 5690 ﬁdem'

590 5758 836 5810 ΡΑτιιοι..
877 5748 982 5808 Gn.
1022 5748 1221 5808 CXXI.

2071 5491 2374 5562 professus
2406 5495 2493 5544 est
2520 5491 2696 5553 Zeno,
2738 5505 2880 5562 cum,
2908 5487 3200 5562 deinceps
3256 5486 3563 5562 repetierit
3592 5490 3654 5540 et
3682 5502 3718 5539 γ

2073 5559 2224 5618 facta
2250 5562 2562 5633 receperit,
2596 5579 2630 5633 p
2663 5563 2786 5616 358.
2824 5559 2962 5615 Vide
2993 5577 3050 5631 p.
3084 5561 3208 5614 403.
3243 5560 3418 5614 Gesn.

3357 5745 3430 5799 22
