4124 6312
390 329 509 390 683

1754 322 2069 388 GEORGII
2113 324 2452 387 CEDRENI

3655 335 3772 397 684'

391 466 449 518 et
479 466 605 518 erat
636 478 769 518 cum
798 461 861 516 in
893 461 1047 534 agris
1081 461 1281 515 tumin
1313 460 1458 515 urbe
1472 475 1721 532 magnus
1755 458 2011 531 ejulatus

2148 455 2356 530 ὁμοίως
2388 459 2476 513 καὶ
2508 459 2541 529 ἠ
2574 480 2732 535 γυνη,
2778 459 2947 521 ἳππος
3005 454 3061 513 δὲ
3115 457 3203 513 καὶ
3259 459 3489 531 ἡμίονος
3527 461 3613 516 καὶ
3647 464 3762 539 βοῦς

391 569 524 608 cum
544 552 603 606 id
618 551 903 606 tributum
918 550 1139 621 absque
1151 549 1522 621 ulla:miserat
1534 550 1667 603 ione
1681 549 2032 620 exigeretur.

390 643 595 712 Itaque
627 641 965 711 imperator,
996 656 1131 693 cum
1185 656 1255 694 ea
1313 638 1382 693 de
1429 655 1491 692 re
1538 639 1761 710 legatos
1793 637 1866 691 ad
1899 653 2033 691 eum

390 729 726 785 mississent
755 728 1031 783 monachi
1064 726 2034 799 Hierosolymitani,etTimotheus

394 821 631 874 Gazaaus
682 817 770 871 vir
820 817 1296 888 sapientissimus
1339 815 1681 887 tragoediam
1740 831 1809 870 ea
1857 815 1928 869 de
1971 830 2034 868 re

391 909 681 978 ﬁnxisset,
715 907 936 962 excidit
966 908 1098 963 ista.
1138 911 1329 977 Atque
1352 925 1420 962 eo
1453 923 1595 962 sane
1618 912 1883 977 tempore
1904 905 2036 959 illu-

392 1004 573 1054 strem
627 1013 796 1052 suam
855 997 996 1050 fecit
1042 995 1484 1060 liberalitatem,
1545 995 1703 1066 quod
1745 995 2031 1049 tributum

391 1087 542 1142 illud
583 1085 1032 1157 quadriennale,
1090 1085 1246 1155 quod
1288 1101 1502 1157 magna
1568 1101 1701 1140 cum
1760 1084 2030 1139 omnium

388 1176 654 1249 pernicie
686 1176 987 1246 ingentem
1021 1173 1383 1228 talentorum
1423 1173 1770 1228 corradebat
1811 1189 2029 1227 nume—

386 1281 542 1330 rum,
576 1268 632 1317 et
651 1263 1112 1334 Chrysargyrum
1131 1263 1560 1334 appellabatur,
1580 1261 1838 1328 sustulit,
1869 1261 2031 1315 tabu-

385 1353 595 1423 lasque
629 1351 757 1423 ejus
788 1351 994 1406 tributi
1047 1351 1511 1422 descriptionem
1561 1351 1936 1406 continentes
1966 1351 2028 1404 in

385 1443 542 1498 circo
566 1458 774 1496 omnes
805 1458 1005 1496 coram
1055 1446 1176 1497 toto
1232 1441 1449 1512 populo
1499 1440 1914 1496 concremavit.
1949 1441 2029 1494 Ac

381 1547 514 1586 rem
573 1530 875 1601 publicam
926 1530 1166 1600 quidem
1226 1530 1327 1584 ille
1375 1534 1542 1584 tanta
1588 1528 2031 1601 magnificentia

380 1619 754 1676 emendabat.
790 1619 901 1674 Sed
932 1620 994 1673 in
1029 1619 1205 1674 rebus
1237 1619 1654 1674 ecclesiasticis
1686 1619 1844 1674 idem
1868 1635 2030 1689 aspe-

378 1729 513 1768 rum
540 1729 602 1767 se
633 1719 809 1782 atque
832 1711 1296 1766 inverecundum
1321 1710 1574 1782 praebuit
1597 1712 1845 1782 :quippe
1869 1726 2025 1765 anno

381 1801 621 1873 imperii
682 1801 771 1857 sui
825 1800 1084 1855 secundo
1142 1801 1194 1853 vi
1249 1817 1418 1855 suam
1474 1799 1896 1872 obligationem
1956 1798 2026 1853 ab
2059 1826 2106 1891 Β

381 1892 698 1963 Euthymio
728 1891 985 1962 repetiit.

452 1980 666 2045 Quinto
697 1996 856 2034 anno
889 1986 1175 2051 tyrannos
1197 1997 1376 2051 opera
1403 1982 1646 2036 Joannis
1676 1983 1904 2038 Scethis
1927 1983 2025 2038 do-

377 2069 549 2125 muit.
583 2070 897 2141 Euthymio
926 2086 1161 2140 quoque
1211 2070 1512 2141 episcopo,
1545 2071 1656 2125 sibi
1710 2072 2020 2143 religionis

375 2174 554 2214 causa
581 2158 847 2222 adverso,
879 2158 1005 2213 haec
1037 2158 1330 2213 nuntiavit
1353 2161 1609 2230 :.Magnae
1641 2164 1756 2214 tum
1816 2178 2024 2231 preca-

374 2246 536 2300 tione
560 2245 784 2300 amicos
811 2251 940 2300 tuos
957 2245 1202 2317 fuligine
1217 2253 1701 2317 consperserunt.
1734 2250 2020 2304 Eumdem

381 2333 728 2404 episcopatu
754 2334 908 2389 628
940 2333 1236 2404 dejectum
1291 2335 1593 2407 relegavit,
1656 2337 2018 2408 episcopatui

378 2421 787 2476 Macedonium
820 2422 1102 2492 praefecit.
1133 2423 1320 2478 Hicin
1359 2424 1608 2495 gratiam
1644 2424 2020 2495 imperatoris

387 2511 738 2566 Henoticum
768 2511 1020 2566 Zenonis
1052 2511 1488 2583 subscriptione
1520 2528 1626 2568 sua
1655 2514 2020 2585 approbavit.

443 2694 616 2749 Anno
640 2692 671 2744 8
701 2689 1077 2745 Macedonius
1098 2690 1168 2745 de
1193 2691 1489 2746 sententia
1518 2692 1814 2746 Anastasii
1844 2693 2018 2750 unire

373 2784 621 2836 conatus
672 2785 760 2834 est
815 2778 1178 2834 monasteria
1233 2780 1408 2850 regiae
1461 2779 1648 2847 urbis,
1689 2779 1918 2836 divulsa
1946 2781 2018 2835 ab

377 2870 1230 2941 unionepropterHenoticum
1261 2869 1553 2934 Zenonis;
1587 2875 1644 2924 et
1669 2871 1887 2925 coactis
1919 2872 2019 2942 qui

372 2959 436 3015 in
482 2959 627 3014 urbe
669 2964 793 3013 tum
843 2958 1378 3031 peregrinabantur
1436 2959 1746 3030 episcopis,
1775 2959 2021 3015 Chalce—

377 3047 665 3103 donensis
698 3047 935 3102 concilli
970 3047 1207 3102 decreta
1257 3047 1475 3118 scripto
1522 3053 1650 3102 rata
1689 3064 1752 3101 se
1799 3048 2018 3104 habere

2141 546 2204 600 τὸ
2234 547 2368 602 αὐτὸ
2400 549 2787 628 συνεισέφερον,
2821 545 2948 610 ὄνος
2999 545 3055 603 δὲ
3102 549 3189 603 καὶ
3240 548 3383 602 κύων
3417 548 3633 624 φολλεις
3663 556 3762 627 (96)

2141 633 2214 705 ἓξ.
2277 637 2378 692 Καὶ
2436 639 2501 706 ἦν
2561 636 2800 712 ὀδυρμὸς
2858 636 3035 699 πολὺς
3066 634 3117 692 ἔν
3168 657 3225 692 τε
3268 638 3428 712 χώρᾳ
3479 639 3566 692 καὶ
3616 641 3763 695 πόλει

2141 726 2348 780 τούτων
2410 727 2880 801 εἰσπραττομένων
2946 727 3297 800 ἀσυμπαθῶς.
3358 721 3607 801 Πρέσϐεις
3659 731 3766 784 τοί-

2142 837 2233 870 νυν
2281 815 2568 889 δεξάμενος
2627 819 2656 872 ὁ
2718 817 2971 893 βασιλεὺς
3056 817 3159 872 ὑπὸ
3216 820 3324 871 τῶν
3381 816 3433 871 ἐν
3489 815 3772 891 Ἱεροσολύ-

2147 926 2272 978 μοις
2307 911 2590 981 μοναχῶν,
2642 909 2731 962 καὶ
2781 906 3054 981 Τιμοθέου
3103 911 3198 960 τοῦ
3235 907 3465 975 Δαζαίου
3495 903 3682 980 ἀνδρὸς
3712 908 3773 962 τὰ

2141 996 2312 1050 πάντα
2343 1002 2512 1074 σοφοῦ
2568 995 2870 1074 τραγῳδίαν
2927 1000 3253 1067 ποιήσαντος
3315 997 3444 1070 ὑπὲρ
3477 1000 3570 1050 τοῦ
3602 997 3776 1052 τοιού-

2140 1105 2259 1152 του,
2298 1090 2468 1141 ταῦτα
2524 1085 2758 1160 ἐξέκοψε.
2821 1087 2964 1141 Κατὰ
3013 1084 3068 1141 δὲ
3123 1087 3213 1141 τὸν
3271 1085 3430 1140 αὐτὸν
3461 1085 3652 1163 χρόνον
3691 1085 3780 1140 καὶ

2141 1170 2506 1248 περίϐλεπτον
2564 1174 2882 1254 φιλοτιμίαν
2939 1179 3040 1240 τῆς
3088 1173 3502 1230 πολυταλάντου
3533 1171 3618 1228 καί
3648 1195 3777 1230 παν-

2144 1264 2293 1319 ώλου
2325 1262 2581 1341 εἷ’σφορᾶς
2617 1269 2715 1320 τοῦ
2770 1262 3114 1338 καλουμένου
3167 1267 3586 1338 τετραετηρικοῦ
3615 1283 3780 1338 χρυσ-

2145 1354 2385 1430 αργύρου
2467 1354 2758 1410 κατέλυσεν
2823 1356 2852 1408 ὁ
2921 1353 3199 1430 βασιλεὺς,
3270 1355 3419 1426 [358]
3492 1353 3582 1407 καὶ
3653 1353 3777 1426 πυρὶ

2141 1443 2192 1500 ἔν
2255 1443 2334 1516 τῷ
2393 1442 2724 1519 ἱπποδρόμῳ
2788 1441 3022 1500 ἔναντίον
3079 1448 3292 1498 πάντων
3369 1442 3656 1497 νατέκαυσε
3717 1443 3782 1498 τὰ

2137 1539 2240 1600 τῆς
2269 1531 2487 1588 τοιᾶσδε
2535 1533 2840 1596 συντελεῖας
2893 1533 3227 1609 κατάγραφα.
3286 1531 3390 1588 Καὶ
3449 1533 3514 1586 τὰ
3556 1532 3646 1604 μὲν
3679 1552 3780 1586 πο-

2142 1619 2325 1676 λιτικὰ
2357 1621 2666 1697 φιλοτίμως
2725 1622 2894 1684 οὕτως
2952 1621 3356 1696 ἐπηνωρθοῦτο,
3394 1621 3470 1682 εἰς
3519 1618 3576 1676 δὲ
3617 1621 3682 1675 τὰ
3712 1619 3784 1684 εἷς

2138 1711 2238 1779 τήν
2268 1716 2364 1766 τοῦ
2415 1711 2558 1775 θείου
2619 1709 2774 1782 δόξαν
2837 1711 3170 1766 συντείνοντα
3226 1708 3424 1785 δριμὺς
3455 1709 3546 1764 καὶ
3579 1707 3786 1763 ἀδυσώ-

2139 1821 2314 1870 πητος
2378 1801 2584 1876 γέγονε·
2643 1805 2724 1872 τῷ
2778 1801 2880 1876 γὰρ
2949 1797 3180 1875 δευτέρῳ
3247 1794 3354 1854 ἔτει
3421 1798 3589 1853 αὐτοῦ
3659 1798 3787 1870 μετὰ

2141 1886 2264 1960 βίας
2296 1888 2391 1956 τήν
2422 1887 2723 1966 ὁμολογίαν
2753 1888 2918 1942 αὐτοῦ
2959 1888 3103 1962 παρὰ
3141 1886 3418 1959 Εὐθυμίου
3459 1880 3642 1941 ἔλαϐε.

2210 1979 2305 2048 Τῷ
2335 1979 2370 2030 ε’
2402 1975 2508 2032 ἔτει
2557 1976 2684 2039 τοὺς
2723 1978 3013 2049 τυράννους
3073 1974 3161 2032 διὰ
3215 1976 3466 2032 Ἰωάννου
3514 1979 3609 2030 τοῦ
3645 1976 3786 2046 Σκήα

2139 2066 2264 2127 θους
2332 2070 2438 2138 (97)
2505 2062 2830 2142 παρέλαϐεν.
2892 2065 3152 2140 Εὐθυμίῳ
3231 2063 3289 2120 δὲ
3343 2070 3424 2136 τῷ
3483 2062 3785 2135 ἐπισκόπῳ,

2137 2153 2322 2230 ἐχθρῷ
2351 2155 2512 2211 αὐτοῦ
2539 2152 2651 2211 ὄντι
2683 2153 2774 2211 διὰ
2799 2158 2900 2225 τὴν
2954 2157 3160 2222 πίστιν,
3193 2152 3491 2222 ἐδήλωσεν·
3527 2154 3595 2207 Αἱ
3626 2153 3785 2226 εὐχαὶ

2139 2266 2233 2299 σου
2265 2246 2321 2298 αἱ
2355 2245 2584 2318 μεγάλαι
2613 2245 2744 2307 τοὺς
2793 2244 2987 2322 φίλους
3039 2265 3134 2299 σου
3191 2239 3546 2314 ἠσὸόλωσαν.
3580 2245 3782 2299 Τοῦτον

2133 2353 2192 2388 τε
2242 2336 2487 2409 καθαιρεῖ
2518 2336 2605 2389 καὶ
2668 2336 2743 2397 εἷς
2803 2334 3007 2410 ἐξορίαν
3048 2332 3419 2409 παραπέμπει.
3454 2329 3783 2389 Μακεδονιον

2138 2420 2196 2477 δὲ
2260 2423 2669 2498 προχειρίζεται
2750 2422 3044 2478 ἐπίσκοπον
3130 2418 3784 2478 Κωνσταντινουπόλεως.

2133 2513 2195 2568 Ὀ
2252 2510 2308 2566 δὲ
2364 2517 2546 2576 κακῶς
2599 2513 2836 2574 πεισθεὶς
2885 2517 2964 2584 τῷ
3023 2510 3352 2583 ’Λναστασίῳ
3389 2510 3672 2585 ὑπέγραψε
3709 2513 3786 2582 τῷ

2134 2601 2372 2674 ἑνωτικῷ
2403 2604 2674 2670 Ζήνωνος.

2204 2694 2294 2763 Τῷ
2347 2693 2396 2760 η’
2452 2686 2560 2746 ἔτει
2617 2688 2949 2752 Μακεδόνιος
2994 2691 3187 2765 γνώμῃ
3219 2693 3316 2744 τοῦ
3351 2687 3625 2764 βασιλέως
3660 2688 3786 2743 ἐνῶ-

2134 2801 2219 2834 σαι
2249 2781 2315 2834 τοὶ
2350 2782 2684 2854 μοναστήρια
2738 2787 2840 2847 τῆς
2900 2776 3183 2854 βασιλίδος
3234 2777 3512 2846 ἔσπευδεν,
3548 2779 3788 2852 ἀποσχι-

2133 2867 2319 2922 σθέντα
2351 2866 2439 2922 διὰ
2464 2869 2526 2923 τὸ
2558 2867 2809 2922 ἔνωτικὸν
2837 2869 3106 2937 Ζήνωνος.
3150 2865 3254 2922 Καὶ
3305 2864 3434 2928 τοὺς
3489 2861 3789 2937 ἐνδημοῦν-

2129 2979 2224 3020 τας
2257 2957 2582 3019 ἐπισκόπους
2642 2957 2948 3030 συναγαγὼν
3004 2955 3071 3010 τὰ
3128 2954 3178 3009 ἐν
3236 2950 3558 3024 Χαλκηδόνι
3600 2951 3786 3012 καλῶς

2131 3043 2556 3122 δογματισθέντα
2608 3047 2890 3121 έγγράφῶς
2947 3038 3258 3101 ἐϐεϐαίωσε.
3328 3040 3662 3116 Θευδέριχος
3731 3039 3787 3095 δὲ

374 3121 1170 3192 conﬁrmavit.Theodoricus
1183 3153 1359 3208 porro
1378 3136 1661 3190 Afercum
1680 3137 2016 3192 ministrum

2137 3137 2157 3190 δ
2190 3121 2398 3215 Ἀφρος
2429 3135 2676 3190 διάκονον
2710 3134 2854 3208 ἔχων
2901 3131 3208 3209 ὀρθόδοξον,
3243 3132 3378 3186 πάνυ
3410 3131 3782 3206 ἀγαπώμενον

377 3228 626 3284 haberet
648 3228 759 3282 sibi
780 3229 1135 3298 percharum
1151 3233 1396 3281 etrecta)
1419 3226 1722 3298 religionis
1736 3229 2022 3298 professo-

370 3332 520 3384 rem,
555 3317 764 3370 cumis
798 3316 858 3369 in
891 3316 1110 3370 domini
1130 3316 1379 3387 gratiam
1412 3331 1446 3368 a
1508 3315 1623 3369 fide
1668 3315 1740 3369 ad
1787 3317 2018 3372 Ariani-

372 3421 567 3460 smum
600 3421 661 3459 se
692 3404 1118 3468 transtulisset,
1168 3410 1346 3474 caput
1399 3404 1623 3457 homini
1669 3407 2016 3475 amputavit,

376 3495 535 3566 quod
567 3494 791 3549 diceret
821 3511 957 3548 eum
1008 3494 1108 3563 qui
1159 3495 1275 3547 Deo
1326 3491 1505 3547 ﬁdem
1553 3510 1672 3548 non
1708 3500 2018 3550 servasset.

373 3601 495 3640 non
524 3583 697 3639 facile
731 3583 843 3638 sibi
875 3582 1114 3638 ﬁdelem
1146 3582 1294 3638 fore.

446 3672 635 3728 Annis
659 3673 722 3726 10
755 3677 812 3726 et
843 3675 901 3726 11
936 3689 1174 3727 rursum
1208 3671 1486 3727 Saraceni
1546 3672 1606 3726 in
1655 3673 2016 3728 thniciam

373 3767 430 3817 et
454 3761 702 3832 Syriam,
734 3766 793 3814 et
824 3761 1054 3833 Bulgari
1087 3761 1146 3815 in
1168 3760 1471 3832 Illyricum
1499 3765 1557 3815 et
1585 3761 1892 3816 Thraciam
1925 3761 2012 3816 in-

371 3851 680 3906 cursiones
708 3850 999 3906 fecerunt.

439 3942 610 3994 Anno
645 3942 710 3991 12
743 3940 1090 3994 Anastasius
1122 3955 1252 3995 cum
1292 3941 1512 3995 Aretha
1543 3956 1746 4011 pacem
1781 3955 2016 4011 compo-

369 4029 497 4096 nit;
534 4033 710 4098 atque
746 4029 1032 4084 exindein
1046 4035 1169 4084 tota
1183 4029 1515 4095 Palaestina,
1536 4029 1747 4084 Arabia
1777 4034 1835 4084 et
1854 4029 2012 4085 Phre-

366 4118 526 4173 nicia
557 4117 676 4172 alta
697 4133 808 4188 pax
832 4134 898 4172 ac
931 4118 1329 4189 tranquillitas
1366 4119 1498 4174 fuit.
1532 4119 1674 4174 Cum
1706 4119 2012 4175 Neocaesa-

365 4225 481 4264 νοω
514 4208 1046 4266 immineretterrae
1068 4210 1288 4276 motus,
1313 4210 1486 4264 miles
1513 4209 1754 4280 quidam
1786 4209 1900 4264 iter
1923 4210 2008 4266 fa-

363 4297 526 4352 ciens
554 4298 702 4352 duos
734 4303 940 4352 contra
970 4314 1032 4352 se
1065 4298 1148 4352 ire
1197 4298 1415 4352 milites
1454 4297 1616 4367 vidit,
1649 4298 1954 4369 aliumque
1975 4315 2009 4354 a

361 4390 526 4457 tergo
559 4386 917 4440 clamantem
945 4385 1281 4440 :Abstinete
1315 4387 1488 4439 domo
1520 4386 1580 4439 in
1613 4402 1729 4456 qua
1755 4391 1842 4439 est
1870 4404 2006 4443 arca

2129 3225 2216 3279 ὑπ’
2246 3225 2431 3292 αὐτοῦ,
2486 3225 2843 3297 μεταθέμενον
2901 3220 2958 3277 δὲ
3014 3221 3089 3283 εἰς
3148 3222 3496 3295 ἀρειανισμὸν
3551 3220 3783 3294 χαριζό-

2130 3335 2292 3388 μενον
2353 3311 2666 3388 Θευδερίχῳ
2723 3312 3098 3386 ἀρειανίζοντι,
3158 3309 3391 3381 ἀπέτεμε
3451 3309 3622 3385 ξίφει,
3707 3308 3783 3362 εἰ-

2125 3404 2264 3456 πών·
2305 3403 2369 3458 Εἰ
2398 3408 2479 3476 τῷ
2507 3407 2624 3474 Θεῷ
2661 3402 2760 3470 τήν
2812 3400 2989 3454 πίστιν
3041 3399 3139 3454 οὐκ
3187 3395 3478 3476 ἐφύλαξας,
3514 3397 3642 3472 ἐμοὶ
3670 3401 3785 3458 πῶς

2125 3492 2378 3567 φυλάξεις
2403 3512 2416 3562 ;

2194 3672 2289 3743 Τῷ
2325 3672 2353 3724 ι’
2401 3669 2491 3724 καὶ
2545 3671 2609 3723 ια’
2656 3667 2761 3724 ἔτει
2819 3669 3006 3742 γέγονε
3061 3667 3226 3723 πάλιν
3289 3671 3630 3738 Σαρακηνῶν
3665 3663 3782 3718 ἐπι-

2122 3757 2302 3832 δρομή
2359 3758 2409 3813 ἔν
2467 3779 2524 3814 τε
2584 3758 2817 3832 Φοινίκῃ
2875 3758 2963 3811 καὶ
3034 3757 3226 3831 Συρίᾳ,
3256 3756 3348 3810 καὶ
3380 3756 3431 3809 o't
3467 3755 3781 3830 Βούλγαροι

2117 3853 2199 3921 τῷ
2231 3847 2524 3920 Ἰλλυρικῷ
2554 3846 2644 3902 καὶ
2684 3851 2752 3921 τῇ
2783 3847 2964 3921 Θρᾴκῃ
2999 3844 3372 3921 ἐπιτρέχουσι.

2191 3941 2286 4010 Τῷ
2345 3939 2416 4012 ιβ’
2473 3935 2578 3993 ἔτει
2629 3933 2906 3990 σπένδεται
2964 3935 3100 4009 πρὸς
3158 3937 3381 4009 ’Λρὲθαν
3443 3935 3561 4007 (98)
3615 3935 3778 3992 Ἀνα-

2118 4027 2357 4093 στάσιος,
2407 4027 2497 4080 καὶ
2555 4024 2752 4080 λοιπὸν
2812 4028 2954 4078 πᾶσα
3009 4026 3044 4092 ἡ
3103 4021 3428 4093 Παλαιστίνη
3464 4022 3558 4077 καὶ
3617 4023 3781 4095 Ἀρα-

2116 4111 2211 4170 ϐία
2246 4115 2334 4170 καὶ
2387 4115 2617 4185 Φοινίκη
2668 4112 2886 4178 πολλῆς
2934 4111 3184 4188 γαλήνης
3233 4111 3322 4166 καὶ
3371 4109 3602 4184 ετρήνης
3636 4109 3777 4179 ἀπή-

2116 4204 2301 4261 λαυον.
2389 4206 2474 4260 Ἐν
2562 4201 2953 4277 Νεοκαισαρείᾳ
3029 4199 3087 4255 δὲ
3166 4198 3472 4274 μέλλοντος
3534 4199 3780 4274 γίνεσθαι

2114 4299 2342 4368 σεισμοῦ
2374 4293 2712 4368 στρατιώτης
2771 4289 2972 4347 ὁδεύων
3025 4289 3132 4346 εἶδε
3190 4288 3285 4345 δύο
3318 4292 3662 4364 στρατιώτας
3695 4287 3779 4342 ἰπ’

2113 4384 2271 4439 αὐτὸν
2302 4383 2498 4454 ἰόντας,
2531 4383 2622 4437 καὶ
2672 4381 2889 4436 ὄπισθεν
2944 4379 3115 4437 ἄλλον
3167 4380 3450 4454 κράξαντω
3488 4377 3780 4450 Φυλάξατε

360 4475 641 4545 Gregorii.
674 4475 752 4528 Eo
806 4479 979 4528 terrae
1038 4479 1203 4528 motu
1261 4491 1395 4528 cum
1452 4475 1645 4545 major
1675 4475 1838 4529 urbis
1870 4492 2005 4546 pars

2137 4477 2204 4529 τὸν
2237 4475 2384 4529 οἶκον
2415 4473 2466 4528 ἐν
2518 4475 2564 4545 ᾦ
2595 4475 2629 4542 ἡ
2663 4475 2804 4543 θήκη
2864 4473 3168 4546 Γρηγορίου
3208 4469 3342 4528 ἐστί.
3378 4469 3688 4542 Γενομένου
3721 4463 3777 4521 δὲ

361 4567 520 4617 esset
566 4567 882 4634 prostrata,
929 4563 1086 4618 mdes
1119 4563 1316 4617 Sancti
1366 4564 1624 4635 Gregorii
1686 4563 2004 4619 incolumis

359 4652 602 4707 mansit.
1428 4720 1434 4724 _

357 4743 529 4796 Anno
565 4743 627 4796 13
687 4739 950 4795 Cabades
1003 4743 1317 4796 Persarum
1376 4758 1500 4809 rex,
1559 4740 1714 4795 facta
1756 4741 1997 4811 expedi-

355 4828 542 4895 tione,
573 4828 785 4884 Amida
813 4828 1022 4883 urbem
1056 4834 1374 4902 oppugnat.

2115 4570 2210 4619 τοῦ
2245 4567 2469 4635 σεισμοῦ
2500 4566 2562 4619 τὸ
2595 4560 2849 4616 πλεῖστον
2914 4560 3076 4635 μέρος
3125 4567 3225 4629 τῆς
3275 4559 3491 4620 πόλεως
3526 4557 3773 4626 ἐπτώθη,

2109 4653 2258 4721 πλὴν
2290 4657 2389 4707 τοῦ
2418 4655 2550 4706 ναοῦ
2581 4655 2678 4706 τοῦ
2709 4650 2870 4725 ἁγίου
2899 4648 3225 4724 Γρηγορίου.

2178 4744 2271 4814 Τῷ
2297 4737 2727 4816 τρισκαιδεκάτῳ
2755 4735 2862 4794 ἔτει
2893 4733 3150 4808 Καϐάδης
3181 4739 3208 4792 ὁ
3243 4742 3456 4811 Περσῶν
3505 4733 3772 4811 βασιλεὺς

2108 4830 2492 4907 ἐκστρατεύσας
2523 4827 2728 4903 Ἀμιδα
2755 4830 2852 4897 τὴν
2881 4827 3042 4884 πόλιν
3073 4834 3284 4901 πορθεῖ.

1551 4953 1918 5013 XYLANDRI
1958 4959 2044 5015 ET
2084 4960 2296 5015 GOARI
2338 4959 2557 5013 NOTxE.

426 5079 537 5163 (96)
570 5079 785 5163 Εοιιεε.
814 5079 1000 5163 ῌμῇιξβ
1060 5084 1330 5163 ῐῐξοῐιειιιε⁸
1370 5078 1782 5163 meminerunt
1817 5081 1994 5163 etiam

353 5150 455 5207 alii
485 5150 780 5217 auctores,
836 5150 1044 5206 Suidas
1087 5151 1258 5207 docet
1305 5151 1507 5207 follem
1567 5168 1694 5205 esse
1729 5151 1994 5208 obolum.

350 5223 514 5278 Idem
544 5229 795 5279 testatur
823 5223 1197 5277 Timotheum
1231 5225 1492 5278 Gazaaum
1540 5225 1995 5280 grammaticum

351 5294 523 5368 istius
551 5295 754 5368 tribpti
787 5294 1056 5368 causain
1088 5295 1463 5368 Anastasium
1489 5293 1754 5368 gdidisse
1783 5301 1992 5368 tragm-

353 5365 632 5440 d_iam,_in
655 5364 944 5440 Τιμόθεος.
973 5366 1109 5421 Χγῐ..
1145 5397 1212 5407 —
1243 5366 1258 5440 [
1295 5366 1433 5420 Vide
1489 5365 1722 5420 Fabroti
1769 5364 1996 5423 Glossa-

349 5436 506 5490 rium
543 5435 743 5505 infra.]

423 5506 769 5580 (g7chytltae
818 5507 1031 5580 legitur
1080 5509 1236 5580 apud
1285 5509 1780 5580 Evangrium,III,
1813 5512 1902 5578 35,
1938 5517 1995 5566 et

349 5578 412 5636 in
443 5576 672 5650 Eclogis
702 5577 744 5632 l.
779 5595 814 5632 ιι
845 5576 1136 5635 Theodori
1162 5576 1524 5653 anagnosta).
1575 5580 1860 5652 Loquitur
1889 5576 1995 5640 au-

2105 5089 2224 5137 tem
2249 5082 2320 5137 de
2345 5082 2603 5152 Longino
2627 5081 2876 5136 Zenonis
2898 5081 3099 5146 fratre,
3120 5081 3367 5152 ejusque
3390 5078 3551 5133 socio
3577 5078 3772 5133 Theo-

2105 5155 2272 5220 doro,
2298 5153 2398 5224 qui
2418 5150 2635 5208 Isauris
2659 5153 2969 5208 concitatis
2992 5150 3394 5224 rebellabant;
3415 5165 3770 5224 quanquam

2103 5221 2360 5352 1Zonargiis
2386 5225 2710 5297 Longinum
2738 5225 2896 5280 hunc
2919 5241 2952 5278 a
2973 5224 3225 5278 Zenonis
3246 5223 3427 5277 fratre
3461 5221 3770 5276 diversum

2119 5298 2263 5352 "acit.
2351 5313 2438 5350 YL.

2119 5298 2263 5353 :‘acit.
2299 5298 2438 5351 ΧΥῙ..

2177 5371 2282 5438 (98)
2342 5368 2623 5423 Aretham
2681 5373 2822 5439 puto
2884 5367 3090 5422 ducem
3152 5365 3457 5439 Persicum
3487 5363 3631 5439 dici,
3667 5361 3772 5433 qui

2106 5434 2433 5512 NiCephoro
2465 5446 2554 5494 est
2586 5434 2864 5512 Zur—ethos,
2911 5456 3068 5512 impr
3094 5441 3206 5512 35._
3243 5437 3454 5512 Amida
3496 5434 3647 5512 urbs
3676 5439 3773 5512 est

2105 5505 2561 5582 Mesopotamiae.
2596 5512 2673 5567 De
2705 5511 2858 5566 bello
2907 5511 3018 5565 hoc
3047 5509 3282 5565 Persico
3314 5505 3644 5577 Procopius
3676 5505 3720 5561 1.
3757 5522 3770 5560 ι

2106 5584 2365 5656 copiose.
2400 5583 2534 5638 XvL.
