4124 6312
1561 345 2117 410 HISTORIARUM
2158 345 2698 409 COMPENDIUM.

3732 345 3850 410 686

494 484 589 555 Τῷ
612 479 680 537 ιδ’
709 475 815 538 ἔτει
848 481 1056 539 πολλοὶ
1086 485 1325 559 πόλεμοι
1361 483 1496 557 μετὰ
1526 479 1744 560 Καϐἀδῃ
1802 482 2076 560 γεγόνασιῖ

2263 483 2415 539 629
2449 485 2714 539 Anno”
2745 485 2950 541 crebro
2981 485 3204 542 bellum
3262 490 3353 542 est
3408 501 3546 543 cum
3604 486 3836 544 Cabade

426 571 621 644 Τούτῳ
650 575 731 644 τῷ
761 565 868 628 ἔτει
902 572 1128 628 ἶππικοῦ
1161 574 1456 650 γενομένου
1505 574 1690 647 ἄταξία
1733 572 1923 648 γέγονε
1973 575 2079 626 τῶν

428 658 528 716 δύο
563 664 740 736 μερῶν
773 664 910 735 (99),
960 661 1050 717 καὶ
1103 661 1310 718 πολλοὶ
1362 662 1620 727 ἀπέθανον
1654 662 1702 732 ἐξ
1737 661 2080 741 ἀμφοτέρων.

424 749 476 805 ἐν
506 751 594 812 οἷς
627 750 718 804 καὶ
751 751 779 804 6
813 751 1053 820 υἱὸς,τοῦ
1087 750 1377 827 βασιλέως,
1411 753 1468 806 ὃν
1524 752 1672 830 εἶχεν
1727 751 1832 805 ἀπὸ
1866 748 2083 804 παλλα-

427 846 550 910 κῆς.
586 837 808 916 Σφόδρα
865 838 958 894 υῦν
1020 839 1284 911 λυπηθεὶς
1316 846 1345 897 ὁ
1379 839 1637 916 βασιλεὺς
1693 838 1940 901 πολλοὺς
1971 838 2081 894 ἐτι-

431 930 751 1004 μωρήσατο.
785 927 977 1002 Τούτῳ
1006 934 1086 1002 τῷ
1133 926 1242 986 ἵτει
1275 931 1545 1009 ἐχώνευσε
1577 930 1764 985 πολλὰ
1795 929 2082 1004 χαλκουρ-

424 1020 646 1093 γήματα
686 1018 736 1088 ἐξ
779 1019 852 1072 ὧν
912 1016 1132 1089 ἔστησεν
1198 1021 1226 1074 6
1289 1019 1468 1096 Μέγας
1505 1023 1932 1088 Κωνσταντῖνος,
1992 1019 2083 1072 καὶ

431 1107 656 1178 ἐποίησε
683 1109 782 1176 τήν
815 1104 956 1161 ἰδίαν
1004 1106 1236 1179 στήλην,
1278 1109 1368 1163 καὶ
1398 1105 1618 1178 ἔστησεν
1671 1108 1747 1172 εἷς
1799 1109 1956 1164 κίονα
1985 1111 2082 1161 106

428 1193 665 1268 Ταύρου·
698 1197 732 1263 ἡ
791 1195 894 1270 γὰρ
951 1197 1145 1270 πρώτη
1202 1197 1408 1250 ἑστῶσα
1463 1199 1547 1270 [Ρ.
1609 1197 1734 1269 359]
1794 1191 2082 1250 Θεοδοσίου

425 1287 524 1341 τοῦ
553 1282 815 1360 Μεγάλου
844 1280 1028 1339 ἓπεσεν
1063 1284 1168 1339 ἀπὸ
1199 1288 1296 1340 τοῦ
1347 1285 1571 1358 σέισμοῦ
1628 1284 1718 1339 καὶ
1773 1278 2080 1356 συνετρίϐη.

426 1373 564 1431 Τότε
592 1373 855 1448 καὶάνήρ
917 1394 1004 1436 τις
1059 1374 1382 1448 χειμευτής,
1441 1373 1502 1428 ἐκ
1552 1377 1663 1428 τῶν
1717 1379 1816 1442 τῆς
1875 1372 2082 1450 χείμης

425 1465 636 1536 τεχνῶν
670 1460 873 1538 εὐφυὴς
933 1459 1005 1516 ὥν
1064 1467 1186 1525 ταῖς
1244 1461 1472 1525 ἀπόταις
1529 1461 2080 1540 ὁιρθαλμοπλανῆσαι,

431 1548 773 1608 ὑπεδείκνυεν
802 1551 1242 1627 ἀργυροπράταις
1276 1553 1366 1606 καὶ
1397 1553 1486 1606 καὶ
1518 1552 1722 1627 ἑτέροις
1755 1557 1943 1629 χεῖρας
1991 1550 2082 1604 καὶ

428 1637 601 1703 πόδας
641 1637 974 1717 ἀνδριάντων
1014 1641 1107 1695 καὶ
1135 1639 1293 1716 ἕτερα
1337 1639 1456 1712 εἴδη
1513 1645 1712 1715 χρυσᾶ,
1747 1640 1922 1717 Λέγων
1983 1641 2084 1709 θη-

433 1729 627 1803 σαυρὸν
660 1729 969 1805 εὑρηκέναι,
1026 1730 1117 1784 καὶ
1171 1727 1418 1792 πολλοὺς
1486 1728 1765 1800 ἀπατήσας
1796 1729 1873 1794 εἰς
1896 1729 2080 1783 πενίαν

429 1817 638 1894 ἤνεγκε.
673 1821 880 1892 Φήμης
912 1819 1003 1875 οὗν
1044 1819 1166 1892 περί
1217 1820 1382 1875 αὐτοῦ
1439 1818 1739 1894 γενομένης
1795 1817 2082 1892 κρατηθεὶς

429 1904 581 1982 ἤχθη
614 1912 695 1980 τῷ
729 1910 1082 1982 Ἀναστασιῳ.
1133 1910 1193 1966 Ὁ
1227 1905 1284 1963 δὲ
1311 1911 1680 1985 προσήνεγκεν
1740 1909 1889 1980 αὐτῷ
1919 1907 2088 1985 χαλι-
2116 1895 2162 1958 Β

430 1997 522 2052 νδν
557 1996 725 2051 ἰππου
785 1997 1095 2072 ὁλόχρυσον
1151 1995 1239 2052 διὰ
1295 2002 1665 2073 μαργαριτῶν·
1726 1999 1786 2052 ὃν
1837 1991 2020 2052 λαϐὼν
2051 1996 2079 2050 6

441 2085 694 2162 βασιλεὺς
721 2080 846 2162 ἔφη·
889 2090 1102 2150 Ὄντως
1158 2086 1242 2156 σὺ,
1310 2086 1360 2141 εἴ
1397 2087 1485 2141 καὶ
1516 2086 1719 2150 πάντας
1774 2087 2079 2156 ἡπάτησας,

437 2174 535 2248 ἐμὲ
564 2175 662 2230 οὐκ
691 2175 1008 2247 ἀπατήσεις.
1051 2177 1156 2233 Καὶ
1204 2175 1453 2252 ἐξώρισεν
1482 2175 1642 2231 αὐτὸν
1675 2177 1749 2238 εἰς
1800 2197 1852 2230 τι
1910 2173 2080 2254 φρού-

439 2285 552 2340 ριον
585 2266 688 2339 (ι),
719 2261 844 2319 ἔνθα
872 2265 961 2320 καὶ
990 2263 1234 2337 τελευτᾷ.

510 2356 598 2425 Τῷ
640 2359 705 2417 ις’
731 2349 841 2408 ’έτει
873 2353 1078 2418 ἀνεθεὶς
1116 2359 1223 2409 τῶν
1282 2352 1542 2426 πολέμων
1604 2351 1938 2412 Μακεδόνιον
1992 2353 2082 2408 τὸν

438 2445 786 2520 πατριάρχην
813 2442 1128 2519 διαστρέψαι
1175 2448 1275 2514 τῆς
1333 2447 1498 2521 ὀρθῆς
1557 2446 1788 2506 πίστεως
1840 2438 2082 2500 ἔσπευδε.

441 2534 651 2590 Πολλοὶ
683 2533 737 2590 δὲ
794 2541 902 2590 τῶν
965 2536 1273 2592 ἐπισκόπων
1332 2537 1666 2608 Ἀναστασίῳ
1723 2535 2082 2615 χαριζόμενοι

440 2627 510 2698 τῇ
532 2623 584 2678 ἐν
640 2623 952 2694 Χαλκηδόνι
1012 2623 1218 2698 συνόδῳ
1277 2624 1624 2684 ἀντέπιπτον.
1682 2627 1989 2700 Μανιχαῖον
2027 2622 2086 2678 δέ

443 2733 559 2767 τινα
618 2715 898 2792 ζωγράφον
971 2713 1321 2790 Συροπέρσην
1379 2714 1485 2768 ἀπὸ
1543 2714 1777 2785 Κυζίκου
1833 2713 2086 2770 Ἀναστά-

443 2822 560 2864 σιος
599 2798 801 2878 ἤγαγεν
855 2801 906 2857 έν
965 2805 1215 2881 σχήματι
1263 2797 1654 2877 πρεσϐυτέρου,
1705 2797 1764 2866 ὅς
1817 2800 2086 2876 ἀλλὸτρια

435 2893 543 2945 τῶν
598 2890 1065 2962 ἐκκΛησιαστικῶν
1124 2891 1281 2967 ἁγίαν
1330 2891 1554 2947 εἰκόνων
1619 2891 1894 2964 ἐτὸλμησε
1949 2891 2085 2966 γρά-

436 2983 540 3053 ψας
599 2981 691 3035 καὶ
755 2979 1093 3058 φασμάτώδη
1159 2981 1208 3036 ὲν
1287 2985 1366 3053 τῷ
1421 2979 1672 3052 παλατίῳ
1728 2982 1926 3057 γνώμῃ
1983 2985 2085 3034 τοῦ

441 3067 733 3145 βασιλέως,
765 3069 1017 3146 χαίροντι
1074 3075 1192 3132 τοῖς
1231 3075 1590 3144 Λανιχαῖκοῖς
1621 3089 1636 3102 ·
1697 3070 1812 3124 ὅθεν
1849 3069 1938 3124 καὶ
1970 3071 2088 3123 στά-

441 3179 520 3220 σις
549 3162 646 3213 τοῦ
677 3157 814 3213 λαοῦ
845 3158 1029 3234 γέγονε
1089 3158 1328 3234 μεγάλη.
1363 3158 1643 3234 Ασχόλιον
1679 3155 1735 3212 δέ
1764 3178 1886 3213 τινα
1918 3159 1945 3212 6
1978 3162 2088 3215 Ma-

2194 577 2445 644 gestum.
2479 572 2698 627 Eodem
2730 590 2885 629 anno
2918 590 3049 630 cum
3085 575 3360 631 ederetur
3407 581 3684 646 equestre
3715 594 3848 632 cer-

2195 667 2416 728 tamen,
2449 662 2948 718 tumultuantibus
3006 665 3272 734 partibus
3327 665 3498 720 multi
3560 666 3841 737 utrinque

2196 756 2336 806 sunt
2367 750 2683 817 interfecti,
2717 752 2989 823 interque
3022 769 3120 807 eos
3145 754 3518 824 imperatoris
3549 772 3618 810 ex
3635 755 3843 828 pellice

2195 840 2373 895 ﬁlius.
2401 840 2580 910 Cujus
2606 839 2810 895 dolore
2833 842 3093 912 percitus
3124 843 3444 914 imperator
3470 844 3689 899 multos
3707 861 3846 915 sup-

2195 927 2372 1000 plicio
2403 929 2617 984 affecit.
2651 929 2870 984 Eodem
2903 946 3062 985 anno
3093 932 3282 986 multa
3303 949 3456 987 terea
3474 933 3844 989 Constantini

2195 1018 2382 1090 Magni
2415 1035 2595 1089 opera
2617 1018 2915 1086 conﬂavit,
2939 1035 3225 1090 suamque
3257 1025 3511 1076 statuam
3544 1022 3678 1076 inde
3702 1039 3842 1077 con-

2195 1107 2337 1161 fecit
2367 1113 2426 1162 et
2457 1107 2517 1161 in
2572 1108 2852 1163 columna
2904 1109 3076 1162 Tauri
3135 1110 3482 1164 constituit:
3542 1127 3682 1166 nam
3712 1129 3843 1182 quas

2195 1195 2360 1265 prius
2393 1195 2471 1248 ibi
2504 1196 2696 1266 posita
2722 1195 2916 1251 fuerat
2945 1197 3255 1251 Theodosii
3290 1197 3504 1268 Magni,
3554 1214 3624 1252 ea
3673 1203 3842 1254 terra:

2195 1290 2360 1339 motu
2391 1284 2621 1356 dejecta
2653 1290 2712 1340 et
2767 1287 3132 1340 comminuta
3162 1287 3291 1342 fuit.
3350 1289 3511 1342 Tunc
3553 1287 3732 1342 etiam
3758 1289 3845 1343 vir

2195 1375 2434 1444 quidam
2467 1392 2536 1430 ex
2575 1392 2781 1429 eorum
2838 1392 3087 1430 numero
3121 1377 3220 1446 qui
3265 1377 3596 1447 chymicam
3655 1383 3841 1433 artem

2192 1463 2566 1533 proﬁtentur,
2600 1463 2851 1519 callidus
2891 1465 3097 1519 oculos
3146 1466 3456 1520 hominum
3513 1467 3844 1537 impostura

2193 1552 2629 1624 praestringere,
2679 1554 3028 1624 argentariis
3077 1554 3324 1625 aliisque
3373 1555 3588 1610 obtulit
3630 1573 3840 1614 manus

2194 1640 2495 1712 pedesque
2532 1647 2859 1697 statuarum
2892 1648 2949 1697 et
2979 1643 3098 1698 alia
3148 1659 3347 1712 aurea,
3382 1642 3583 1698 dicens
3614 1662 3675 1700 se
3709 1646 3841 1701 the-

2195 1749 2435 1788 saurum
2492 1735 2823 1805 reperisse;
2882 1736 3220 1806 multosque
3296 1737 3378 1791 ita
3434 1737 3710 1809 deceptos
3765 1739 3840 1794 ad

2193 1830 2600 1895 paupertatem
2633 1825 2878 1897 redegit.
2907 1828 3083 1881 Fama
3125 1827 3377 1899 vulgata,
3415 1833 3618 1899 captus
3677 1834 3737 1883 et
3765 1830 3838 1886 ad

2193 1915 2569 1970 Anastasium
2601 1915 2890 1970 adductus
2920 1915 3154 1971 frenum
3185 1917 3321 1988 equi
3354 1934 3423 1972 ex
3471 1918 3660 1973 solido
3692 1935 3834 1974 auro

2188 2002 2508 2058 conﬂatum
2544 2019 2611 2058 ac
2667 2005 3000 2076 margaritis
3058 2012 3396 2061 consertum
3427 2007 3660 2062 obtulit.
3723 2008 3836 2064 Sed

2187 2093 2509 2163 imperator
2535 2092 2701 2147 freno
2734 2099 2972 2165 accepto
2997 2111 3010 2148 :
3045 2096 3116 2150 Ut
3136 2112 3365 2160 omnes,
3390 2097 3832 2167 inquit,fefelle-

2189 2182 2292 2251 ris,
2321 2199 2415 2236 me
2436 2183 2698 2252 profecto
2713 2199 2834 2237 non
2857 2183 3136 2254 decipies.
3165 2185 3492 2255 Statimque
3523 2186 3830 2241 hominem

2189 2270 2249 2324 in
2280 2270 2590 2325 castellum
2622 2271 2920 2341 quoddam
2950 2272 3250 2343 relegavit,
3285 2272 3346 2327 in
3377 2289 3524 2342 quos
3555 2272 3604 2326 is
3635 2274 3832 2344 periit.

2258 2360 2425 2413 Anno
2464 2360 2523 2412 16
2553 2358 2726 2412 bellis
2757 2365 3132 2428 exoneratus,
3166 2367 3414 2414 conatus
3447 2365 3534 2414 est
3564 2360 3835 2415 Macedo-

2190 2448 2356 2502 nium
2387 2448 2729 2518 episcopum
2761 2463 2794 2502 a
2825 2454 2983 2503 recta
3015 2449 3128 2503 ﬁde
3161 2454 3444 2503 avertere.
3499 2449 3662 2504 Multi
3712 2454 3837 2504 tum

2192 2537 2452 2608 episcopi
2484 2537 2546 2590 in
2575 2537 2822 2608 gratiam
2855 2537 3149 2593 Anastasii
3188 2537 3668 2593 Chalcedonense
3701 2555 3838 2593 con-

2192 2627 2396 2682 cilium
2449 2626 2965 2697 impugnaverunt.
2999 2626 3257 2682 Adduxit
3284 2626 3462 2681 etiam
3489 2628 3836 2682 Anastasius

2193 2717 2395 2788 Cyzico
2451 2717 2739 2787 pictorem
2797 2717 3116 2787 quemdam
3177 2718 3579 2789 Syropersam,
3634 2718 3839 2774 habitu

2193 2806 2651 2877 presbyteri,qui
2668 2806 2728 2859 in
2748 2807 2906 2877 regia
2911 2806 3083 2876 jussu
3103 2807 3480 2877 imperatoris
3498 2808 3652 2862 680
3676 2809 3840 2878 (nata

2193 2895 2244 2948 is
2265 2893 2644 2949 Manichaicis
2676 2894 2848 2961 nugis
2891 2894 3320 2966 delectabatur)
3353 2895 3626 2965 quasdam
3657 2913 3839 2950 mon-

2195 2986 2385 3037 strosa
2414 2988 2472 3036 et
2500 2982 2572 3036 ab
2605 2981 2962 3053 imaginibus
2987 2983 3403 3037 ecclesiasticis
3420 2982 3615 3038 aliena
3636 2984 3843 3055 pinge-

2161 3104 2164 3108 -
2193 3076 2302 3126 ret.
2336 3070 2417 3126 Ob
2450 3071 2509 3124 id
2543 3087 2754 3142 magna
2783 3071 2984 3142 populi
3042 3075 3132 3126 est
3170 3077 3372 3126 coorta
3400 3071 3633 3127 seditio.
3663 3072 3840 3128 Caste-

2192 3176 2327 3214 rum
2357 3159 2731 3214 Macedonius
2781 3165 3012 3214 tantum
3061 3159 3249 3215 abfuit
3293 3166 3357 3214 ut
3385 3159 3646 3215 Ascholii
3679 3161 3840 3231 inju-

438 3243 683 3310 κεδόνιος
717 3251 788 3322 (2)
821 3246 872 3302 έν
926 3246 1098 3323 ἔχθρᾳ
1129 3252 1327 3325 φονικῇ
1386 3267 1724 3320 σπασαμενον
1771 3253 1887 3301 κατ’
1919 3246 2084 3302 αὐτοῦ

2197 3249 2342 3302 riam
2391 3252 2866 3318 persequeretur,
2898 3265 2934 3303 a
2980 3265 3096 3318 quo
3149 3249 3351 3304 stricto
3403 3248 3598 3321 gladio
3646 3249 3842 3304 fuerat

447 3337 720 3410 μάχαιραν
779 3335 828 3408 ἐξ
884 3335 1169 3411 ὑποβολῆς
1225 3340 1334 3391 τῶν
1417 3334 1814 3411 έχθραινύντων
1886 3336 2082 3405 αὐτῆς,

442 3426 692 3477 τοσοῦτον
746 3423 955 3498 ἀπέσχε
1005 3427 1100 3479 τοῦ
1163 3429 1570 3496 μνησικακῆσαι
1627 3420 1763 3478 ὥστε
1820 3424 1908 3478 καὶ
1974 3445 2084 3498 μη-

441 3514 614 3578 κιαίας
645 3515 792 3588 αύτῷ
821 3515 1064 3578 ἀννώνας
1124 3515 1418 3590 προσέταξε
1484 3510 1695 3570 λαϐεῖν’
1753 3521 1924 3590 πρᾶος
1979 3517 2082 3592 γὰρ

438 3603 504 3673 ἧν
523 3606 551 3659 6
577 3604 737 3679 ἀνήρ.
763 3608 940 3663 Τοῦτο
973 3603 1031 3660 δὲ
1052 3605 1244 3680 πρώην
1275 3605 1365 3659 καὶ
1393 3604 1467 3668 εἷς
1498 3603 1840 3680 ἱεροσουλίαν
1869 3602 2082 3680 ἔπραξε.

437 3694 540 3749 Δύο
565 3697 732 3749 τινῶν
764 3689 1262 3774 ἀμφισϐητούντων
1312 3693 1619 3748 ἐπισκόπων
1674 3695 1796 3768 περὶ
1826 3694 2082 3763 πίστεως,

437 3779 731 3857 ὁρθοδόξου
760 3783 850 3837 καὶ
913 3784 1208 3857 Ἀρειανοῦ,
1240 3782 1329 3837 καὶ
1357 3786 1455 3838 τοῦ
1506 3784 1599 3856 μὲν
1634 3783 1910 3856 Ἀρειανοῦ
1967 3783 2085 3838 δια-

436 3870 693 3926 λεκτικοῦ
725 3866 904 3942 ὄντος,
949 3875 1046 3926 τοῦ
1103 3868 1161 3925 δὲ
1219 3869 1502 3946 ὀρθοδόξον
1563 3867 1815 3932 εὕσεϐοῦς
1869 3871 1959 3927 καὶ
1991 3893 2084 3926 πι·

438 3964 594 4026 στοῦ,
639 3960 668 4015 6
726 3957 1013 4034 ὀρθὸδοξος
1071 3959 1381 4034 προύτεινεν
1441 3957 1582 4016 ὥστε
1625 3959 1924 4038 ἀφεμένους
1979 3966 2087 4015 τῶν

439 4046 622 4125 λόγων
709 4049 785 4112 εἷς
869 4053 976 4124 πῦρ
1063 4046 1342 4118 εἶ’σελθεῖν,
1423 4049 1514 4103 καὶ
1596 4046 1738 4104 οὕτω
1798 4046 2085 4125 δειχθῆναι

438 4138 530 4193 τὸν
593 4133 989 4214 εὐσεϐέστερον.
1048 4141 1160 4195 Τοῦ
1221 4135 1276 4192 δὲ
1329 4140 1606 4212 Ἀρειανοῦ
1670 4143 1836 4194 10610
1888 4159 2087 4213 παραι-

437 4231 749 4302 τησαμένου
806 4229 966 4289 αὐτὸς
1025 4226 1268 4297 εἰσῆλθε,
1322 4227 1412 4282 καὶ
1469 4226 1524 4282 ἐν
1585 4226 1733 4300 μέσῳ
1777 4232 1874 4282 τοῦ
1916 4229 2087 4302 πυρὸς

437 4318 726 4391 ἱστάμενος
758 4314 1034 4394 διελέγετο
1065 4320 1247 4385 πᾶσιν,
1284 4311 1534 4387 ἀϐλαϐὴς
1566 4316 1670 4371 ὑπὸ
1697 4319 1794 4371 106
1825 4320 1958 4372 Θεοῦ
1989 4339 2089 4396 φυ-

438 4404 792 4481 λαττόμενος.

510 4497 604 4567 Τῷ
660 4500 720 4565 ιζ’
751 4489 865 4549 ἔτοι
895 4493 1131 4569 ἐτείχισε
1160 4494 1224 4548 τὸ
1257 4492 1452 4568 Δαρᾶς,
1485 4495 1682 4568 χωρόν
1730 4494 1789 4548 ὃν
1818 4500 1918 4563 τῆς
1979 4501 2086 4550 Me-

2195 3338 2572 3393 inimicorum
2589 3355 2832 3393 suorum
2845 3339 3133 3394 instinctu
3146 3339 3455 3410 petitus,ut
3470 3345 3839 3394 menstruam

2195 3427 2247 3482 ei
2301 3444 2476 3500 porro
2543 3443 2843 3482 annonam
2903 3428 3298 3483 constituerit.
3361 3430 3498 3482 Erat
3545 3427 3703 3482 enim
3752 3427 3840 3482 vir

2195 3523 2558 3574 mansuetus.
2579 3521 2770 3588 Atque
2801 3518 3009 3573 eodem
3040 3535 3248 3574 recens
3280 3518 3454 3574 modo
3487 3519 3840 3590 sacrilegum

2192 3613 2563 3663 tractaverat.
2599 3607 2837 3662 Duobus
2889 3607 3179 3678 episcopis
3229 3607 3300 3661 de
3343 3607 3457 3661 ﬁde
3488 3607 3836 3662 altercanti-

2194 3697 2322 3764 bus,
2359 3696 2686 3751 ortbodoxo
2719 3701 2776 3750 et
2838 3696 3216 3763 Ariano,cum
3259 3695 3356 3749 hic
3388 3695 3720 3750 disserendi
3752 3696 3838 3750 fa-

2195 3785 2415 3842 cultate
2463 3784 2734 3857 polleret,
2768 3784 2870 3839 ille
2923 3785 3142 3855 pietate
3196 3789 3255 3837 et
3302 3783 3417 3838 ﬁde
3465 3783 3650 3838 fretus
3684 3784 3836 3838 hanc

2193 3876 2412 3931 Ariano
2435 3873 2836 3930 conditionem
2858 3873 2992 3927 tulit
3017 3879 3082 3927 ut
3103 3872 3322 3927 omissa
3351 3873 3754 3944 disputatione
3776 3872 3837 3927 in

2194 3965 2393 4036 ignem
2439 3979 2566 4018 sese
2621 3962 2854 4026 darent,
2885 3961 3085 4033 itaque
3135 3967 3270 4016 uter
3315 3962 3578 4033 ipsorum
3619 3963 3836 4032 pietate

2196 4058 2524 4126 praestaret,
2583 4058 2790 4108 notum
2852 4053 3039 4108 ﬁeret.
3077 4054 3403 4109 Recusante
3460 4054 3677 4108 Ariano
3708 4054 3834 4124 ipse

2195 4143 2435 4198 intravit
2463 4141 2682 4214 ignem,
2717 4147 2775 4197 et
2827 4147 2989 4196 stans
3043 4142 3105 4196 in
3155 4141 3350 4196 medio
3383 4142 3512 4213 ejus
3556 4141 3733 4196 verba
3762 4141 3836 4196 ad

2197 4229 2641 4285 multitudinem
2693 4228 2853 4296 fecit,
2905 4231 3024 4284 Deo
3057 4229 3249 4300 ipsum
3303 4229 3670 4285 incolumem
3701 4245 3839 4285 con-

2197 4322 2486 4374 servante.

2267 4500 2438 4553 Anno
2475 4498 2537 4552 17
2587 4498 2937 4553 Anastasius
2987 4499 3188 4566 Daras,
3221 4502 3481 4553 castrum
3506 4497 3841 4568 Mesopota-

436 4584 778 4656 σοποταμίας
815 4583 951 4658 μέγα
990 4582 1082 4637 καὶ
1142 4583 1368 4657 ὀχυρὸν,
1427 4581 1587 4654 μέσον
1618 4587 1724 4636 τῶν
1775 4582 1916 4658 ὅρων
1976 4584 2083 4638 γεί-

2197 4589 2333 4643 mia)
2387 4603 2667 4660 magnum
2699 4592 2874 4657 atque
2921 4587 3202 4650 validum,
3237 4587 3297 4641 in
3351 4586 3566 4641 ﬁnibus
3597 4585 3846 4642 Romani

443 4693 600 4746 μενον
636 4674 920 4746 Ῥωμαίων
952 4693 1009 4728 τε
1040 4671 1130 4726 καὶ
1163 4677 1400 4747 Περσῶν.
1436 4671 1538 4728 Καί
1581 4669 1828 4741 έποίησεν
1883 4672 2086 4742 ἐκκληο

444 4761 558 4816 σίαν
585 4762 676 4816 καὶ
707 4763 873 4838 ὡρεῖα
902 4763 990 4817 καὶ
1051 4759 1360 4836 κινστέρνας
1410 4761 1502 4816 καὶ
1553 4755 1826 4834 ἐμϐόλους
1857 4762 1946 4815 καὶ
1993 4760 2088 4817 δύο

445 4846 684 4922 δημόσια
713 4849 931 4927 λοετρὰ,
964 4850 1243 4923 ὀνομάσας
1299 4850 1468 4919 αὐτὴν
1530 4849 2081 4920 ’Λναστασιούπολιν,

440 4939 532 4995 καὶ
565 4935 762 4997 ἔδώκεν
793 4942 933 5016 αὐτῇ
966 4937 1147 4996 δίκαια
1174 4939 1411 5000 πόΛεως.

2201 4693 2268 4732 ac
2296 4676 2518 4732 Persici
2567 4676 2804 4746 imperii
2849 4677 3068 4731 muniit
3096 4693 3109 4744 ;
3143 4675 3546 4746 exstruxitque
3578 4674 3661 4728 ibi
3693 4679 3843 4730 tem-

2199 4765 2364 4838 plum
2400 4771 2460 4820 et
2490 4766 2702 4820 horrea
2733 4769 2792 4819 et
2843 4765 3131 4820 cisternas
3165 4769 3220 4819 et
3259 4769 3450 4819 rostra
3479 4780 3547 4819 ac
3579 4763 3693 4818 duo
3725 4777 3844 4833 pu-

2198 4854 2356 4910 blica
2380 4854 2612 4910 balnea.
2647 4855 2796 4908 Loco
2851 4853 3018 4909 urbis
3049 4852 3359 4925 privilegia
3410 4852 3592 4918 dedit,
3625 4857 3684 4906 et
3712 4865 3843 4905 eam

2199 4942 2700 5014 Anastasiopolim
2731 4942 3080 4997 nominavit.

1641 5056 2006 5114 XYLANDRI
2043 5061 2130 5116 ET
2169 5060 2385 5116 GOABI
2423 5059 2646 5113 ΝΟΤᾸΞ.

513 5174 626 5246 (99)
688 5174 1070 5230 Prasinorum
1118 5171 1402 5246 videlicet
1459 5171 2099 5246 et_Yenetorum_fre-

444 5242 699 5316 quenter
741 5247 804 5300 in
871 5244 1244 5316 Circensibus
1302 5242 1728 5297 certaminibus
1775 5244 2099 5316 digladian-

441 5315 611 5372 tium.
647 5318 726 5371 De
759 5317 974 5387 quibus
1006 5315 1167 5370 alibi.
1217 5317 1389 5387 Con.

508 5389 583 5459 (ll
617 5383 801 5459 Quale
836 5388 918 5442 sic
961 5387 1223 5459 explicat
1250 5385 1640 5459 'l'hophanes:
1702 5385 1801 5459 Ὃς
1850 5383 2100 5459 ἐξώρισεν

441 5453 605 5532 αὐτὸν
641 5457 715 5532 είς
748 5458 846 5524 τὴν
905 5453 1107 5529 Πέτραν
1165 5455 1226 5509 τὸ
1279 5453 1538 5532 φρούριον
1582 5461 1682 5523 τῆς
1743 5453 1966 5524 Ἄσίας,
2012 5458 2102 5509 καὶ

440 5526 556 5582 ἐκεῖ
585 5526 926 5598 ἐτελεύτησε.
961 5526 1138 5584 GOAR.

511 5603 588 5674 (2)
621 5602 1042 5658 Percursorem
1077 5598 1406 5655 Macedonii
1447 5613 1568 5654 non
1604 5598 1966 5654 Ascholium.
2002 5600 2102 5656 sed

2210 5173 2561 5243 Eucholium
2616 5171 2743 5243 lego
2803 5171 2869 5243 in
2921 5170 3147 5243 Eclogis
3201 5168 3510 5243 Theodori,
3544 5162 3847 5243 beéhgv.

2207 5247 2276 5299 Et
2305 5262 2410 5315 pro
2467 5236 2803 5315 ἱεροσυῗίανγ
2834 5236 3090 5315 ibidem'
3113 5242 3348 5315 rectius
3388 5236 3725 5315 tepooékopc.
3768 5239 3850 5294 De

2208 5311 2665 5384 Anastasiopoli,
2698 5331 2732 5368 a
2786 5313 2971 5367 Nisibi
3012 5313 3238 5384 stadiis
3292 5313 3358 5367 98
3381 5311 3608 5384 dissita,
3642 5312 3853 5384 Proco-

2207 5387 2340 5458 pius
2371 5385 2497 5439 loco
2524 5382 2754 5439 _citato.
2790 5385 2938 5448 Quid
2962 5455 2971 5458 _
2993 5383 3160 5454 ὼρεῖα
3210 5383 3350 5448 sint,
3385 5383 3603 5458 Suidas
3623 5382 3856 5458 videtur

2207 5453 2442 5519 docere,
2476 5471 2610 5510 cum
2660 5459 2907 5525 ταμιεῖον
2959 5453 3378 5526 interpretatur
3419 5471 3432 5520 ;
3483 5460 3540 5510 et
3569 5455 3764 5509 Graece
3797 5453 3857 5507 in

2205 5529 2494 5585 Pandectis
2569 5543 2630 5580 ro
2663 5528 2876 5582 horreo
2932 5526 3193 5598 ponitur.
3233 5526 3514 5598 Alioquin
3546 5532 3854 5598 putassem

2209 5596 2374 5654 ὠδεῖα
2406 5545 2809 5654 scriBendum.
2841 5598 3007 5654 odea.
3038 5599 3176 5654 XYL.

2209 5596 2374 5674 ᾠδεῖα
2406 5596 2809 5672 scribendum,
2841 5596 3007 5656 odéa.
3038 5599 3176 5657 XYL.
