4124 6312
324 375 445 450 6,8,7

1691 376 2008 445 GEORGH
2042 377 2389 453 CEDRENI

3616 379 3737 451 088

394 514 565 581 Anno
603 521 673 578 ιο
704 519 1015 576 Deuterius
1046 518 1361 591 episcopus
1391 516 1747 574 Arianorum
1780 533 1956 590 quem

2163 523 2256 593 Τῷ
2282 528 2330 576 κ’
2374 515 2480 578 ἔτει
2540 519 2818 600 Δευτέριος
2846 524 2876 579 6
2907 512 3204 587 ἐπισκοπος
3253 526 3362 580 τῶν
3413 506 3734 601 νἈρειανῶν,

304 613 465 670 dam
488 611 731 668 nomine
754 609 1075 666 Barbarum
1098 608 1421 680 baptizans,
1455 610 1636 662 ausus
1662 612 1750 662 est
1772 613 1979 663 contra

325 702 666 760 institutum
691 700 927 756 Domini
952 700 1034 754 sic
1056 698 1254 754 dicere
1280 714 1293 753 :
1322 698 1656 770 Baptizatur
1680 697 1974 754 Barbarus

324 792 387 848 in
421 807 643 847 nomen
672 790 863 845 Patris
896 805 1002 862 per
1030 788 1245 843 Filium
1278 787 1338 842 in
1370 788 1592 859 Spiritu
1629 791 1852 842 sancto.
1887 786 1975 842 Ad

327 889 459 952 quas
488 879 665 934 verba
710 878 912 934 statim
964 877 1325 932 exsiccatum
1376 881 1466 931 est
1505 875 1786 947 baptismi
1815 876 1975 931 lava-

324 987 512 1026 crum.
545 970 617 1024 Et
664 968 956 1024 Barbarus
1011 967 1256 1022 territus
1316 966 1484 1034 fugit,
1517 966 1663 1020 68!
1717 966 1977 1022 miracu-

322 1058 568 1130 lumque
599 1044 875 1113 omnibus
907 1039 1198 1128 exposuit.
1235 1055 1336 1110 His
1359 1054 1534 1110 annis
1555 1055 1818 1110 haeretici
1839 1071 1975 1131 cum

321 1147 633 1206 =Armstasio
696 1144 1101 1201 Macedonium
1172 1138 1520 1223 episcopum
1580 1143 2007 1199 orthodoxum'

321 1236 518 1309 Cpolis
549 1235 741 1291 adorti
774 1239 932 1302 sunt,
959 1238 1166 1305 estque
1201 1234 1297 1289 hic
1326 1233 1399 1288 ab
1429 1233 1789 1305 imperatore
1820 1232 1976 1288 rele-

324 1331 493 1398 gatus
523 1324 846 1397 Euc‘haita;
879 1327 939 1378 et
990 1340 1096 1395 pro
1156 1339 1222 1379 eo
1256 1322 1613 1380 substitutus
1644 1322 1974 1395 ﬂagitiosus

316 1414 427 1469 ille
456 1414 820 1477 Timotheus,
858 1413 960 1486 qui
994 1412 1324 1469 Litroboles
1370 1417 1430 1468 et
1458 1412 1639 1468 Celon
1671 1412 1972 1485 cognomi-

318 1509 523 1560 natur.

395 1597 565 1652 Anno
579 1598 648 1649 22
668 1594 993 1667 imperator
1016 1599 1078 1649 et
1101 1593 1447 1649 Timotheus
1478 1593 1588 1649 iste
1612 1592 1801 1649 multa
1815 1594 1974 1650 mala

320 1684 401 1740 iis
417 1685 753 1740 intulerunt
781 1685 881 1756 qui
911 1701 1018 1756 pro
1040 1684 1380 1739 Macedonio
1414 1690 1472 1739 et
1500 1683 1971 1740 Chalcedonensi

322 1774 578 1831 concilio
609 1772 1081 1846 propugnabant.
1115 1775 1185 1827 Et
1216 1772 1582 1841 Anastasius,
1613 1773 1697 1828 ita
1724 1789 1971 1845 persua-

318 1864 421 1919 sus
453 1879 489 1919 a
534 1864 747 1919 Severo
798 1862 899 1934 qui
946 1862 1019 1918 ab
1070 1862 1285 1918 haeresi
1332 1861 1767 1934 Acephalorum
1823 1867 1970 1933 erat,

316 1953 538 2009 volens
569 1952 946 2009 sanctissimo
991 1952 1241 2007 carmini
1274 1968 1575 2024 apponere
1605 1952 1731 2008 haec
1756 1951 1972 2009 verba:

329 2043 436 2107 Qui
461 2042 760 2111 cruciﬁxus
817 2058 870 2097 es
916 2057 1027 2112 pro
1079 2042 1255 2109 nobis,
1290 2040 1648 2114 logothetam
1688 2045 1748 2097 et
1775 2041 1980 2114 praefe-

328 2134 488 2187 ctum
518 2130 683 2187 urbis
724 2131 909 2204 jussit
957 2147 1283 2187 conscenso
1334 2136 1607 2204 suggesto
1656 2146 1726 2186 ea
1752 2132 1981 2203 procla-

320 2234 513 2278 mare.
547 2222 631 2278 0b
659 2222 773 2278 hoc
819 2222 1039 2277 factum
1069 2222 1346 2294 populus,
1381 2221 1675 2277 seditione
1703 2222 1973 2290 excitata,

326 2310 513 2367 alium
544 2311 967 2382 imperatorem
988 2327 1256 2382 poscere,
1278 2311 1475 2382 ipsum
1506 2311 1888 2366 contumeliis
1919 2316 1980 2366 et

330 2398 609 2458 conviciis
636 2399 952 2471 exagitare,
981 2399 1196 2455 multas
1221 2399 1431 2455 domos
1460 2399 1778 2456 incendere
1802 2416 1816 2455 :
1849 2417 1975 2455 mo-

333 2480 592 2544 nachum
624 2488 686 2544 in
716 2489 1030 2544 mansione
1071 2490 1124 2544 S.
1153 2489 1625 2561 Philippi,prope
1655 2489 1976 2546 cisternam

329 2580 383 2635 S.
420 2578 610 2647 Mocii,
671 2578 993 2649 inclusum,
1044 2580 1203 2651 quod
1250 2580 1594 2652 imperatori
1653 2580 1703 2635 is
1759 2581 1975 2636 charus

331 2668 1037 2740 erat,necare,capiteque
1062 2669 1192 2740 ejus
1211 2669 1398 2725 bastm
1419 2670 1661 2742 praeﬁxo
1677 2669 1932 2726 clamare
1957 2688 1971 2740 ;

329 2787 397 2799 —
420 2758 525 2812 Hic
550 2763 641 2813 est
661 2757 888 2814 amicus
910 2757 1067 2813 hosti
1094 2763 1310 2814 sanctae
1332 2758 1662 2826 Trinitatis;
1683 2791 1754 2800 —
1771 2764 1829 2814 et
1845 2776 1972 2815 mo-

327 2846 1377 2918 nacham,quamimperatormaximi
1400 2847 1972 2921 faciebatjugulare;

325 2935 575 2992 cadaver
620 2941 941 3008 utrumque
990 2942 1225 3008 raptare
1264 2941 1322 2992 et
1352 2937 1412 2991 in
1442 2937 1631 2993 Studii
1661 2937 1969 2994 mansione

329 3041 616 3082 cremare.
650 3026 752 3080 His
793 3026 1144 3097 perterritus
1182 3026 1509 3098 imperator
1553 3027 1830 3082 haeresim
1868 3027 1973 3082 ali-

325 3115 676 3187 quantisper
700 3114 896 3170 desiit.
927 3115 1147 3171 Eodem
1163 3131 1342 3181 anno,
1375 3131 1510 3171 cum
1530 3114 1971 3172 Alamundarus

323 3202 749 3258 Saracenorum
797 3203 1074 3276 princeps
1109 3204 1210 3259 Dei
1241 3204 1611 3276 providentia
1640 3204 1967 3277 baptizatus

321 3290 395 3345 ab
418 3291 759 3346 orthodoxis
791 3298 968 3359 esset,
1000 3292 1221 3363 impius
1267 3297 1514 3349 Severus
1548 3293 1696 3349 duos
1726 3295 1800 3349 ad
1832 3311 1967 3350 eum

327 3377 512 3433 mittit
541 3378 871 3450 episcopos,
894 3380 995 3450 qui
1028 3396 1164 3435 eum
1196 3380 1329 3436 labe
1359 3398 1480 3437 suae
1508 3382 1805 3438 haereseos
1834 3382 1973 3438 infi-

323 3471 542 3521 cerent.
574 3467 730 3532 Quos
757 3467 858 3521 ille
891 3467 1227 3522 admirabili
1261 3469 1415 3524 σευ
1447 3475 1782 3526 commento
1821 3472 1975 3527 refu-

323 3556 487 3613 tavit.
521 3556 683 3613 Dixit
731 3556 892 3611 enim
941 3556 1013 3612 iis
1060 3573 1128 3612 eo
1175 3556 1303 3629 ipso
1351 3558 1446 3614 die
1492 3559 1606 3614 sibi
1639 3560 1868 3616 litteras
1899 3560 1970 3617 de

324 3651 516 3703 morte
548 3646 816 3703 Michaeli
865 3646 1212 3720 angelorum
1261 3648 1546 3721 principis
1579 3665 1708 3706 esse
1738 3650 1967 3708 allatas.

326 3738 592 3809 Cumque
645 3736 1080 3809 responderent
1131 3737 1298 3793 nullo
1332 3754 1467 3792 eum
1499 3739 1675 3794 modo
1705 3740 1968 3811 potuisse

326 3828 478 3884 mori
516 3843 529 3882 :
591 3826 896 3892 Quomodo
953 3833 1174 3895 autem,
1205 3828 1306 3897 ait,
1341 3827 1536 3883 nudus
1593 3830 1748 3885 Deus
1778 3830 1970 3902 potuit

321 3915 609 3988 cruciﬁgi,
642 3914 801 3986 quod
824 3931 924 3970 vos
953 3915 1286 3982 affirmatis,
1312 3916 1361 3972 si
1391 3917 1658 3973 Christus
1681 3934 1802 3974 non
1823 3936 1968 3975 con-

320 4004 469 4060 stitit
503 4020 575 4059 ex
604 4001 832 4059 duabus
880 4005 1130 4075 naturis,
1162 4022 1297 4060 cum
1346 4022 1420 4061 ne
1450 4006 1695 4079 angelus
1726 4008 1966 4078 quidem

323 4093 754 4150 moriatur?lta
773 4109 908 4149 cum
934 4093 1223 4151 dedecore
1246 4096 1543 4152 Severiani
1570 4095 1656 4152 illi
1682 4096 1968 4155 discesse-

321 4189 482 4241 runt.
516 4183 777 4240 Cabades
798 4190 998 4241 autem
1021 4185 1309 4257 quosdam
1330 4186 1392 4242 in
1412 4187 1653 4243 Perside
1683 4188 1967 4245 Christia-

311 4286 431 4330 nos
459 4272 630 4331 uncis
661 4273 871 4347 gladiis
901 4291 1037 4330 cum
1070 4275 1448 4347 concidisset,
1480 4276 1521 4331 ii
1552 4277 1741 4334 nihilo
1774 4279 1965 4335 secius

316 4364 630 4434 postmodo
661 4362 1213 4419 obambulaverunt.

2091 608 2364 684 βαπτίζων
2445 613 2566 668 τινὰ
2649 609 2934 689 Βάρϐαρον
3019 612 3345 689 λεγόμενον,
3431 612 3577 689 παρά
3633 614 3734 683 τὴν

2088 700 2421 769 Δεσποτικὴν
2450 703 2746 778 παράγοσιν
2797 700 3099 774 ἐτὸλμησεν
3160 701 3349 769 εἰπεῖν,
3410 701 3735 771 Βαπτίζεται

2087 783 2367 864 Βάρϐαρος
2398 792 2472 864 (3)
2503 791 2578 854 εἷς
2646 787 2821 864 ὄνομα
2877 791 3089 866 Πατρὸς
3144 787 3213 844 δι’
3272 790 3421 857 ficii,
3480 788 3534 845 ἄν
3592 790 3736 867 ἁγίῳ

2086 877 2381 952 Πνεόματι.
2442 878 2540 936 Καὶ
2586 880 2743 944 εὐθὺς
2796 877 3060 954 ἐξηράνθη
3093 880 3127 949 ἡ
3159 874 3550 954 κολυμϐήθρα,
3608 880 3637 934 6
3678 877 3738 936 δὲ

2085 962 2371 1043 Βάρϐαρος
2420 963 2666 1048 ἔμφοϐος
2694 969 2982 1046 γενόμενος
3011 966 3171 1046 ἔφυγε
3229 969 3321 1023 καὶ
3377 972 3538 1024 πᾶσιν
3569 966 3740 1044 ἐγνώ-

2049 1132 2055 1136 _
2086 1075 2203 1129 ρισε
2231 1057 2294 1111 τὸ
2325 1061 2529 1132 θαῦμα.
2590 1058 2678 1114 Ἐν
2726 1055 2944 1120 τούτοις
2998 1062 3115 1121 τοῖς
3172 1053 3341 1113 ἔτεσιν
3368 1059 3403 1127 ἡ
3431 1061 3539 1113 τῶν
3594 1057 3739 1133 αἶρε-

2082 1150 2252 1201 τικῶν
2287 1147 2423 1220 μετά
2479 1145 2831 1203 Ἀναστασίου
2889 1150 2987 1203 τοῦ
3046 1143 3317 1221 βασιλέως
3372 1148 3513 1202 κατὰ
3550 1148 3736 1204 Μακε-

2084 1230 2268 1290 δονίου
2324 1239 2422 1290 τοῦ
2479 1233 2771 1312 ὁρθοδόξου
2838 1232 3457 1298 Κωνσταντινουπόλεως
3515 1232 3737 1291 έπισκὸ-

2081 1343 2188 1378 που
2226 1319 2473 1387 ἔνστασις
2526 1327 2611 1397 [Ρ.
2663 1327 2790 1399 360]
2814 1323 3048 1400 γέγονεν·
3085 1324 3172 1403 ὑφ’
3202 1324 3264 1379 οὗ
3291 1324 3384 1379 καὶ
3440 1323 3738 1399 έξορὶζεται

2082 1411 2419 1479 Μακεδόνιος
2453 1414 2530 1478 εἷς
2587 1414 2858 1493 Εὖχάῖτα,
2918 1413 3010 1471 καί
3075 1414 3349 1490 εἷ’σάγεται
3383 1415 3412 1470 6
3440 1413 3736 1492 ἀλιτήριος

2082 1506 2357 1579 Τιμόθεος
2388 1506 2417 1561 6
2448 1505 2751 1584 λεγόμενος
2782 1501 3131 1581 Λιτροϐόλης
3162 1506 3252 1561 καὶ
3286 1497 3524 1577 [ζήλων.Δ

2151 1597 2246 1669 Τῷ
2300 1596 2388 1671 κβ¹
2462 1593 2569 1652 ἔτει
2619 1596 2968 1657 Ἀναστάσιος
3026 1596 3054 1650 6
3106 1594 3427 1670 παράνομος
3476 1593 3738 1670 βασιλεὺς

2081 1685 2170 1741 καὶ
2225 1686 2495 1759 Τιμόθεος
2551 1686 2579 1740 6
2636 1684 2845 1761 ἀνίερος
2921 1684 3215 1741 ἐπίσκοπος
3299 1691 3734 1742 Κωνσταντινου-

2080 1773 2301 1839 πόλεως
2329 1772 2520 1830 πολλᾶ
2563 1775 2708 1830 κακὰ
2732 1780 2849 1839 τοῖς
2879 1774 3012 1851 ὑπὲρ
3066 1778 3163 1830 τοῦ
3221 1773 3524 1848 θαυμασίου
3553 1780 3737 1832 Μακε-

2084 1860 2265 1920 δονίου
2316 1865 2408 1919 καὶ
2464 1866 2563 1934 τῆς
2618 1861 2849 1919 συνόδου
2897 1863 3329 1941 ἀγωνιζομένοις
3381 1860 3739 1935 ἐνεδείξαντο.

2015 1949 2052 1977 ν
2089 1951 2392 2024 Βουληθεῖς
2423 1949 2480 2008 δὲ
2509 1954 2537 2008 6
2567 1953 2913 2014 Ἀναστάσιος
2967 1953 3280 2026 προσθεῖναι
3336 1950 3414 2014 εἰς
3469 1954 3532 2007 τὸ
3583 1973 3740 2030 τρισ-

2087 2043 2238 2120 άγιον
2267 2042 2329 2097 τὸ
2357 2043 2420 2101 Ὀ
2453 2042 2780 2117 παυρωθεῖς
2813 2039 2882 2096 δι’
2912 2043 3084 2116 ἡμᾶς,
3114 2040 3441 2115 πειθόμενος
3500 2037 3736 2117 Σεϐήρφ

2081 2136 2161 2202 τῷ
2188 2129 2493 2211 Ἀκεφάλῳ,
2527 2131 2620 2187 τὸν
2669 2128 2968 2210 λογοθέτην
3000 2131 3092 2186 καὶ
3138 2131 3232 2185 τὸν
3291 2128 3539 2210 ἔπαρχον
3569 2130 3625 2186 ἔν
3655 2135 3736 2205 τῷ

2086 2214 2304 2293 ἂμϐωνι
2351 2215 2636 2275 ἀνεϐίϐασε
2690 2224 2856 2275 τοῦτο
2911 2217 3245 2299 ἐκφωνῆσαι.
3278 2219 3373 2274 Διὸ
3423 2218 3609 2296 γέγονε
3633 2217 3739 2291 δη-

2089 2309 2288 2380 μοτικὴ
2325 2308 2507 2371 στάσις
2538 2306 2712 2364 ἄλλον
2749 2306 2978 2385 βασιλέα
3007 2302 3421 2382 ἐπιϐοωμένων.
3481 2310 3738 2383 Ἑμπρή-

2084 2396 2267 2461 σαντές
2296 2418 2355 2453 τε
2382 2395 2631 2460 πολλοὺς
2664 2395 2872 2469 οἴκους,
2930 2398 3020 2453 καὶ
3076 2398 3169 2452 τὸν
3210 2395 3440 2473 βασιλέα
3475 2392 3729 2471 ὑϐρίσαν-

2082 2507 2189 2557 τες,
2216 2485 2389 2557 ἦλθον
2423 2487 2498 2552 εἷς
2526 2489 2626 2558 τήν
2657 2487 2829 2560 μονὴν
2857 2488 2933 2562 (4)
2953 2489 3051 2542 τοῦ
3081 2485 3235 2563 ἁγίου
3258 2485 3565 2554 Φιλίππου,
3592 2485 3737 2559 πλη·-

2082 2576 2199 2632 σίον
2263 2583 2364 2647 τῆς
2420 2576 2731 2652 κινστέρνης
2787 2580 2883 2632 τοῦ
2948 2576 3110 2653 ἁγίου
3177 2575 3427 2647 Μωκίου,
3486 2570 3611 2631 ἔνθα
3665 2578 3730 2646 ἧν

2080 2659 2400 2742 ἕγκλειστος
2432 2663 2593 2741 φίλος
2632 2670 2730 2722 τοῦ
2792 2663 3089 2741 βασιλεως·
3157 2664 3249 2720 καὶ
3299 2668 3491 2720 τοῦτον
3540 2663 3732 2742 φονεύ-

2081 2774 2266 2817 σαντες
2315 2753 2391 2817 ώς
2450 2755 2553 2810 ὑπὸ
2601 2759 2697 2809 τοῦ
2761 2753 3031 2830 βασιλέως
3088 2752 3472 2829 ἀγαπώμενον,
3518 2754 3619 2822 τὴν
3650 2772 3734 2810 κε-

2080 2841 2259 2922 φαλὴν
2293 2842 2461 2898 αὐτοῦ
2487 2839 2573 2898 ἐπὶ
2623 2839 2849 2919 δόρατος
2904 2842 3294 2919 ἀναρτήσαντες
3348 2839 3596 2916 ἔκραζον*
3627 2843 3735 2900 06—

2076 2933 2168 2996 τός
2200 2931 2340 2987 ἐστιν
2363 2933 2390 2986 6
2412 2930 2574 3010 φίλος
2602 2924 2699 2987 τοῦ
2728 2930 2930 3007 ἐχθροῦ
2957 2938 3058 3001 τῆς
3076 2931 3236 3006 ἁγίας
3258 2927 3519 3005 Τριάδος.
3552 2929 3732 2988 Ἀλλά

2076 3021 2168 3076 καὶ
2196 3025 2422 3098 γυναῖκα
2451 3019 2784 3097 ἔγκλειστον,
2846 3019 2923 3081 εἰς
2977 3019 3044 3090 ἢν
3083 3017 3308 3090 πολλὴν
3367 3018 3547 3075 πίστιν
3577 3019 3728 3095 εἶχεν

2078 3111 2105 3165 6
2157 3110 2414 3187 βασιλεὺς
2468 3109 2750 3172 ἀνελόντες
2820 3106 3012 3184 ἔσοραν
3100 3106 3441 3189 ἀμφοτέρους
3516 3109 3609 3164 καὶ
3678 3108 3731 3165 έν

2076 3202 2145 3266 τῆ
2181 3204 2320 3275 μονῇ
2349 3204 2458 3254 τῶν
2508 3197 2773 3255 Στουδίου
2825 3196 3071 3255 ἔκαυσαν.
3133 3197 3256 3254 Ἐπὶ
3311 3198 3532 3260 τούτοις
3563 3199 3592 3254 6
3631 3200 3729 3274 βα-

2080 3288 2261 3352 σιλεὺς
2291 3284 2549 3367 φοϐηθεὶς
2582 3287 2848 3343 ἐπαύσατο
2905 3287 3043 3365 πρὸς
3105 3285 3286 3364 βραχὺ
3315 3294 3414 3358 τῆς
3448 3285 3725 3362 αῗρέσεως.

2077 3382 2169 3453 Τῷ
2225 3379 2371 3453 αὖτῷ
2427 3376 2533 3435 ἔτει
2601 3376 3053 3455 Ἀλαμουνδάρου
3108 3377 3205 3434 τοῦ
3271 3376 3560 3456 φυλάρχου
3605 3383 3726 3436 τῶν

2077 3475 2402 3547 Στρακηνῶν
2461 3469 2848 3546 βαπτισθέντος
2937 3473 3070 3524 Θεοῦ
3138 3468 3364 3545 προνοίᾳ
3420 3468 3565 3545 παρά
3614 3474 3722 3523 τῶν

2077 3546 2405 3637 ὅρθοδὸξων,
2474 3552 2719 3633 Σεϐῆρος
2802 3559 2830 3613 6
2917 3552 3183 3626 δυσσεϐἠς
3242 3553 3338 3612 δύο
3395 3555 3728 3620 ἐπισκόπους

2075 3646 2283 3724 ἔπεμψε
2307 3655 2406 3719 τῆς
2430 3643 2622 3720 λώϐης
2681 3648 2843 3704 αὐτοῦ
2903 3644 3223 3722 μεταδοῦναι
3279 3650 3363 3720 τῷ
3412 3644 3730 3723 ἀνδρὶ.οὖς

2075 3739 2398 3811 θαυμαστῶς
2426 3733 2628 3811 ἤλεγξε
2669 3733 3075 3812 δραματουργία
3125 3733 3374 3809 τοιαύτῃ.
3430 3735 3574 3815 Ἔφη
3625 3733 3731 3810 γὰρ

2075 3827 2208 3903 πρὸς
2270 3825 2484 3887 αὐτούς·
2543 3824 3086 3905 Γράμματα,φησὶν,
3154 3820 3421 3896 ἐδεξάμην
3481 3824 3725 3899 σήμερον

2075 3918 2158 3972 ὅτι
2188 3914 2419 3993 Μιχαὴλ
2452 3917 2479 3971 6
2510 3912 2851 3993 ἀρχάγγελος
2906 3915 3148 3984 τέθνηκε,
3182 3915 3307 3970 Τῶν
3339 3909 3399 3967 δὲ
3458 3912 3722 3968 εἰπόντων

2072 4004 2331 4062 ἀδύνατον
2365 4005 2524 4077 εἶναι,
2553 4008 2714 4060 τοῦτο
2745 3999 2847 4083 ἔφη
2889 4004 3025 4081 πρὸς
3054 4001 3271 4065 αὐτούς.
3308 4001 3411 4059 Καὶ
3442 4006 3561 4065 πῶς
3594 4003 3724 4064 Θεὸς

2069 4096 2274 4172 γυμνὸς
2326 4093 2640 4169 ἐσταυρώθη
2686 4095 2803 4158 καθ’
2859 4095 3008 4168 ἡμᾶς
3056 4093 3146 4148 καὶ
3202 4091 3487 4163 ἀπέθανεν,
3540 4092 3586 4146 εί
3640 4092 3717 4164 μή

2073 4184 2168 4242 δύο
2199 4184 2408 4264 φῦσέων
2463 4185 2529 4256 ἦν
2586 4185 2837 4261 Χριστὸς,
2886 4184 3037 4259 ε’ίπερ
3098 4180 3240 4258 μηδὲ
3294 4180 3523 4258 ἄγγελος
3581 4182 3721 4238 ἀπο-

2070 4278 2334 4346 θνήσκεις
2393 4275 2498 4331 Καὶ
2557 4273 2701 4329 οὕτω
2761 4274 2879 4347 μετ’
2936 4272 3200 4343 αἰσχύνης
3258 4270 3617 4349 ἀνεχώρησαν
3664 4272 3717 4325 οἱ

2066 4371 2163 4422 τοῦ
2219 4361 2473 4441 Σεϐήρου
2528 4364 2838 4424 ἐπίσκοποι.
2893 4360 3150 4436 Καϐάδης
3207 4361 3265 4422 δέ
3317 4384 3464 4426 τινας
3518 4368 3625 4419 τῶν
3659 4360 3715 4441 έν

2068 4453 2289 4532 Περσίδι
2374 4458 2709 4531 Χριστιανῶν
2778 4453 3231 4531 ἡγκυλοκόπησεν
3293 4455 3392 4529 (5),
3466 4452 3521 4509 οἳ
3579 4450 3715 4527 μετὰ

310 4616 313 4617 ν
2067 4568 2235 4604 ταυτα
2262 4566 2682 4617 περιεπατησαν.

380 4630 552 4685 Anno
582 4631 648 4685 23
678 4629 1009 4687 Vitalianus
1057 4637 1343 4705 occupata
1373 4626 1650 4692 universa
1680 4636 1948 4708 Thracia,

2074 4568 2235 4604 ταυτα
2262 4566 2682 4621 περιεπατησαν.

2129 4641 2216 4710 Τῷ
2270 4637 2356 4714 κγ’
2415 4634 2519 4691 ἔτει
2578 4632 2902 4698 Βιταλιανός
2985 4629 3320 4711 παραλαϐὼν
3378 4637 3553 4689 πᾶσαν
3612 4635 3713 4703 τήν

308 4717 549 4790 Scythia
577 4724 636 4775 et
665 4719 1098 4791 Mysia,ducens
1130 4738 1332 4779 secum
1362 4724 1710 4780 Hunnorum
1742 4732 1801 4781 et
1822 4728 1952 4783 Bul-

305 4820 584 4900 garorum
614 4809 1081 4881 agmen,multas
1111 4810 1290 4868 urbes
1321 4818 1379 4869 et
1408 4813 1692 4885 Cyrillum
1714 4833 1951 4889 quoque

2059 4724 2273 4802 Θρᾴκην
2310 4727 2401 4781 καί
2433 4725 2666 4790 Σκυθίαν
2695 4724 2785 4780 καὶ
2842 4722 3073 4797 Μυσίαν,
3133 4720 3278 4803 ἔχων
3344 4726 3463 4797 μεθ’
3520 4723 3713 4779 ἑαυτοῦ

2059 4816 2275 4887 πλῆθος
2306 4813 2520 4873 Οῧννων
2560 4814 2649 4870 καὶ
2707 4811 3067 4889 Βουλγάρων,
3096 4806 3371 4888 παρέλαϐε
3425 4812 3517 4869 καὶ
3574 4813 3713 4868 πολ-

1498 4930 1862 4989 XYLANDRI
1902 4934 1990 4989 ET
2037 4932 2252 4990 GOABI
2284 4934 2506 4988 ΝΟΤιΕ.

364 5039 443 5117 (3)
475 5040 646 5117 Apud
683 5042 1098 5117 _Nicephorum
1153 5043 1371 5117 legitur
1412 5045 1674 5111 Barbam,
1705 5063 1819 5110 xvi.
1852 5049 1940 5103 35.

292 5111 578 5243 Eutcliai)?
605 5113 748 5169 urbs
780 5111 870 5170 est
915 5115 988 5171 ad
1037 5111 1314 5186 Pontum,
1346 5122 1413 5172 ut
1454 5132 1525 5171 ex
1556 5118 1944 5186 sequentibus

293 5199 370 5243 pa
397 5200 428 5238 e
462 5223 473 5235 .
558 5200 644 5240 γι..

397 5200 473 5239 et.
506 5200 644 5240 ᾸΥΙ...

293 5199 473 5254 pater.
506 5199 644 5240 ΛΠ..

293 5254 756 5343 yansion‘e
784 5257 870 5343 ad.
914 5258 1158 5343 verbum
1210 5258 1518 5343 dixi,_quzs
1576 5260 1761 5343 vulgq
1812 5279 1943 5343 mo-

291 5325 558 5409 nasteria
576 5333 677 5409 aut
687 5328 944 5409 claustra
960 5325 1423 5409 dicuntur,u_ndé_
1442 5325 1717 5409 monachi
1736 5330 1944 5409 ἔγκλει-

292 5414 432 5474 στοι.
464 5397 700 5474 ,ΑΙὶοιψί
760 5400 823 5474 in
872 5403 1138 5474 margine
1173 5403 1307 5474 μονή
1341 5407 1452 5465 est.
1485 5406 1646 5474 quod
1677 5406 1738 5460 in
1777 5397 1944 5461 textu

290 5465 434 5544 ναός,
468 5469 877 5544 t_e_mplum.il)e
918 5465 1120 5528 Studio
1154 5465 1213 5528 et
1243 5465 1373 5544 ejus
1404 5465 1529 5530 aede
1562 5477 1694 5531 vide
1727 5483 1788 5532 et
1816 5479 1942 5534 Sui-

290 5537 449 5599 dam.
483 5539 623 5595 ΧΠ..
659 5571 726 5583 -
758 5543 836 5598 De
866 5542 1112 5600 inclusis
1144 5537 1453 5600 monachis
1484 5548 1613 5603 vide
1646 5548 1942 5605 Balsamo-

288 5626 427 5665 nem
460 5610 522 5665 in
553 5627 683 5665 can.
716 5614 774 5666 41
815 5615 1179 5682 Trullanum.
1215 5616 1391 5671 Goan.

385 5684 441 5754 5)
470 5682 644 5762 Apud
675 5683 1135 5762 ‘Nicephorum_
1150 5690 1261 5752 est,
1290 5690 1695 5762 eos_exsectis
1722 5689 1944 5762 linguis

360 5698 441 5812 Et)
470 5698 644 5810 Λριια
704 5698 1101 5754 Nicephorum
1150 5698 1261 5752 est,
1290 5702 1392 5741 eos
1439 5698 1695 5745 exsectis
1723 5698 1942 5762 linguis

284 5753 360 5811 ad
407 5770 481 5813 uc
553 5758 784 5828 acutos,
812 5771 935 5825 xvr,
968 5758 1056 5812 36.
1092 5757 1232 5813 ΧΠ..
1290 5786 1360 5799 -
1389 5757 1726 5816 Correctius
1756 5760 1942 5816 inter-

2053 5053 2290 5121 pretor:
2323 5048 2564 5107 Cabades
2612 5055 2799 5104 autem
2855 5049 3119 5119 quosdam
3161 5051 3223 5121 in
3267 5049 3490 5121 Perside
3545 5048 3707 5104 Chri-

2051 5119 2261 5176 stianos
2316 5137 2436 5176 cum
2487 5121 2691 5176 aculeis
2773 5121 3080 5188 lacerasset,
3158 5120 3247 5175 illi.
3301 5119 3482 5175 nihilo
3536 5123 3708 5176 secius

2045 5192 2398 5263 postmodum
2425 5192 2871 5248 ambulaverunt.
2906 5194 3025 5248 Vox
3077 5193 3239 5248 enim
3290 5189 3480 5245 κόπτω
3537 5191 3708 5247 alteri

2053 5265 2114 5336 in
2139 5264 2570 5335 compositione
2584 5264 2799 5336 juncta
2811 5280 3130 5336 nusquam,
3154 5264 3471 5336 recentiori
3494 5264 3708 5336 Grtscm

2052 5335 2373 5391 locutionis
2398 5336 2592 5402 modo,
2624 5335 3139 5405 scissionem,‘sed
3169 5335 3421 5391 actionis
3438 5335 3705 5405 repetita)

2052 5407 2451 5481 frequentiam
2479 5405 2719 5462 indicat.
2755 5408 2849 5462 Sic
2903 5403 3231 5481 ῥαϐδοκοπῶ
3289 5403 3544 5481 fustibus
3597 5422 3705 5461 saa-

2053 5478 2390 5555 riuspmdp,
2409 5480 2756 5555 _09u_poxo_m'b
2788 5478 3003 5535 malleo
3036 5479 3251 5555 iterum
3283 5484 3460 5555 atque
3492 5478 3708 5532 iterum

2059 5549 2265 5624 tundo.
2302 5546 2481 5624 Unde'
2518 5546 2886 5624 ἀγκυλοκοπῶ
2918 5551 3088 5624 uncis
3119 5546 3529 5624 scorpionibus
3559 5564 3704 5604 acu-

2055 5620 2176 5695 leis
2197 5620 2409 5678 factam
2445 5621 2507 5675 in
2550 5619 2823 5695 cruribus
2856 5622 3224 5695 pedibusque
3255 5619 3706 5695 lacerationem

2055 5692 2254 5763 potius
2302 5709 2484 5766 quam
2540 5691 2755 5766 gladiis
2829 5691 3291 5752 conscissionem
3367 5692 3704 5766 significare

2057 5764 2424 5820 censendum
2455 5768 2565 5821 est.
2598 5764 2774 5822 Com.
