4124 6312
430 386 552 466 εεο

1499 382 1990 448 lllSTORlARU
1997 379 2053 443 Μ
2097 374 2630 438 GOMPENDIUM.

3728 371 3849 434 690

439 513 541 580 λᾶς
599 513 792 579 πόλεις
849 517 936 573 καὶ
996 515 1272 592 Κύριλλοδ
1330 517 1421 572 τὸν
1492 517 1790 592 στρατηγὸν
1849 511 2083 588 Θρᾷκης,

2206 509 2458 594 Thracias
2515 508 2858 579 prmfectum
2912 507 3090 580 cepit,
3130 523 3198 563 ac
3253 504 3572 580 prandendo
3639 505 3849 576 Cpolin

437 605 530 661 καὶ
561 603 702 674 ἦλθε
744 603 1053 680 πραιδεύων
1101 603 1206 669 ἕως
1257 605 1574 676 Βυζαντίου.
1629 605 1979 664 Ἀναστάσιος
2035 600 2092 655 δὲ

439 693 718 772 ἀπογνοὺς
745 693 951 768 πέμπει
990 696 1126 770 πρὸς
1159 696 1401 770 εἰρήνην,
1445 695 1661 770 ὀμνύων
1701 693 1792 747 σὺν
1843 696 1912 766 τῇ
1962 713 2094 766 συγ-

435 782 632 856 κλήτῳ
690 783 819 848 τοὺς
877 782 1244 859 ἐξορισθέντας
1299 783 1684 840 ἀνακαλεῖσθαι
1742 783 1834 837 καὶ
1915 787 2092 836 Μακε-

447 869 624 928 δόνιον
657 873 747 927 καὶ
780 867 1094 928 Φλαϐιανὸν
1125 868 1424 928 ἀπολαϐεῖν
1453 874 1581 934 τοὺς
1617 870 1788 934 ἰδίους
1844 870 2094 945 θρόνους,

438 960 532 1016 καὶ
590 958 812 1016 σύνοδον
866 960 1107 1035 γενέσθαι
1164 959 1217 1016 ἐν
1270 959 1589 1035 Ἡρακλείᾳ,
1647 957 1950 1034 ἐρχομένου
2003 955 2094 1011 καὶ

442 1055 541 1106 τοῦ
571 1051 817 1123 Ῥώμης.
868 1043 1290 1106 Βεϐαιωσάντων
1343 1047 1400 1104 δὲ
1454 1049 1670 1104 πάντων
1725 1052 1892 1102 ταῦτα
1945 1044 2089 1120 γενέ-

444 1143 587 1210 σθαι,
622 1140 648 1194 ὁ
685 1136 1009 1199 Βιταλιανὸς
1039 1137 1282 1204 ἀπῆλθεν
1318 1139 1392 1201 εἰς
1425 1139 1491 1193 τὰ
1521 1135 1634 1192 ἴδια
1681 1135 1980 1214 γενομένης
2014 1135 2092 1188 εἱ·-

454 1230 646 1304 ρήνης.
681 1227 986 1292 Ἐλθόντων
1049 1225 1105 1282 δὲ
1155 1227 1463 1284 ἐπισκόπων
1512 1228 1563 1282 ἐν
1615 1223 1912 1302 Ἡρακλείᾳ
1969 1224 2097 1278 ὡσεὶ

449 1316 738 1373 διακοσίων
797 1315 857 1372 ἐκ
914 1314 1189 1393 διαφόρων
1245 1312 1450 1386 τόπων,
1497 1319 1524 1372 ὁ
1584 1311 1783 1386 ἀσεϐὴς
1847 1311 2098 1390 βασιλεὺς

449 1401 698 1483 παραϐὰς
746 1405 840 1468 τὰς
890 1409 1160 1477 συνθήκας
1222 1407 1356 1480 μετὰ
1409 1407 1497 1461 καὶ
1551 1405 1823 1478 Τιμοθέου
1877 1403 2098 1458 ἐπισκόο

444 1519 551 1552 που
611 1494 1240 1559 Κωνσταντινουπόλεως
1315 1495 1539 1557 τούτους
1628 1495 1922 1563 ἐνέπαιξαν,
2008 1492 2096 1547 καὶ

446 1585 799 1660 ἀνεχώρησαν
835 1583 1121 1660 ἄπρακτοι.

531 1677 593 1731 Ρ.
631 1677 756 1748 361]
809 1679 902 1746 Τῷ
955 1671 1033 1729 κδ’
1092 1669 1198 1729 ἔτει
1257 1675 1284 1728 ὁ
1352 1671 1674 1734 Βιταλιανὸς
1732 1670 2100 1744 ἀγανακτήσας

433 1764 572 1820 κατά
631 1764 990 1818 Ἀναστασίου
1055 1761 1143 1818 διὰ
1197 1765 1298 1832 τήν
1363 1761 1640 1837 ἐπιορκίαν
1717 1759 1904 1815 πολλὰ
1961 1759 2100 1813 κακὰ

437 1857 555 1915 τοῖς
592 1850 979 1924 στρατοπέδοις
1019 1851 1367 1910 Ἀναστασίου
1423 1852 1514 1906 καὶ
1573 1852 1643 1923 τῇ
1698 1848 1871 1922 λοιπῇ
1931 1846 2091 1903 πολι·
2127 1874 2172 1938 Β

437 1941 554 2012 τείᾳ
627 1938 988 2011 ἐπεδείκνυτο,
1078 1943 1329 2016 ἁρπάζων
1420 1941 1510 1995 καὶ
1597 1936 1942 2017 ῃφοπλίζων,
1997 1935 2084 1991 καὶ

435 2028 597 2093 τέλος
627 2029 766 2105 πρὸς
795 2026 951 2104 ὕϐριν
999 2027 1220 2086 ἕκαστον
1274 2029 1610 2105 στρατιώτης
1661 2033 1786 2101 μιᾶς
1837 2023 2089 2106 φόλλεως

439 2119 784 2196 πιπράσκων.

509 2212 606 2282 Τῷ
645 2216 721 2264 κε’
749 2204 854 2264 ἔτει
888 2209 1080 2266 Οὗννοι
1099 2209 1149 2263 οἱ
1182 2207 1473 2286 λεγόμενοι
1500 2200 1712 2282 Σαϐἠρ,
1731 2207 1826 2268 τὰς
1851 2203 2090 2268 Κασπίας

437 2301 616 2366 πύλας
668 2300 1015 2378 περάσαντες,
1071 2305 1171 2372 τὴν
1231 2301 1520 2378 Ἀρμενίαν
1582 2297 1895 2376 ἐξέδραμον,
1947 2302 2095 2356 Καπ-

437 2389 701 2447 παδοκίαν
732 2413 790 2447 τε
819 2391 909 2446 καὶ
944 2391 1207 2448 Γαλατίαν
1234 2392 1326 2446 καὶ
1381 2391 1582 2446 Πόντον
1635 2388 1985 2462 ληϊζόμενοι,
2017 2388 2091 2448 ὡς

437 2482 528 2536 καὶ
587 2481 657 2535 τὰ
711 2481 958 2556 Εὐχάϊτα
1021 2485 1220 2554 μικροῦ
1288 2481 1755 2556 παραστήσασθαι·
1814 2478 1934 2532 ὅθεν
2001 2477 2092 2531 καὶ

447 2567 625 2644 φυγὼν
682 2568 709 2622 ὁ
766 2567 914 2643 ἱερὸς
975 2564 1312 2629 Μακεδόνιος
1385 2564 1578 2640 σχεδὸν
1639 2561 1962 2620 κινδυνεύων
2017 2563 2094 2625 εἰς

448 2655 687 2731 Γάγγραν
743 2653 995 2726 διεσώθη.
1073 2658 1245 2732 “Οπερ
1334 2656 1518 2729 μαθὼν
1584 2655 1937 2716 Ἀναστάσιος
2001 2674 2093 2707 πι·

448 2749 595 2821 κρῶς
662 2746 820 2801 αὐτὸν
875 2745 984 2802 ἐκεῖ
1033 2746 1353 2821 προσέταξεν
1409 2744 1792 2822 φυλάττεσθαι,
1849 2744 2091 2817 πέμψας,

449 2835 525 2895 ὥς
578 2855 755 2912 φασιν,
817 2835 906 2890 καὶ
965 2834 1055 2890 τὸν
1111 2835 1470 2910 ἀναιρήσοντα
1535 2832 1714 2888 αὐτόν·
1774 2830 2092 2891 Τελειωθεῖς

445 2920 502 2977 δὲ
533 2921 585 2977 ἐν
616 2922 882 2999 Γάγγραις
913 2921 1172 2994 κατετέθη
1217 2923 1270 2978 έν
1312 2928 1392 2996 τῷ
1436 2927 1550 2994 ναῷ
1595 2925 1692 2976 τοῦ
1739 2921 1901 2998 ἁγίου
1957 2920 2092 2994 μάρ-

442 3032 608 3084 τυρος
640 3009 996 3082 Καλλινίκου,
1029 3010 1243 3074 πολλὰς
1295 3012 1461 3077 ἰάσεις
1505 3011 1790 3066 ἐπιτελῶν.
1844 3007 2091 3065 Μέλλον-

440 3121 534 3162 τος
561 3097 616 3155 Si
648 3101 816 3155 αὐτοῦ
864 3100 915 3155 ἐν
943 3105 1021 3172 τῷ
1077 3101 1228 3178 τάφῳ
1266 3101 1522 3170 τίθεσθαι,
1578 3099 1709 3173 ἃρας
1765 3099 1863 3166 τὴν
1918 3095 2088 3168 δεξιάν

447 3196 609 3266 χεῖρα
647 3191 1105 3268 κατισφραγίσατο
1161 3194 1266 3262 τῷ]
1297 3194 1528 3264 σταυρῷ,
1588 3190 1679 3244 καὶ
1739 3187 1908 3248 οὕτως
1963 3207 2091 3241 κατ-

446 3281 623 3349 ετέτη.
668 3280 768 3336 Καὶ
803 3277 1071 3354 Θεοδώρῳ
1106 3277 1164 3333 δέ
1207 3300 1315 3334 τινι
1368 3283 1474 3334 τῶν
1532 3278 1790 3332 συνόντων
1849 3277 1997 3331 εἶπεν
2036 3274 2086 3329 ἔν

453 3368 706 3442 ὁράματι’
768 3364 1062 3439 Ἐκλαϐοῦ,
1147 3368 1237 3424 καὶ
1323 3365 1544 3435 ἄπελθε,
1604 3367 1694 3422 καὶ
1754 3364 2092 3440 ἐπανάγνωθι

452 3456 786 3530 ’Δναστασίῳ
817 3457 1014 3532 λέγων·
1072 3459 1214 3534 Ἐγὼ
1275 3458 1367 3531 μὲν
1426 3455 1739 3532 ἀπέρχομαι
1785 3455 1919 3530 πρὸς
1964 3451 2090 3514 τοὺς

451 3548 678 3622 πατέρας
708 3569 835 3622 μου,
867 3548 942 3602 ὧν
968 3549 1070 3618 τήν
1118 3548 1296 3603 πίστιν
1347 3549 1645 3623 τετήρηκα,
1700 3546 1760 3600 οὐ
1810 3565 2090 3617 παύσομαι

449 3633 505 3692 δὲ
539 3637 727 3712 ὀχλῶν
757 3639 849 3693 τὸν
880 3638 1154 3708 Δεσπότην
1193 3659 1316 3710 μου,
1352 3634 1514 3712 ἄχρις
1560 3635 1623 3692 οὗ
1681 3633 1846 3710 ἔλθῃς
1897 3633 1986 3690 καὶ
2019 3631 2093 3694 εἰς

447 3725 603 3798 δίκην
634 3727 979 3800 εἰσέλθωμεν.
1013 3727 1200 3800 Τούτῳ
1230 3732 1310 3800 τῷ
1354 3724 1458 3782 ἔτει
1510 3723 1880 3801 Ἀλεξανδρεῖς
1935 3725 2095 3781 πλεῖ-

452 3838 591 3888 στοι,
625 3815 810 3894 ἅνδρες
839 3819 930 3874 καὶ
980 3825 1231 3893 γυναῖκες
1284 3818 1375 3873 καὶ
1431 3814 1644 3885 παιδία,
1705 3813 1890 3878 δεινῶς
1946 3817 2095 3887 πλη-

451 3905 632 3984 γέντες
661 3905 766 3962 ύπὸ
798 3904 1070 3981 δαιμόνων
1113 3905 1324 3982 ἀθρόως
1384 3905 1670 3962 ὑλάκτουν.
1725 3906 1857 3969 Καθ’
1895 3905 2094 3968 ὕπνους

454 3991 510 4049 δέ
538 4016 623 4057 τις
654 3992 764 4050 εἶδέ
791 4016 911 4050 τινα
968 3990 1197 4073 σοϐερὸν
1245 3993 1480 4070 λέγοντα
1518 3995 1602 4050 ’ὁτι
1648 3992 1736 4049 διὰ
1778 3995 1904 4054 τοὺς
1959 3993 2094 4049 ἀνα-

450 4082 822 4157 θεματισμυὺς
853 4091 952 4153 τῆς
1011 4080 1239 4138 συνόδου
1294 4084 1498 4154 ταύτης
1554 4082 1853 4157 πάσχουσι.
1905 4085 2002 4154 Τῷ
2050 4079 2095 4137 δ’

448 4172 599 4244 αύτῳ
649 4167 755 4229 ἴτει
815 4169 1086 4248 Ἀριάλνη
1145 4174 1179 4242 ἡ
1241 4170 1460 4244 βασιλὶς
1515 4170 1878 4242 ἐτελεύτησεν.
1941 4171 2095 4229 Ἐπί-

448 4282 649 4318 σκοπον
691 4258 748 4316 δέ
803 4282 920 4316 τινα
974 4261 1066 4316 τὸν
1123 4257 1408 4319 Οἷνιάνδον
1465 4259 1765 4337 λεγόμενον
1805 4259 2036 4322 ἀκούσας
2069 4261 2096 4315 ὁ

451 4351 648 4426 μιαρὸς
679 4351 1031 4412 ’Δναστάσιος
1088 4351 1162 4414 ὡς
1220 4350 1433 4426 εὐφυῶς
1481 4348 1793 4426 διαλέγεται
1831 4349 1922 4405 καὶ
1966 4353 2096 4408 πάν-

450 4461 544 4502 τας
625 4437 964 4513 ἐπιστομίζει
1018 4438 1146 4501 τοὺς
1200 4445 1280 4513 τῷ
1351 4438 1580 4515 δόγματι
1639 4440 1802 4495 αὐτοῦ
1859 4459 2098 4516 προσαν-

454 4529 702 4606 έχοντας,
732 4527 1246 4605 προσκαλεσάμενος
1278 4523 1402 4606 ἔφη’
1436 4534 1594 4586 Γενοῦ
1635 4537 1735 4600 τῆς
1781 4528 1921 4603 ἐμῆς
1973 4530 2099 4604 μοί-

454 4639 573 4694 ρας,
643 4619 1078 4692 θαυμασιώτατε,
1139 4621 1227 4674 καὶ
1295 4625 1396 4674 πᾶν
1458 4618 1590 4692 ὅπερ
1673 4619 1918 4691 αἰτήσεις
1972 4623 2099 4695 παρ’

449 4710 609 4780 ἡμῶν
643 4706 798 4783 λήψῃ
821 4708 1074 4788 τάχιστα.
1099 4711 1162 4768 Ὀ
1196 4707 1250 4765 δὲ
1273 4710 1408 4786 πρὸς
1439 4709 1624 4766 αὐτόν’
1659 4710 1736 4765 Σὺ
1763 4712 1980 4784 μᾶλλον
2002 4718 2102 4782 τῆς

454 4794 746 4870 δρθυὸόξου
783 4797 978 4874 μοίρας
1012 4803 1192 4876 γενοῦ,
1224 4801 1312 4855 καὶ
1347 4801 1421 4873 μή
1454 4803 1522 4873 τῇ
1556 4797 1682 4872 δόξῃ
1739 4805 1846 4854 τῶν
1897 4796 2099 4856 ἀσεϐῶν

453 4880 709 4967 ΔΣεϐηρου
737 4888 826 4943 καὶ
861 4888 1138 4964 Εύτυχοῦς
1165 4889 1255 4945 καὶ
1297 4889 1594 4963 Διοσκόρου
1643 4887 1906 4962 ἑπόμενος
1949 4889 2098 4962 κλη-

453 4977 774 5050 ρονομήσῃς
800 4978 863 5032 τὸ
893 4982 1000 5054 πῦρ
1029 4980 1092 5033 τὸ
1121 4978 1252 5033 αἰών
1267 5000 1363 5036 ιον.
1399 4978 1500 5034 Καὶ
1529 4982 1694 5034 ταῦτα
1723 4978 1888 5034 εἰπὼν
1942 4978 2099 5054 ἐδρά-

449 5064 575 5136 ξατο
596 5072 697 5136 τῆς
722 5064 1015 5141 χλαμύδος
1033 5071 1130 5123 τοῦ
1150 5064 1442 5143 βασιλέως,
1467 5066 1666 5143 λέγων·
1693 5069 1869 5124 Τοῦτο
1894 5070 1956 5124 τὸ
1974 5070 2100 5144 ἱμά-

444 5175 561 5210 τιον
597 5152 857 5229 οὐδαμῶς
885 5157 960 5220 εἰς
992 5155 1125 5229 ’ᾲδου
1159 5152 1622 5232 συγκαταϐήσεταί
1678 5178 1784 5225 σοι,
1841 5157 2093 5228 Βασιλεῦ,

445 5243 593 5300 ἀλλὰ
626 5245 764 5317 μόνη
796 5248 832 5315 ἡ
865 5241 1139 5302 θεοσέϐεια
1167 5247 1257 5301 καὶ
1288 5246 1491 5321 ἀρετῶν
1523 5253 1735 5315 κτῆσις.
1787 5249 1950 5325 ’Ἄφες
1994 5250 2092 5318 τὴν

445 5331 805 5407 Ἐκκλησίαν,
836 5335 904 5404 ἤν
933 5336 960 5390 ὁ
985 5337 1220 5410 Χριστὸς
1251 5332 1337 5390 διὰ
1366 5340 1467 5390 τοῦ
1499 5333 1644 5389 ἰδίου
1694 5337 1924 5408 αἳματος
1971 5335 2092 5407 ἐξη-

443 5423 696 5497 γόρασεν.
740 5424 989 5496 Ἀμαθής
1049 5425 1100 5479 εἶ
1135 5426 1226 5479 καὶ
1284 5422 1701 5498 ἀσυλλόγιστος.
1762 5421 1928 5480 Οὐδὲν
1985 5429 2090 5478 τῶν

441 5513 542 5579 τῆς
574 5510 905 5584 Ἐκκλησίας
938 5513 1226 5591 δογμάτων
1260 5509 1503 5588 ἀκριϐῶς
1541 5512 1843 5582 ἐπίστασαι,
1897 5511 2025 5568 ἀλλ’
2055 5515 2089 5585 ἤ

448 5599 686 5665 πλάναις
716 5603 806 5658 καὶ
840 5603 1229 5679 βωμολοχίαις
1263 5603 1617 5678 μορμολύττῃ
1651 5603 1775 5665 τοὺς
1830 5600 2088 5680 ἄφρονας.

451 5690 680 5768 ’Δρκοό,
712 5691 966 5768 βασιλεὺς
999 5690 1092 5768 ὤν,
1131 5693 1205 5758 εἰς
1264 5693 1327 5749 τὸ
1383 5693 1472 5748 σὸν
1523 5692 1759 5768 ἀξίωμα,
1816 5692 1906 5748 καὶ
1961 5692 2088 5758 τοὺς

2199 615 2388 669 usque
2408 596 2714 669 processit.
2737 599 2882 651 Tum
2902 597 3260 666 Anastasius,
3283 597 3462 652 rebus
3490 595 3614 652 suis
3643 594 3850 666 deplo-

2202 689 2366 754 ratis,
2400 703 2603 758 pacem
2655 702 2760 757 per
2806 686 3027 758 legatos
3077 688 3243 757 petit,
3288 687 3500 758 jurans
3547 702 3667 741 una
3712 700 3849 740 cum

2202 781 2412 833 senatu
2463 793 2525 830 se
2583 776 2876 847 relegatos
2914 781 3346 845 revocaturum,
3393 774 3732 831 Macedonio
3782 790 3852 830 ac

2202 866 2477 921 Flaviano
2510 882 2648 919 suos
2679 865 3051 936 episcopatus
3083 865 3478 932 redditurum,
3529 864 3852 920 concilium

2204 955 2499 1011 Heracleae
2534 959 2805 1010 acturum
2846 961 3082 1010 evocato
3131 956 3309 1010 etiam
3358 972 3512 1027 papa
3565 957 3850 1012 Romano.

2204 1051 2346 1102 Cum
2378 1048 2438 1102 in
2469 1048 2575 1102 has
2599 1045 2970 1102 conditiones
3001 1049 3159 1100 esset
3189 1044 3260 1099 ab
3293 1045 3570 1099 omnibus
3601 1060 3854 1100 consen-

2206 1153 2359 1201 sum,
2381 1136 2887 1206 Vitalianus,pace
2904 1134 3079 1202 facta,
3101 1133 3344 1189 domum
3368 1133 3563 1187 rediit.
3586 1132 3699 1188 Sed
3717 1148 3852 1187 cum

2205 1227 2440 1282 circiter
2456 1230 2558 1281 200
2580 1225 2842 1298 episcopi
2866 1241 2935 1278 ex
2957 1224 3203 1280 diversis
3226 1223 3491 1296 partibus
3511 1222 3852 1278 Heracleam

2205 1315 2642 1383 convenissent,
2692 1314 3016 1386 imperator
3063 1312 3304 1385 impius,
3357 1311 3589 1367 violatis
3642 1309 3852 1382 pactis,

2207 1405 2479 1476 adjutore
2511 1403 2815 1459 Timotheo
2847 1403 3160 1474 Cpolitano
3195 1403 3494 1473 episcopo,
3527 1400 3600 1456 iis
3630 1397 3852 1465 illusit;

2206 1500 2380 1564 atque
2414 1493 2476 1562 ii,
2509 1509 2572 1548 re
2604 1493 2772 1548 nulla
2800 1493 3091 1559 confecta,
3143 1492 3567 1547 discesserunt.

2279 1677 2446 1728 Anno
2478 1676 2544 1726 24
2575 1673 2899 1728 Vitalianus
2928 1670 3238 1728 Anastasio
3270 1670 3344 1727 ob
3373 1667 3704 1743 perjurium
3733 1666 3857 1725 ira-

2208 1767 2302 1816 tus
2334 1762 2625 1817 exercitus
2659 1763 2786 1834 ejus
2817 1767 2876 1816 et
2906 1779 3032 1816 rem
3063 1760 3364 1832 publicam
3388 1759 3593 1819 multis
3623 1757 3854 1814 damnis

2207 1852 2435 1906 affecit:
2467 1868 2602 1906 nam
2633 1833 3096 1922 etpraadabatur
3126 1856 3184 1905 et
3212 1850 3434 1906 milites
3455 1853 3657 1921 captos
3697 1833 3850 1904 333

2205 1940 2563 2010 exarmabat,
2597 1940 2954 2011 tandemque
2988 1939 3362 1997 contumelim
3394 1955 3572 1995 causa
3603 1937 3851 2009 singulis

2204 2030 2395 2087 obolis
2425 2049 2526 2087 eos
2558 2031 2932 2091 divendebat.

2272 2216 2444 2266 Anno
2485 2214 2550 2264 25
2584 2210 2803 2279 Hunni,
2836 2211 2936 2281 qui
2969 2211 3347 2283 appellantur
3375 2211 3600 2283 Saberi,
3649 2207 3851 2284 Caspis

2201 2300 2389 2370 portis
2403 2300 2620 2370 egressi
2641 2301 3006 2370 Armeniam,
3022 2301 3472 2372 Cappadociam,
3490 2302 3776 2357 Galatiam
3796 2306 3854 2356 et

2203 2389 2456 2443 Pontum
2489 2389 2937 2445 incursionibus
2956 2396 3280 2457 vexarunt;
3313 2407 3642 2462 parumque
3661 2390 3856 2446 abfuit

2205 2477 2348 2546 quin
2379 2478 2662 2532 Euchaita
2693 2479 2872 2532 etiam
2903 2479 2966 2532 in
2997 2495 3165 2533 suam
3209 2483 3561 2550 potestatem
3610 2478 3850 2549 redige-

2203 2571 2355 2620 rent.
2391 2567 2764 2622 Macedonius
2796 2567 3036 2637 quidem
3068 2567 3196 2639 jam
3227 2567 3488 2638 periculo
3541 2567 3846 2638 proximus

2204 2655 2343 2711 inde
2373 2656 2630 2728 profugit
2661 2661 2718 2711 et
2745 2657 3032 2724 Gangram
3065 2657 3350 2728 pervenit.
3382 2656 3729 2713 Anastasius
3774 2657 3847 2712 de

2204 2745 2315 2800 hoc
2346 2746 2562 2800 certior
2591 2746 2780 2801 factus
2803 2745 2987 2817 jussit
3015 2762 3150 2801 eum
3181 2746 3365 2818 rigide
3415 2746 3499 2800 ibi
3537 2746 3851 2817 custodiri,

2205 2835 2386 2889 misso
2420 2835 2598 2889 etiam
2630 2835 2735 2905 (ita
2763 2834 2950 2906 aiunt)
2981 2851 3351 2906 percussore.
3385 2835 3497 2890 Sed
3551 2835 3851 2891 Marcedo-

2203 2924 2338 2978 nius
2369 2924 2611 2996 Gangraa
2656 2929 2925 2978 mortuus
2975 2925 3037 2978 in
3085 2924 3207 2978 aade
3261 2925 3536 2995 martyris
3584 2924 3852 2980 Callinici

2204 3013 2482 3069 humatus
2511 3017 2619 3084 est,
2652 3013 2989 3084 multosque
3022 3030 3056 3068 a
3085 3019 3273 3067 morte
3305 3030 3411 3068 sua
3439 3012 3661 3068 morbis
3691 3013 3849 3068 libe-

2202 3101 2366 3156 ravit.
2431 3103 2576 3157 Cum
2629 3103 2757 3173 jam
2816 3106 2972 3156 esset
3028 3101 3089 3156 in
3148 3102 3419 3173 sepulcro
3477 3101 3847 3169 condendus,

2203 3196 2522 3262 antequam
2554 3191 2614 3245 id
2655 3191 2842 3258 ﬁeret,
2894 3189 3128 3246 sublata
3168 3191 3376 3246 dextra
3425 3207 3609 3247 manu
3654 3192 3846 3266 crucis

2203 3281 2369 3352 signo
2401 3279 2740 3351 sepulcrum
2773 3279 3122 3352 obsignavit.
3155 3279 3316 3334 Idem
3368 3279 3670 3334 Theodoro
3719 3279 3848 3336 cui-

2197 3368 2334 3424 dam
2355 3386 2596 3423 suorum
2618 3368 2976 3423 familiarum
3000 3384 3104 3440 per
3120 3368 3410 3424 visionem
3434 3368 3608 3424 dixit:
3633 3369 3846 3440 Excipe

2196 3456 2344 3525 hmo,
2366 3463 2423 3512 et
2438 3457 2556 3526 abi,
2571 3463 2746 3528 atque
2761 3457 3069 3512 Anastasio
3090 3457 3295 3522 recita,
3310 3457 3514 3512 dicens
3537 3474 3550 3511 :
3577 3459 3692 3528 Ego
3707 3458 3808 3529 qui
3821 3488 3842 3500 -

2197 3547 2334 3602 dem
2362 3545 2741 3602 Macedonius
2774 3546 2919 3601 abeo
2952 3546 3023 3601 ad
3057 3553 3253 3618 patres
3287 3563 3473 3615 meos,
3507 3545 3567 3601 in
3593 3547 3849 3617 quorum

2200 3635 2315 3691 fide
2351 3636 2615 3707 perstiti:
2651 3635 2887 3690 interim
2921 3641 3122 3691 tamen
3154 3652 3389 3708 semper
3412 3636 3726 3691 Dominum
3757 3637 3847 3692 in-

2201 3725 2550 3797 terpellabo,
2584 3725 2722 3780 dum
2757 3731 2818 3779 tu
2849 3741 3084 3795 quoque
3115 3725 3315 3780 venias
3347 3729 3406 3779 et
3435 3741 3614 3794 causa
3645 3731 3849 3782 nostra

2203 3813 2585 3887 disceptetur.
2617 3813 2836 3868 Eodem
2867 3830 3024 3868 anno
3056 3811 3422 3868 Alexandriae
3445 3813 3552 3866 viri
3583 3811 3845 3884 plurimi,

2202 3903 2465 3975 itemque
2489 3903 2768 3960 mulieres
2801 3907 2858 3956 et
2886 3903 3077 3973 pueri,
3105 3897 3359 3974 graviter
3385 3899 3420 3957 a
3477 3898 3847 3959 daemonibus

2202 3991 2492 4048 verberati
2522 3990 2757 4047 assidue
2787 3989 3101 4045 latrabant.
3131 3994 3196 4046 In
3229 3989 3454 4046 somnis
3485 3996 3701 4054 autem,
3723 3987 3851 4047 cui-

2203 4084 2339 4139 dam
2372 4080 2656 4136 terribilis
2679 4079 2919 4151 quidam
2943 4076 3236 4151 apparuit,
3259 4077 3463 4135 dicens
3481 4080 3706 4157 civibus
3724 4077 3850 4137 haec

2204 4173 2278 4228 ob
2310 4170 2723 4227 damnationes
2745 4170 2806 4224 in
2833 4169 3086 4225 concilio
3107 4169 3295 4224 editas
3317 4169 3606 4233 accidere.
3631 4161 3852 4226 Eodem

2203 4277 2360 4317 anno
2393 4259 2648 4316 decessit
2677 4258 2940 4314 Ariadna
2988 4263 3265 4331 Augusta.
3315 4256 3590 4330 Impurus
3647 4265 3852 4315 autem

2201 4350 2543 4407 Anastasius
2555 4349 2894 4422 episcopum
2908 4339 3588 4422 quemdamtlfjlniandum
3600 4347 3848 4404 audiens

2204 4443 2492 4498 disertum
2524 4440 2842 4496 admodum
2875 4457 3027 4508 esse,
3062 4443 3120 4495 et
3149 4438 3248 4510 qui
3271 4451 3375 4495 Ora
3395 4427 3550 4494 634
3571 4439 3848 4495 omnibus

2206 4535 2518 4591 sententiae
2535 4533 2606 4590 de
2620 4551 2794 4605 passo
2814 4535 2930 4589 Deo
2950 4531 3348 4588 assertoribus
3369 4532 3693 4597 obturaret,
3713 4549 3850 4589 eum

2208 4624 2281 4680 ad
2313 4641 2373 4681 se
2407 4630 2674 4680 vocatum
2706 4625 2975 4680 hortatus
3007 4631 3097 4680 est
3126 4630 3192 4680 ut
3219 4623 3293 4680 ad
3325 4641 3493 4680 suam
3533 4626 3853 4685 factionem

2213 4713 2590 4778 descisceret.
2624 4715 2916 4787 pollicens
2937 4732 3073 4770 eum
3098 4714 3387 4786 quidquid
3409 4717 3680 4786 petiisset
3698 4706 3854 4778 illico

2211 4807 2612 4874 accepturum.
2646 4803 2750 4858 Cui
2783 4804 3134 4875 episcopus:
3168 4804 3272 4871 Tu,
3305 4802 3519 4873 inquit,
3553 4807 3749 4876 potius
3781 4807 3855 4862 ad

2209 4893 2569 4948 orthodoxos
2601 4892 2808 4961 transi,
2850 4910 2946 4960 ne,
2973 4893 3113 4947 dum
3171 4890 3483 4962 opiniones
3533 4893 3854 4965 impiorum

2208 4981 2518 5037 hominum
2542 4981 2759 5048 Severi,
2782 4981 3061 5053 Eutychis
3084 4985 3140 5034 et
3165 4979 3425 5034 Dioscori
3448 4980 3849 5050 amplecteris,

2208 5075 2429 5127 aeterno
2459 5071 2577 5142 igni
2609 5070 2930 5140 addicaris;
2955 5068 3251 5138 simulque
3269 5061 3721 5138 apprehendens
3745 5071 3850 5127 im-

2205 5162 2496 5232 peratoris
2527 5159 2900 5231 chlamydem
2928 5176 2940 5213 :
2970 5161 3124 5227 Haec,
3149 5158 3249 5221 ait,
3272 5157 3448 5212 vestis
3470 5173 3848 5231 nequaquam

2205 5255 2263 5305 te
2293 5255 2426 5321 post
2457 5254 2708 5304 mortem
2737 5253 3036 5320 sequetur,
3080 5264 3111 5301 ο
3161 5247 3518 5317 imperator:
3571 5249 3674 5305 sed
3723 5251 3850 5308 sola

2205 5338 2585 5393 comitabitur
2613 5343 2668 5392 te
2699 5337 2886 5408 pietas
2916 5352 2982 5391 ac
3014 5336 3294 5389 virtutum
3325 5333 3586 5391 habitus.
3614 5339 3849 5399 Missam

2203 5427 2292 5483 fac
2322 5425 2666 5493 Ecclesiam,
2713 5441 2890 5496 quam
2949 5423 3215 5479 Christus
3263 5439 3368 5480 suo
3411 5421 3665 5484 redemit
3713 5448 3850 5488 san-

2201 5516 2400 5589 guine.
2435 5513 2711 5570 Indoctus
2751 5531 2812 5570 es
2845 5519 2903 5588 et
2932 5512 3323 5569 ratiocinandi
3357 5515 3618 5600 ignarus,
3651 5521 3844 5594 neque

2200 5605 2391 5660 ullum
2423 5602 2698 5660 Ecclesia;
2729 5605 3029 5660 decretum
3063 5602 3321 5678 perfecte
3360 5601 3682 5681 intelligis:
3716 5617 3844 5668 tan,-

2199 5697 2327 5752 tum
2383 5693 2732 5766 imposturis
2788 5698 2847 5750 et
2893 5692 3242 5750 scurrilibus
3289 5693 3606 5753 calumniis
3653 5685 3844 5756 fatuos
