4126 6296
375 407 491 469 691

1737 401 2056 463 GEORGII
2101 400 2441 463 CEDRENI

383 545 586 594 terres.
619 537 768 592 Satis
800 535 904 590 tibi
936 535 1012 591 sit
1037 534 1360 606 dignitatis,
1391 534 1548 605 quod
1573 535 1896 605 imper-ator
1921 551 2012 589 es:

2145 537 2233 587 τῶν
2272 530 2578 602 ἐκκλησιῶν
2639 532 2948 605 προστάτας
3005 530 3079 603 μή
3138 529 3356 598 κόλαζε.
3391 530 3450 584 Ὁ
3509 527 3566 584 δὲ
3618 550 3784 602 κατῃ-

382 628 676 682 antistites
708 625 983 680 Ecclesia)
1015 642 1226 680 vexare
1259 624 1406 681 noli.
1445 623 1527 678 Ad
1560 625 1684 676 haec
1709 623 2033 694 imperator

381 715 604 788 pudore
623 717 879 770 suffusus
901 715 1216 768 obmutuit.
1241 713 1659 784 Pauperrimus
1683 719 1877 767 autem
1898 729 2032 768 cum

383 809 540 859 esset
567 805 667 858 ille
695 805 1030 874 episcopus,
1066 819 1140 857 ne
1180 801 1422 857 obolum
1455 801 1698 872 quidem
1730 802 1800 856 ab
1843 802 2031 872 impe-

381 897 578 947 ratore
606 892 790 946 voluit
818 892 1085 962 accipere
1113 907 1125 945 :
1163 891 1308 946 adeo
1340 890 1491 945 liber
1520 896 1647 946 erat
1678 896 1735 945 et
1768 891 1952 946 solius
1972 891 2032 945 in

382 981 566 1036 Deum
598 980 736 1036 fidei
768 997 834 1036 ac
866 980 1104 1051 pietatis
1135 981 1427 1036 rationem
1461 979 1708 1035 habens.

456 1073 724 1125 Castrum
755 1075 842 1124 est
874 1070 933 1123 in
967 1071 1281 1124 Persarum
1313 1074 1488 1139 atque
1521 1068 1800 1124 Indorum
1844 1069 2031 1124 conﬁ-

381 1158 503 1226 nio,
536 1160 776 1214 nomine
807 1157 1123 1227 Tzudader,
1159 1160 1220 1212 in
1267 1176 1382 1229 quo
1437 1158 1692 1213 multum
1742 1159 2031 1230 pecunias,

380 1248 835 1319 margaritarum
868 1254 925 1302 et
954 1248 1221 1319 lapidum
1265 1249 1661 1320 pretiosorum
1704 1249 2031 1320 repositum

380 1335 794 1392 adwmonibus
817 1337 1531 1404 asservabatur.Cabades,
1553 1353 1622 1392 ea
1642 1355 1704 1391 re
1733 1342 2028 1408 percepta,

382 1431 641 1480 castrum
671 1442 958 1496 occupare
982 1427 1360 1493 estannixus,
1385 1443 1644 1495 cumque
1675 1427 1726 1480 ei
1755 1443 1789 1480 a
1811 1426 2032 1480 daemo-

381 1515 557 1569 nibus
589 1514 994 1582 obsisteretur,
1029 1515 1305 1570 omnibus
1339 1520 1396 1569 et
1440 1516 1736 1587 Magorum
1790 1521 1845 1569 et
1894 1531 2031 1569 mox

380 1604 716 1660 Iudaeorum
750 1606 988 1660 tentatis
1033 1606 1262 1660 artibus
1315 1605 1504 1675 impos
1560 1605 1846 1676 propositi
1901 1604 2028 1658 fuit.

381 1693 530 1766 Ergo
561 1711 695 1749 cum
727 1693 778 1749 ei
829 1710 1180 1765 persuasum
1231 1699 1387 1748 esset
1433 1694 1906 1748 Christianarum
1957 1692 2031 1747 ad

386 1789 568 1842 Deum
597 1786 870 1858 precibus
919 1804 987 1841 eo
1055 1802 1116 1840 se
1162 1786 1340 1856 potiri
1395 1786 1543 1842 635
1602 1803 1793 1856 posse,
1844 1785 1955 1840 hoc
1999 1800 2032 1840 θ,

2141 623 2348 701 σχόνθη
2392 623 2480 677 καὶ
2532 617 2734 696 ἔμεινεν
2793 621 3024 702 ἄφωνος.
3081 622 3142 678 Ὁ
3202 617 3260 675 δέ
3322 642 3380 694 γε
3441 620 3610 698 σοφὸς
3670 617 3784 675 ἐπί-

2139 734 2344 774 σκοπος
2371 712 2688 774 πενέστατος
2722 707 2795 766 ὤν
2848 712 2948 766 οὐκ
3004 710 3243 781 ἠθέλησε
3291 711 3440 784 παρὰ
3482 713 3581 764 τοῦ
3637 709 3788 785 βασι-

2139 800 2280 864 λέως
2309 797 2496 856 λαϐεῖν
2549 800 2654 865 ἓως
2711 796 2938 855 ὀϐολοῦ·
3000 801 3173 861 οὕτως
3229 799 3296 867 ῆν
3353 797 3645 872 ἐλεύθερος
3701 798 3786 852 καὶ

2143 892 2310 966 μόνης
2356 898 2455 960 τῆς
2513 891 2588 952 εἷς
2655 890 2786 945 Θεὸν
2844 890 3080 951 πίστεως
3136 887 3226 944 καὶ
3302 885 3578 950 εὐσεϐείας
3637 907 3787 964 περι-

2139 979 2492 1053 ποιούμενος.

2211 1075 2287 1145 [Ρ.
2346 1074 2473 1144 362]
2527 1069 2733 1144 Μεταξῦ
2815 1068 3000 1125 Ἰνδῶν
3082 1069 3173 1124 καὶ
3258 1073 3481 1144 Περσῶν
3567 1067 3792 1143 κάστρον

2139 1159 2279 1214 ἐστὶν
2313 1160 2719 1232 ὀνομαζόμενον
2745 1157 3069 1232 Τζουδάδερ,
3102 1157 3155 1213 ἐν
3186 1159 3232 1230 ᾧ
3287 1155 3482 1213 πολλὰ
3533 1159 3792 1232 χρήματα

2137 1251 2227 1305 καὶ
2257 1255 2584 1324 μαργαρῖται
2610 1249 2701 1304 καὶ
2733 1248 2881 1313 λίθοι
2911 1248 3089 1320 τίμιοι
3136 1247 3487 1320 ἀποκείμενοι
3537 1249 3673 1317 ἦσαν
3705 1248 3790 1302 καὶ

2143 1339 2245 1393 ὑπὸ
2275 1336 2550 1411 δαιμόνων
2607 1337 2994 1417 ἐφυλάττοντο.
3053 1341 3231 1392 Τοῦτο
3290 1331 3551 1407 Καϐάδης
3610 1337 3790 1408 μαθὼν

2140 1426 2318 1498 ἐζήτει
2363 1422 2577 1483 λαϐεῖν.
2638 1429 2740 1484 Καὶ
2805 1427 2908 1482 ὑπὸ
2964 1432 3073 1482 τῶν
3116 1425 3392 1499 δαιμόνων
3441 1425 3791 1498 κωλυόμενος

2136 1522 2274 1570 κινεῖ
2302 1518 2400 1587 τήν
2454 1522 2562 1572 τῶν
2630 1517 2756 1591 παρ’
2809 1515 2973 1570 αὐτοῦ
3035 1515 3222 1589 μάγων
3292 1521 3470 1570 πᾶσαν
3531 1513 3793 1585 ἐπίνοιαν,

2137 1602 2320 1661 ἔπειτα
2349 1606 2438 1662 καὶ
2467 1611 2577 1661 τῶν
2625 1605 2928 1676 Ἰουδαίων,
2985 1608 3072 1660 καὶ
3116 1609 3217 1660 τοῦ
3277 1609 3494 1660 σκοποῦ
3549 1603 3792 1677 ἀποτυγ-

2135 1699 2312 1776 χάνει.
2356 1700 2600 1762 Πεισθεὶς
2631 1695 2687 1752 δέ
2719 1695 2806 1752 διὰ
2831 1703 2934 1765 τῆς
2963 1695 3101 1770 πρὸς
3138 1695 3231 1750 τὸν
3281 1695 3410 1750 Θεὸν
3459 1695 3636 1770 εὐχῆς
3686 1697 3790 1748 τῶν

2136 1790 2473 1864 Χριστιανῶν
2524 1787 2721 1842 τούτου
2775 1789 3077 1858 κυριεῦσαι,
3128 1784 3422 1839 ἐπίσκοπόν
3481 1805 3602 1838 τινα
3661 1786 3791 1856 Χρι-

385 1875 640 1948 quodam
672 1875 948 1946 episcopo
980 1875 1446 1929 Christianorum
1472 1874 1532 1927 in
1567 1873 1806 1928 Perside
1849 1891 2027 1946 agen-

2145 1877 2350 1933 στιανὸν
2381 1877 2486 1931 ἀπὸ
2516 1881 2622 1931 τῶν
2674 1874 2725 1930 ἐν
2774 1871 2994 1949 Περσίδι
3053 1872 3174 1948 περὶ
3230 1872 3432 1928 τούτου
3491 1871 3796 1946 παρεκαλε-

383 1964 531 2019 tium
558 1963 880 2020 contendit.
915 1966 968 2018 Is
1001 1963 1208 2035 synaxi
1241 1968 1463 2030 coacta,
1497 1979 1628 2018 cum
1662 1963 1874 2017 divinis
1901 1980 2029 2033 my—

380 2053 574 2108 steriis
606 2054 1126 2118 communicasset,
1162 2053 1234 2107 ad
1263 2052 1456 2107 locum
1489 2051 1778 2107 accedens
1813 2052 2029 2106 daemo-

378 2158 483 2198 nas
513 2142 592 2197 ibi
618 2148 920 2198 morantes
943 2141 1153 2215 exegit,
1180 2147 1562 2212 castrumque
1596 2141 1840 2196 Cabadm
1863 2141 2028 2196 nullo

379 2230 579 2286 labore
609 2231 1018 2302 occupandum
1052 2232 1314 2287 tradidit.
1348 2233 1470 2295 Quo
1514 2231 1801 2286 miraculo
1845 2231 2030 2286 Caba-

381 2319 484 2374 des
517 2320 804 2374 attonitus
835 2320 1094 2388 primum
1126 2320 1186 2373 in
1218 2335 1506 2373 concessu
1530 2318 1725 2372 locum
1753 2319 2029 2390 episcopo

379 2406 608 2474 tribuit,
641 2423 817 2478 quem
849 2408 1135 2461 hactenus
1167 2407 1469 2462 Manicbmi
1505 2412 1562 2460 et
1598 2405 1782 2461 Judaei
1823 2413 2028 2461 tenue-

381 2502 554 2554 rant:
587 2498 836 2554 liberam
863 2515 1097 2570 quoque
1129 2503 1480 2570 potestatem
1513 2498 1652 2552 fecit
1683 2497 1754 2552 iis
1786 2497 1886 2568 qui
1927 2497 2030 2554 ba-

384 2588 586 2660 ptizari
616 2587 856 2643 vellent.
1231 2576 1233 2578 ’

457 2677 801 2732 Anastasius
839 2692 977 2731 vero
1027 2677 1202 2748 paulo
1250 2682 1386 2732 ante
1440 2693 1617 2747 quam
1668 2681 2027 2746 moreretur,

385 2765 597 2822 delatis
630 2765 705 2820 ad
736 2765 928 2837 ipsum
953 2765 1301 2820 insidiarum
1336 2765 1446 2820 sibi
1479 2765 1766 2820 factarum
1794 2763 2030 2819 indiciis

383 2855 602 2910 multos
634 2855 848 2926 corripi
881 2860 1057 2925 atque
1093 2854 1346 2909 interfici
1371 2853 1570 2924 jussit.
1605 2855 1668 2908 In
1697 2853 1884 2924 captis
1910 2852 2032 2906 fue-

382 2950 524 3000 runt
549 2945 728 3000 etiam
757 2944 1023 2999 Justinus
1057 2949 1113 2998 et
1150 2943 1535 2997 Justinianus.
1567 2944 1721 3007 Quos
1750 2959 1883 2997 cum
1926 2958 2030 2996 ne-

383 3051 518 3090 care
549 3035 869 3101 statuisset,
906 3033 1197 3096 terribilis
1221 3033 1457 3103 quidam
1485 3035 1537 3090 ei
1561 3034 1621 3087 in
1645 3033 1870 3088 somnis
1895 3031 2030 3087 asti-

383 3124 474 3189 tit,
507 3124 589 3179 ita
619 3124 858 3178 dicens:
893 3123 1017 3176 Tibi
1050 3122 1316 3193 quidem,
1348 3139 1380 3178 ο
1411 3123 1754 3193 imperator,
1779 3121 2032 3192 permis-

386 3230 516 3270 sum
567 3221 656 3269 est
705 3214 966 3283 reliquos
1014 3213 1392 3268 insidiatores
1447 3213 1693 3268 tollere:
1728 3229 1762 3267 a
1803 3213 2030 3266 Justino

386 3307 583 3358 autem
609 3302 1010 3356 etJustiniano
1034 3301 1390 3356 maleﬁcium
1416 3319 1590 3356 omne
1613 3301 1863 3356 abstine.
1889 3303 2032 3354 Nam

387 3408 505 3446 non
540 3389 742 3444 licebit
789 3395 845 3443 te
889 3389 996 3454 eis,
1047 3395 1345 3460 utcunque
1399 3390 1562 3458 velis,
1612 3389 1767 3444 male
1814 3388 2032 3444 facere.

387 3480 651 3547 Cumque
685 3477 1030 3531 Anastasius
1061 3477 1284 3531 diceret
1315 3494 1414 3531 eos
1436 3494 1568 3532 reos
1600 3494 1728 3532 esse
1760 3477 1899 3531 laese
1922 3478 2034 3530 im-

386 3566 696 3640 peratorias
735 3564 1086 3636 majestatis,
1116 3565 1422 3635 respondit
1453 3564 1549 3619 ille
1591 3582 1717 3620 esse
1751 3581 1851 3620 eos
1899 3581 2037 3619 vasa

389 3657 637 3714 consilio
668 3656 1056 3728 providentiae
1088 3657 1299 3711 divinas
1343 3656 1717 3726 exsequendo
1767 3661 1922 3727 apta,
1979 3661 2038 3710 et

387 3753 706 3819 utrumque
740 3765 846 3804 suo
890 3753 1154 3819 tempore
1204 3748 1319 3802 Deo
1369 3764 1610 3818 operam
1659 3753 2031 3802 navaturum.

387 3841 577 3910 Atque
608 3838 715 3892 hos
747 3837 982 3908 quidem
1015 3837 1164 3891 duos
1199 3837 1534 3891 Anastasius
1560 3837 1806 3891 crimine
1839 3834 2034 3890 absol-

389 3930 508 3984 vit:
541 3928 908 3982 insomnium
940 3943 1074 3981 vero
1107 3944 1212 3981 suo
1246 3931 1510 3998 tempore
1543 3927 1737 3982 exitus
1760 3942 2027 3996 compro-

387 4017 564 4074 bavit.
597 4019 850 4086 Uterque
882 4017 1041 4070 enim
1073 4033 1276 4072 eorum
1305 4022 1440 4088 post
1467 4017 1758 4073 Anastasii
1782 4023 2033 4072 mortem

390 4107 642 4180 imperio
674 4106 911 4161 functus
943 4110 1050 4160 est.

463 4202 632 4252 Anno
664 4200 730 4251 27
763 4197 1034 4269 apparuit
1061 4195 1370 4251 Anastasio
1401 4213 1507 4268 per
1535 4196 1902 4252 insomnium
1951 4199 2038 4252 vir

390 4287 694 4356 terribilis,
727 4287 990 4342 codicem
1021 4291 1258 4357 gestans
1287 4305 1301 4351 ;
1334 4303 1509 4355 quem
1535 4286 1584 4340 is
1606 4303 1739 4340 cum
1770 4288 2036 4357 aperuis-

395 4381 484 4433 set
515 4382 573 4431 et
602 4391 820 4430 nomen
852 4374 1226 4446 imperatoris
1259 4374 1318 4427 in
1368 4391 1436 4427 eo
1488 4374 1829 4441 invenisset,
1883 4375 2035 4429 636

393 4466 477 4520 ait
504 4465 590 4518 illi
617 4481 629 4518 :
658 4466 802 4518 Ecce
835 4462 906 4516 ob
929 4462 1374 4534 perversitatem
1400 4461 1533 4515 fidei
1565 4468 1680 4517 tua:
1704 4463 1774 4518 de
1799 4464 1916 4518 vita
1937 4469 2038 4519 tua

394 4570 580 4609 annos
613 4556 678 4607 14
709 4551 897 4606 deleo.
944 4551 1248 4621 Simulque
1309 4567 1409 4605 eos
1459 4553 1761 4622 expunxit.
1816 4554 2034 4608 Somno

2141 1989 2249 2036 σεν,
2293 1966 2350 2027 ὅς
2384 1967 2593 2034 σύναξιν
2630 1962 2943 2025 ἐπιτελέσας
2972 1963 3062 2018 καὶ
3102 1967 3213 2018 τῶν
3261 1962 3418 2016 θείων
3477 1960 3790 2036 μυστηρίων

2140 2051 2481 2130 μεταλαϐὼν,
2509 2052 2826 2128 προσελθὼν
2857 2057 2936 2124 τῷ
2982 2053 3138 2124 τόπῳ
3185 2051 3312 2115 τοὺς
3363 2051 3541 2107 ἐκεῖσε
3591 2048 3790 2124 δαίμο-

2135 2164 2226 2205 νας
2274 2141 2517 2216 ἐξεδίωξε
2573 2143 2663 2197 καὶ
2718 2147 2796 2214 τῷ
2852 2135 3075 2214 Καϐάδῃ
3145 2141 3208 2194 τὸ
3264 2142 3503 2214 διάστρον
3578 2139 3789 2200 ἀπόνως

2134 2231 2467 2308 παρέδωκεν.
2503 2235 2589 2289 Ἐν
2647 2233 2825 2304 τούτῳ
2879 2225 3138 2300 Καϐάδης
3197 2228 3582 2297 καταπλαγεὶς
3639 2248 3792 2303 πρω-

2133 2322 2454 2400 τοκαθεδρίᾳ
2482 2324 2570 2379 τὸν
2605 2322 2898 2378 ἐπίσκοπον
2951 2320 3229 2395 ἐτίμησεν,
3287 2318 3392 2382 ’έως
3445 2323 3577 2377 τότε
3626 2323 3792 2377 Μανι-

2139 2414 2313 2490 χαίων
2384 2413 2475 2467 καὶ
2538 2410 2816 2468 Ἰουδαίων
2874 2410 3386 2486 προκαθεζομένων,
3446 2411 3541 2466 καὶ
3614 2407 3791 2465 ἄδειαν

2138 2503 2380 2581 παρέσχε
2409 2507 2527 2565 τοῖς
2564 2500 2930 2576 βουλομένοις
2966 2499 3339 2577 βαπτίζεσθαι.

2207 2679 2321 2752 Πρὸ
2359 2681 2555 2752 μικροῦ
2587 2675 2644 2732 δέ
2675 2684 2775 2747 τῆς
2799 2677 3060 2747 τελευτῆς
3084 2676 3466 2745 Ἀναστασίου,
3493 2670 3791 2745 ἐπιϐουλῆς

2136 2768 2288 2838 αὐτῷ
2322 2767 2674 2840 μηνυθείσης,
2736 2769 2963 2844 συνέσχε
3023 2764 3269 2827 πολλοὺς
3326 2766 3413 2819 καὶ
3488 2764 3786 2819 ἀπώλεσεν·

2137 2856 2190 2913 ἐν
2221 2857 2306 2918 οἷς
2335 2857 2422 2911 καὶ
2458 2857 2748 2918 Ἰουστῖνος
2777 2859 2841 2925 ῆν
2871 2855 2959 2911 καὶ
2994 2855 3392 2916 Ἰουστινιανός.
3419 2853 3665 2912 Μέλλων
3697 2853 3786 2907 οὗν

2140 2943 2463 3020 έξαφανίζειν
2491 2943 2620 3006 τοὺς
2652 2933 2872 3019 ἄνδρας,
2903 2943 3142 3018 παρέστη
3187 2943 3332 3014 αὖτῷ
3384 2965 3469 3007 τις
3516 2943 3633 2998 κατ’
3664 2936 3784 3016 ὄναρ

2139 3029 2368 3109 φοϐερὸν
2406 3033 2604 3110 λέγων·
2639 3033 2777 3093 Τοὺς
2813 3033 2907 3105 μέν
2937 3031 3166 3094 λοιποὺς
3192 3037 3300 3086 τῶν
3319 3037 3426 3086 σῶν
3455 3027 3784 3097 ἐπιϐούλων,

2139 3125 2183 3178 ὦ
2220 3123 2466 3198 βασιλεῦ,
2501 3124 2862 3200 συνεχωρήθη
2898 3143 2983 3176 σοι
3016 3121 3603 3194 ἂφανὶσαι,Ἰο·.›στῖνον
3624 3117 3680 3175 δὲ
3698 3117 3786 3172 καὶ

2145 3213 2525 3269 Ἰουστινιανὸν
2587 3209 2857 3284 μηδαμῶς
2915 3208 3196 3283 ἀδικήσῃς·
3258 3207 3383 3264 οὐδὲ
3443 3210 3550 3284 γὰρ
3618 3207 3786 3271 θέλων

2146 3299 2368 3376 δυνήσῃ.
2404 3306 2508 3356 Τοῦ
2540 3299 2596 3356 δὲ
2644 3303 2913 3379 φήσαντος
2963 3301 3049 3356 ὃτι
3105 3301 3427 3354 καθοσιώσει
3471 3298 3607 3354 εἰσὶν
3660 3299 3787 3352 ὁπο-

2145 3386 2476 3463 6ε6λημένοι
2516 3387 2798 3464 βασιλικῇ,
2851 3385 2950 3465 ἔφη
3011 3388 3149 3463 πρὸς
3207 3387 3388 3443 αὐτόν·
3449 3389 3630 3458 Σκεύη
3689 3384 3786 3450 εἶσὶ

2144 3479 2436 3556 χωρητικςὶ
2465 3486 2564 3548 τῆς
2603 3483 2700 3533 τοῦ
2733 3475 2866 3532 Θεοῦ
2902 3476 3111 3552 βουλῆς
3139 3498 3196 3532 τε
3226 3477 3315 3532 καὶ
3363 3477 3649 3552 προνοίας,
3701 3474 3786 3529 καὶ

2149 3566 2444 3640 μέλλουσιν
2478 3567 2818 3640 ὑπουργῆσαι
2849 3570 2927 3634 τῷ
2959 3570 3074 3636 Θεῷ
3128 3565 3352 3626 ’ἐκαστος
3403 3567 3457 3619 ἐν
3511 3570 3630 3627 τοῖς
3671 3582 3786 3616 και-

2147 3661 2261 3730 ροῖς
2288 3655 2488 3710 αὐτῶν.
2519 3656 2616 3708 Καὶ
2651 3653 2716 3724 δὴ
2753 3655 2954 3733 ἀφῆκεν
3009 3655 3196 3715 αὐτοῖς
3254 3653 3592 3732 ἀμφοτέροις
3643 3655 3788 3707 Ἀνα-

2146 3745 2361 3805 στάσιος
2418 3745 2480 3799 τὸ
2532 3749 2632 3812 τῆς
2689 3743 3067 3806 καθοσιώσεως
3126 3739 3403 3818 ἔγκλημα.
3462 3737 3673 3811 Συνέϐη
3732 3736 3785 3792 δὲ

2144 3832 2312 3887 πάντα
2341 3831 2581 3907 γενέσθαι
2640 3833 2819 3893 καθὼς
2880 3833 2907 3886 ὁ
2963 3832 3146 3908 φανεῖς
3204 3831 3597 3908 ἀπεφθέγξατο·
3659 3827 3784 3904 μετᾶ

2143 3923 2249 3996 γὰρ
2277 3922 2376 3989 τὴν
2430 3917 2691 3988 τελευτὴν
2745 3920 3092 3976 Ἀναστασίου
3148 3920 3238 3974 καὶ
3293 3919 3598 3997 ἀμφότεροι
3655 3917 3781 3972 κατὰ

2143 4010 2364 4084 καιροὺς
2393 4008 2570 4063 αὐτῶν
2600 4003 2970 4066 ἐϐασίλευσαν.

2215 4186 2308 4261 Τῷ
2337 4193 2413 4257 κζ’
2443 4183 2548 4242 ἔτει
2581 4188 2932 4249 Ἀναστάσιος
2964 4185 3101 4241 εἶδεν
3134 4185 3188 4242 ἐν
3222 4187 3456 4261 ὁράματι
3477 4184 3647 4262 ἄνδρα
3685 4203 3780 4262 φο·

2146 4273 2300 4352 εερὸν
2338 4277 2669 4352 βαστάζοντα
2699 4274 2928 4346 κώδικα,
2962 4276 3017 4330 δν
3043 4277 3363 4347 ἀναπτυξας,
3395 4277 3485 4331 καὶ
3525 4276 3695 4350 εὑρὼν
3724 4273 3781 4327 τὸ

2147 4369 2320 4443 ὄνομα
2349 4370 2516 4424 αὐτοῦ
2547 4373 2644 4423 τοῦ
2677 4366 2971 4443 βασιλέως,
3004 4369 3150 4422 εἶπεν
3185 4367 3350 4441 αὐτῷ·
3383 4367 3523 4426 Ἰδοὺ
3554 4367 3644 4424 διὰ
3687 4367 3779 4434 τὴν

2145 4459 2498 4515 κακοπιστίαν
2532 4480 2629 4514 σου
2666 4457 2950 4536 ἀπαλείφω
3001 4456 3480 4535 τεσσαρεσκαίδεκα
3529 4454 3649 4530 ἔτη,
3695 4453 3777 4511 καὶ

2145 4548 2446 4624 ἀπήλειψεν
2474 4548 2628 4604 αὑτά.
2663 4549 3002 4611 Διυπνισθεῖς
3036 4546 3091 4602 δὲ
3121 4546 3558 4623 προσεκαλέσατο
3588 4546 3777 4621 Ἀμάν-

393 4643 621 4702 solutus
654 4641 1000 4696 Anastasius
1030 4639 1395 4694 insomnium
1429 4639 1486 4693 id
1509 4641 1782 4697 Amantio
1807 4659 2032 4714 praepo-

2145 4660 2258 4694 τιον
2285 4639 2376 4693 τὸν
2410 4637 2790 4712 πραιπόσιτον,
2825 4637 2914 4691 καὶ
2947 4637 3092 4692 εἶπεν
3121 4638 3268 4710 αὐτῷ
3295 4639 3357 4693 τὸ
3405 4634 3612 4713 ὅραμα.
3645 4639 3698 4694 Ὀ
3723 4631 3773 4687 δὲ

396 4735 508 4791 sito
539 4731 612 4788 ad
644 4748 706 4786 se
735 4734 935 4784 vocato
968 4728 1257 4798 exposuit.
1301 4734 1490 4798 Atque
1519 4730 1568 4784 is
1603 4747 1616 4783 :
1669 4733 1784 4799 Ego
1835 4733 2036 4798 etiam,

395 4823 611 4896 inquit,
653 4819 1007 4891 imaginatus
1054 4833 1206 4880 sum,
1253 4833 1387 4871 cum
1437 4823 1694 4872 astarem
1743 4820 2039 4890 majestati

397 4919 532 4981 tum,
564 4909 794 4965 venisse
824 4921 1103 4977 magnum
1135 4920 1400 4974 porcum,
1436 4905 1536 4976 qui
1572 4922 1663 4959 me
1697 4912 1854 4960 veste
1887 4923 2040 4962 arre-

395 5009 563 5075 ptum
611 5000 671 5054 in
726 5003 942 5051 terram
995 4993 1348 5065 prostaverit
1407 4999 1583 5062 atque
1647 4994 2034 5050 devoraverrt_

394 5090 616 5148 Deinde
656 5085 896 5143 Proclus
952 5083 1388 5137 insomniorum
1433 5083 1732 5154 conjector
1779 5084 2034 5138 advenit.

393 5177 915 5254 pronuntiavitque
948 5179 1264 5242 utrumque
1297 5172 1470 5243 paulo
1505 5178 1637 5244 post
1665 5173 1780 5226 vita
1828 5172 2038 5228 defun-

394 5277 652 5326 cturum.
685 5266 795 5322 Sed
819 5262 1332 5328 Anastasius,cum
1359 5262 1598 5316 oraculo
1623 5262 1862 5317 edoctus
1885 5268 2041 5318 esset

397 5360 529 5431 igne
567 5357 677 5412 sibi
726 5353 1096 5426 pereundum
1145 5351 1293 5415 fore,
1345 5352 1664 5406 cisternam
1710 5352 1769 5406 in
1818 5353 2036 5422 palatio

399 5464 527 5518 quas
551 5445 803 5516 Frigidia
819 5444 1056 5509 dicitur,
1084 5441 1288 5495 multis
1309 5442 1603 5496 meatibus
1624 5442 1874 5513 aperuit,
1900 5460 2040 5512 quo-

396 5553 529 5592 rum
575 5534 788 5603 cuique
846 5531 1026 5586 cadus
1071 5531 1377 5600 appositus
1431 5537 1605 5598 esset,
1657 5548 1877 5586 conans
1926 5533 2036 5587 hoc

397 5630 567 5700 pacto
610 5619 916 5677 oraculum
947 5619 1178 5672 irritum
1207 5619 1474 5674 reddere.
1500 5622 1716 5674 Verum
1741 5621 1798 5674 id
1831 5621 1934 5676 abs
1971 5638 2035 5675 re

397 5716 511 5773 fuit
534 5709 816 5770 :fulmine
839 5708 1000 5763 enim
1018 5705 1305 5762 divinitus
1327 5713 1418 5764 est
1433 5708 1603 5762 ictus.
1626 5707 1885 5764 Cadaver
1905 5710 2034 5781 ejus

2148 4729 2286 4782 εἶπεν
2317 4727 2399 4782 ὅτι
2422 4726 2586 4800 Κάγὼ
2617 4725 2915 4799 ἐθεασάμην
2947 4726 3031 4781 ὅτι
3084 4729 3488 4801 παρισταμένου
3537 4733 3620 4800 τῷ
3659 4721 3771 4796 κρά-

2143 4838 2222 4872 τει
2255 4837 2349 4870 σου
2383 4820 2579 4889 χοῖρος
2614 4815 2777 4886 μέγας
2816 4813 2989 4869 ἐλθὼν
3018 4816 3107 4868 καὶ
3152 4812 3480 4890 δραξάμενός
3536 4821 3642 4888 μοῦ
3681 4816 3769 4879 τῆς

2145 4904 2382 4982 χλαίνης
2423 4902 2710 4977 κατέρῥαξέ
2772 4924 2838 4975 με
2897 4903 2971 4964 εἰς
3028 4905 3129 4972 τῆν
3181 4911 3280 4980 γῆν
3337 4904 3428 4959 καὶ
3487 4903 3772 4960 ἀνάλωσεν.

2143 4992 2435 5058 Ἐλθόιτος
2469 4991 2525 5046 δὲ
2553 4995 2650 5047 τοῦ
2684 4991 3051 5067 ὀνειροκρίτου
3105 4991 3375 5067 Πρόκλου,
3422 4995 3656 5064 ἤκουσαν
3703 4991 3778 5045 ’ὁτι

2144 5085 2232 5138 καὶ
2276 5082 2576 5158 ἀμφότεροι
2629 5083 2741 5155 μετ’
2805 5081 2870 5135 οὐ
2927 5081 3070 5136 πολὺ
3137 5082 3466 5142 τελειοῦσθε.
3536 5082 3682 5140 Ἐπεὶ
3730 5075 3781 5132 δὲ

2143 5175 2556 5252 κεχρημάτιστο
2591 5169 2678 5224 διὰ
2711 5171 2880 5246 πυρὸς
2913 5171 3071 5226 αὐτὸν
3117 5174 3218 5242 τὴν
3259 5173 3574 5244 ἀμείλικτον
3630 5171 3781 5228 αὐτοῦ

2145 5263 2330 5336 ψυχὴν
2391 5260 2716 5337 ἀπορρῆξαι,
2773 5262 2873 5329 τήν
2933 5260 2984 5314 ἐν
3043 5265 3122 5333 τῷ
3180 5261 3431 5336 παλάτίῳ
3486 5263 3780 5337 κινστέρναν

2143 5353 2242 5420 τὴν
2277 5347 2574 5424 λεγομένην
2605 5351 2834 5424 Ψυχρᾶν
2871 5348 2974 5411 ξεῖς
3033 5349 3216 5404 πολλᾶ
3274 5350 3471 5424 στόμια
3529 5349 3781 5418 διανοίξας

2145 5441 2233 5496 καὶ
2260 5437 2491 5500 κάδδους
2546 5437 2598 5492 ἐν
2657 5438 2866 5510 ἑκάστῳ
2924 5441 3004 5508 [Ρ.
3073 5440 3198 5512 363]
3259 5441 3518 5514 παραθεὶς
3573 5433 3782 5495 ἔσπευδε

2142 5533 2240 5600 τὴν
2299 5527 2558 5598 τοιαύτην
2616 5525 2739 5600 περὶ
2797 5524 2960 5579 αὐτοῦ
3036 5528 3368 5604 προφητείαν
3426 5527 3598 5603 ψευδῆ
3658 5528 3784 5582 ἆπο-

2145 5617 2332 5689 δεῖξαι.
2363 5614 2523 5672 Ἀλλ’
2561 5615 2876 5688 έματαιώθη
2941 5612 3029 5670 διὰ
3089 5623 3246 5687 κενῆς
3298 5618 3325 5671 ὁ
3387 5615 3646 5682 δείλαιος·
3701 5605 3783 5679 καὶ

2141 5709 2244 5784 γὰρ
2273 5708 2404 5780 θείῳ
2464 5708 2692 5779 σκηπτῷ
2743 5705 3098 5780 κεραυνωθεὶς
3150 5701 3494 5782 ἄμϐρόνητος
3547 5706 3783 5786 γέγονεν,
