4126 6296
1490 401 2037 465 HISTORIARUM
2081 400 2638 464 COMPENDIUM.

3705 403 3838 462 θοι

426 536 619 607 Ἐτέθη
651 533 709 591 δὲ
736 535 799 590 τὸ
832 539 993 609 σῶμα
1021 534 1184 590 αὐτοῦ
1215 531 1266 588 ἐν
1298 556 1378 606 τῳ
1398 538 1510 606 ναῷ
1538 538 1646 590 τῶν
1679 533 1878 610 Ἀγίων
1912 535 2044 590 Ἀπο

2194 535 2254 590 in
2286 536 2422 593 fano
2453 537 2856 608 apostolorum
2878 538 3214 609 depositum
3244 537 3422 605 est,in
3436 538 3582 592 cista.
3605 538 3824 608 Aquin-

421 625 662 693 στόλων,
710 624 761 680 ἐν
792 624 1016 700 λάρνακι
1075 626 1400 696 Ἀκυντιανῇ
1457 625 1554 697 (6),
1621 624 1754 696 μετὰ
1783 619 2072 696 Ἀριάδνης

421 723 524 779 τῆς
583 714 836 790 γυναικὸς
897 714 1064 768 αὐτοῦ
1120 710 1652 787 προτελευτησάσης.
1697 711 1872 775 Οὗτος
1924 710 2081 786 λέγε-

421 825 510 860 ται
549 807 750 859 καῦσαι
783 803 872 856 καὶ
903 803 969 856 τὰ
1005 797 1192 877 βιϐλία
1221 805 1320 856 τοῦ
1349 799 1756 875 χρυσαργῦρου.

498 895 786 950 Ἰουστῖνος
842 893 870 946 6
932 891 1100 968 μέγας
1173 889 1430 966 βασιλεὺς
1504 889 1790 962 Ῥωμαίων
1851 888 1944 960 ἔτη
2001 891 2068 949 θ’.

429 981 600 1044 Οὗτος
646 983 710 1051 ἦν
758 977 986 1049 εὐσεϐὴς
1038 981 1195 1055 ἀνὴρ,
1255 975 1566 1055 πρεσϐύτης
1596 980 1685 1034 καὶ
1717 979 2075 1053 πολύπειρος,

428 1073 533 1127 απὸ
564 1076 906 1146 στρατιωτῶν
940 1071 1237 1143 ἀρξάμενος
1294 1070 1382 1125 καὶ
1440 1067 1546 1129 ἓως
1601 1075 1702 1136 τῆς
1762 1065 2076 1142 συγκλήτου

424 1161 733 1236 προκόψας,
789 1159 1064 1235 Ἰλλυριὸς
1113 1164 1195 1231 τῷ
1249 1160 1412 1233 γένει’
1467 1159 1521 1212 o't
1570 1155 1627 1211 δὲ
1675 1161 1853 1231 Θρᾷκα
1884 1161 2076 1212 τοῦτον

422 1248 674 1326 λέγουσιν
731 1249 890 1305 εἶναι.
941 1251 1042 1306 Ἤν
1101 1246 1158 1302 δὲ
1213 1248 1293 1320 τῷ
1347 1248 1561 1318 σώματι
1622 1244 1874 1318 μεσῆλιξ,
1916 1247 2073 1322 εὐρὺς

415 1337 546 1402 τοὺς
603 1337 789 1412 ὤμους
846 1337 936 1392 καὶ
991 1337 1058 1392 τὰ
1125 1335 1335 1412 στέρνα,
1395 1335 1614 1396 πολιός⁶
1659 1335 1878 1405 ἐπήνθει
1909 1332 1968 1388 δὲ
1997 1339 2074 1406 τῷ

415 1428 699 1501 προσώπῳ
755 1427 921 1481 αὐτοῦ
978 1421 1196 1501 ἔρευθος
1253 1424 1510 1499 βλοσυρῷ
1561 1422 1675 1478 ὄντι
1729 1423 1821 1478 καὶ
1851 1422 2070 1480 πλατεῖ.

415 1517 585 1578 Οὗτος
642 1521 802 1572 πᾶσιν
851 1514 1071 1590 ἄριστος
1108 1513 1358 1590 ἐδείχθη,
1407 1513 1664 1584 ζηλωτής
1713 1519 1812 1582 τῆς
1845 1509 2072 1585 ὀρθοδό-

415 1607 507 1678 ξου
534 1604 768 1666 πίστεως
824 1605 914 1659 καὶ
972 1603 1023 1658 ἐν
1080 1609 1192 1665 τοῖς
1248 1602 1519 1676 πολέμοις
1580 1599 1832 1678 μεγάλως
1858 1598 2069 1656 εὐδοκι-

419 1699 557 1767 μῶν.
595 1689 841 1768 Σόμϐιον
903 1691 961 1748 δὲ
1015 1687 1158 1768 ἔχων
1220 1690 1559 1747 Λουππικίαν
1607 1689 1822 1764 ἔστεψεν
1853 1695 1930 1762 (7)
1959 1689 2065 1746 Αὐ-

413 1787 666 1857 γοῦσταν,
698 1781 766 1852 ἤν
819 1783 870 1837 οἱ
929 1780 1104 1856 δῆμοι
1163 1783 1241 1855 (8)
1299 1778 1740 1857 ἐστεφανωμένην
1774 1779 2065 1857 Εὐφημίαν

413 1869 682 1927 έκέλεσαν·
716 1871 905 1944 Τούτῳ
925 1875 1003 1944 τῷ
1032 1869 1309 1942 Ἰουστίνῳ
1338 1868 1616 1931 Εὗλάλιός
1635 1867 1852 1938 τις,ἀπὸ
1866 1865 2060 1966 ,πλου-
2091 1901 2136 1966 Β

410 1961 541 2016 σίων
570 1961 857 2034 γενόμενος
887 1959 1074 2031 πένης,
1107 1958 1158 2014 ἐν
1187 1964 1266 2031 τῷ
1297 1956 1518 2031 μέλλειν
1549 1957 1707 2012 αὐτὸν
1750 1951 2056 2012 ἀποόιῶναι

409 2047 637 2125 ἔγραψεν
682 2047 1016 2119 ἐνδιαθήκως
1058 2048 1410 2122 κληρονόμον
1456 2048 1766 2115 Ἰουστῖνον,
1821 2065 2060 2120 παρακε-

413 2140 742 2213 λευσάμενος
783 2136 924 2194 ὥστε
981 2139 1076 2199 τὰς
1125 2143 1270 2213 τρεῖς
1312 2137 1476 2192 αὐτοῦ
1517 2137 1806 2211 θυγατέρας
1861 2137 2057 2211 μικρὰς

405 2227 849 2307 καταλειφθείσας
906 2228 1200 2303 ἀναθρέψαι
1257 2228 1346 2282 καὶ
1407 2225 1749 2302 ἐκπροικίσαι
1807 2225 1897 2280 τὸν
1960 2227 2057 2299 βα-

405 2316 579 2385 σιλέα,
639 2318 730 2373 καὶ
787 2318 960 2373 πάντα
1014 2317 1180 2372 αὐτοῦ
1249 2317 1316 2370 τὰ
1373 2314 1510 2394 χρέα
1575 2311 1874 2370 ἀποδοῦναι
1939 2319 2056 2376 τοῖς

403 2404 900 2482 χρεωστουμένοις,
959 2405 1050 2460 καὶ
1106 2406 1173 2462 τὰ
1229 2410 1580 2481 γραμματεῖα
1637 2403 2054 2480 ἀναρῥύσασθαι·

399 2497 535 2570 ἅπερ
593 2494 893 2571 βασιλικῶς
941 2495 1115 2551 πάντα
1167 2496 1467 2556 Ἰουστῐνος
1518 2491 1832 2567 ἐπλήρωσε.
1891 2513 2056 2546 κατα-

401 2583 680 2657 πληξαςέν
746 2585 926 2656 τούτῳ
992 2585 1166 2639 πάντα
1231 2581 1517 2658 ἄνθρωπον
1583 2583 1678 2636 τὸν
1730 2580 2052 2636 ἀκούσαντα.

401 2673 730 2735 Βιταλιανὸς
765 2671 822 2728 δὲ
853 2674 880 2727 6
929 2671 1262 2748 προῤῥηθεῖς
1313 2669 1520 2750 σφόδρα
1562 2671 1813 2743 ᾠκειώθη
1845 2673 1922 2741 τῷ
1955 2672 2052 2742 βα-

402 2761 567 2832 σιλεῖ,
600 2760 889 2838 δρθόδοξος
939 2759 995 2816 δὲ
1044 2757 1116 2815 ὤν
1172 2756 1412 2836 Σεϐῆρον
1443 2760 1695 2835 ᾐτήσατο
1727 2761 2053 2833 καθαιρεθῆ-

403 2873 508 2908 ναι.
541 2853 714 2926 Ὅπερ
759 2851 943 2924 μαθὼν
1003 2848 1206 2912 ἔκεῖνος
1265 2850 1444 2927 φεύγει
1504 2848 1594 2902 σὺν
1657 2845 1944 2919 Ἰουλιανῷ
1972 2852 2053 2919 τῷ

408 2942 811 3016 Αλικαρνασυῦ⁹
899 2941 989 2994 καὶ
1075 2939 1153 3000 εἷς
1231 2937 1502 3013 Αἴγυπτον
1573 2936 1896 3001 ἀπελθόντες
1959 2937 2050 2991 καὶ

394 3034 485 3088 τὸν
543 3033 670 3108 περὶ
727 3035 970 3109 φθαρτοῦ
1019 3031 1110 3086 καὶ
1161 3031 1436 3110 ἀφθάρτου
1467 3031 1543 3103 (9)
1579 3028 1742 3102 λόγον
1793 3030 2052 3098 κινήσαν-

393 3144 482 3184 τες
585 3121 786 3192 ταύτην
885 3119 1159 3194 ἐτάραξαν,
1264 3118 1559 3192 Διοσκόρου
1627 3118 2050 3178 ἐπισκοποῦντος

398 3209 824 3287 Ἀλεξανδρείας.
863 3211 1206 3267 Ἐπισκόπων
1259 3207 1314 3263 δὲ
1365 3209 1472 3264 ἀπὸ
1517 3209 1738 3281 Ῥώμης
1775 3205 2044 3271 ἐλθόντων

404 3300 454 3356 δι
525 3297 824 3375 Ὀρμίσδου
899 3298 1197 3355 ἐπισκόπου
1273 3299 1496 3371 Ῥώμης
1570 3303 1638 3371 τῇ
1717 3296 2045 3352 Βιταλιανοῦ

405 3388 631 3464 σπουδῇ,
683 3385 760 3445 ἔτι
821 3393 1020 3458 ζῶντος
1078 3390 1328 3444 Ἰωαννου
1383 3391 1478 3442 τοῦ
1534 3383 1898 3443 Καππαδόκου
1928 3385 2051 3440 ἐπι-

405 3481 604 3535 σκόπου
658 3475 1309 3543 Κωνσταντινουπόλεως,
1359 3479 1458 3546 τὴν
1517 3476 1673 3550 ἁγίαν
1722 3473 1774 3529 ἔν
1816 3473 2049 3545 Χαλκη-

401 3565 516 3624 δόνι
546 3568 808 3644 τετάρτην
857 3563 1081 3622 σύνοδον
1138 3567 1274 3638 πρὸς
1336 3569 1456 3628 ταῖς
1485 3563 1684 3626 ἄλλαις
1740 3564 1885 3638 τρισὶ
1918 3585 2045 3617 συνο

397 3655 545 3721 όδοις
571 3663 697 3718 ’τοῖς
730 3655 1027 3732 διπτύχοις
1068 3653 1332 3724 συνέταξε.
1367 3648 1615 3728 Σεϐήρου
1646 3649 1703 3708 δὲ
1731 3657 1827 3707 τοῦ
1855 3650 2046 3708 δυσσε-

396 3743 527 3810 ϐοῦς
589 3743 833 3802 ἐκποδὼν
868 3745 1159 3822 γεγονότος
1221 3743 1436 3805 Παῦλος
1491 3741 1886 3817 ἐχειροτονήθη
1929 3741 2044 3796 ἐπί-

394 3858 598 3900 σκοπος
632 3834 991 3910 Ἀντιοχείας,
1026 3836 1054 3889 6
1085 3831 1374 3911 ξενοδόχος
1404 3837 1513 3888 τῶν
1557 3827 1863 3890 Εὐϐούλου.
1897 3833 1956 3890 Ὀ
1988 3830 2045 3888 δὲ

399 3925 656 4001 βασιλεὺς
728 3922 953 3980 Ξεναΐαν
1020 3925 1113 3978 τὸν
1189 3923 1278 3977 καὶ
1355 3921 1670 3994 Φιλόξενον,
1750 3920 2042 3977 ἒπὶσκοπον

391 4013 778 4093 Ἱεραπὸλεως,
881 4012 1324 4088 Μανιχαιόφρονα
1427 4008 1576 4081 ὄντα,
1676 4009 1766 4064 καί
1842 4009 2040 4086 Πέτρον

393 4103 700 4179 ’Δπαμείας
765 4100 987 4177 ἐξώρισε
1047 4099 1140 4155 σὺν
1208 4105 1336 4154 πᾶσι
1401 4105 1517 4162 τοῖς
1587 4100 1878 4174 μετέχουσι
1943 4107 2045 4168 τῆς

392 4188 584 4263 λώϐης
644 4190 844 4260 αὐτῶν,
903 4189 1194 4261 Ἀμάντιον
1253 4186 1311 4244 δὲ
1362 4189 1450 4243 τὸν
1504 4187 1862 4262 πραιπόσιτον
1909 4187 2042 4260 μετὰ

390 4283 480 4339 καὶ
539 4278 726 4337 ἄλλων
783 4282 948 4335 τινῶν
1005 4275 1289 4354 τυραννίδα
1345 4276 1740 4349 μελετήσαντας
1806 4276 2038 4334 ἀνεῖλεν.

392 4369 782 4430 Ἀνεκαλέσατο
816 4366 872 4424 δὶ
915 4369 1006 4424 καὶ
1053 4370 1251 4430 πάντας
1306 4368 1434 4430 τοὺς
1492 4363 1694 4428 ἀδίκως
1745 4366 1848 4421 ὑπὸ
1879 4367 2042 4426 Ἀνα-

398 4460 616 4516 στασίου
649 4459 1036 4534 ὲξορισθέντας.

463 4553 544 4624 [Ρ.
579 4551 704 4623 364]
759 4551 856 4620 Τῷ
913 4545 959 4602 δ’
1017 4545 1164 4618 αὐτῷ
1239 4545 1347 4603 ἔτει
1405 4545 1571 4622 ἐφάνη
1629 4545 1800 4620 ἀστὴρ
1859 4544 1910 4600 ἐν
1967 4551 2035 4621 τῇ

2194 626 2829 698 tiana,juxtaAriadnao
2851 629 3052 682 uxoris
3085 643 3456 699 corpus,quao
3475 631 3610 680 ante
3631 626 3831 697 ipsum

2188 733 2218 770 e
2249 716 2392 771 vivis
2424 723 2772 774 excesserat.
2805 719 2857 771 ls
2915 717 3262 773 Anastasius
3316 717 3504 771 fertur
3551 716 3831 788 chrysar-

2184 805 2309 877 gyri
2345 805 2548 860 tributi
2581 806 2813 861 tabulas
2845 807 3264 871 combussisse,

2253 899 2520 953 Justinus
2573 915 2824 970 magnus
2883 899 3206 970 imperator
3259 900 3660 954 Romanorum
3716 897 3829 953 fuit

2191 1003 2381 1041 annos
2413 988 2559 1054 9,vir
2587 987 2742 1058 pius,
2776 1003 2952 1042 senex
2983 1003 3050 1042 ac
3083 987 3394 1057 multiplici
3419 987 3633 1058 peritia
3678 1005 3834 1059 prm-

2183 1075 2360 1130 ditus.
2395 1077 2441 1130 Α
2472 1075 2717 1130 militari
2750 1075 2958 1130 ordine
2999 1092 3187 1146 usque
3225 1075 3300 1130 ad
3352 1077 3708 1132 senatoriam
3739 1074 3824 1130 di-

2182 1165 2465 1237 gnitatem
2497 1170 2864 1236 pervenerat.
2899 1166 3094 1220 Patria
3150 1165 3259 1219 fuit
3315 1165 3606 1237 lllyricus,
3640 1181 3822 1236 quan-

2181 1270 2358 1324 quam
2372 1252 2470 1308 alii
2482 1255 2764 1309 Thracem
2781 1253 2964 1308 fuisse
2987 1253 3590 1323 afﬁrmant.Corporis
3606 1257 3830 1307 statura

2174 1342 2291 1397 fuit
2321 1343 2626 1409 mediocri,
2653 1343 2786 1398 latis
2817 1342 3083 1396 humeris
3115 1347 3171 1397 et
3202 1348 3438 1412 pectore
3469 1340 3829 1408 canus,facie

2178 1432 2325 1486 truci
2359 1449 2426 1486 ac
2455 1432 2574 1486 lata
2604 1437 2662 1486 et
2691 1431 2907 1486 rubore
2944 1430 3181 1486 infecta.
3221 1430 3521 1501 Optimum
3555 1446 3616 1484 se
3639 1429 3826 1484 omni-

2175 1519 2287 1574 bus
2316 1519 2902 1586 demonstravit,cum
2935 1523 2993 1573 et
3022 1518 3364 1572 orthodoxa)
3387 1517 3524 1572 fidei
3555 1517 3821 1572 studeret

2176 1614 2233 1662 et
2261 1607 2416 1663 bello
2451 1625 2722 1680 magnam
2751 1609 2896 1663 637
2933 1607 3180 1680 gloriam
3211 1612 3466 1679 pararet.
3497 1606 3824 1680 Conjugem

2175 1713 2342 1753 suam
2377 1698 2716 1768 Suppiciam
2775 1696 3109 1752 diademate
3169 1703 3438 1752 ornatam
3495 1698 3820 1768 Augustam

2173 1788 2426 1854 creavit;
2481 1805 2656 1858 quam
2708 1793 3051 1843 coronatam
3111 1787 3365 1859 populus
3426 1785 3819 1858 Euphemiam

2171 1881 2396 1930 mutato
2429 1876 2672 1930 nomine
2723 1875 3059 1946 appellavit.
3096 1878 3259 1931 llunc
3313 1876 3608 1930 Justinum
3640 1875 3820 1930 Eula-

2168 1964 2283 2019 lius
2315 1964 2657 2034 quidam,de
2683 1964 2862 2019 divite
2894 1965 3676 2037 pauperfactus,moriturus
3699 1965 3814 2021 bte-

2166 2053 2370 2108 redem
2403 2058 2752 2109 testamento
2768 2054 3123 2122 nominavit;
3140 2055 3439 2127 jussitque
3474 2054 3663 2109 tribus
3684 2054 3809 2108 suis

2167 2143 2424 2212 filiabus,
2459 2160 2605 2214 quas
2635 2144 2903 2214 parvulas
2961 2143 3357 2214 relinquebat,
3391 2143 3807 2199 educationem

2164 2248 2300 2287 eum
2331 2249 2399 2288 ac
2426 2232 2625 2288 dotem
2657 2233 3164 2304 prasbere,omnia
3195 2250 3302 2288 sua
3332 2233 3532 2288 debita
3561 2233 3812 2288 credito-

2165 2322 2328 2376 ribus
2361 2321 2715 2393 persolvere,
2748 2322 2900 2376 etab
2932 2323 3006 2377 iis
3051 2322 3419 2393 syngraphas
3479 2337 3616 2376 suas
3647 2321 3808 2376 redi-

2162 2412 2490 2474 mere.Quae
2515 2411 2715 2466 omnia
2741 2411 3008 2466 Justinus
3038 2411 3201 2482 regia
3228 2410 3639 2465 muniﬁcentia
3667 2425 3807 2480 per-

2162 2498 2320 2564 fecit,
2354 2515 2570 2571 magna
2599 2499 2864 2554 omnium
2891 2499 2990 2570 qui
3023 2499 3108 2553 rei
3150 2499 3370 2554 famam
3401 2497 3812 2570 percipiebant

2161 2587 2574 2644 admiratione.
2601 2590 2750 2644 Usus
2779 2594 2867 2642 est
2893 2589 3155 2644 Justinus
3186 2588 3508 2644 admodum
3556 2588 3810 2643 familia-

2159 2678 2305 2731 riter
2339 2678 2650 2744 Vitaliano,
2684 2679 2807 2749 qui,
2840 2684 2906 2733 ut
2935 2684 3061 2734 erat
3088 2678 3474 2747 orthodoxus,
3507 2677 3664 2749 apud
3699 2678 3809 2733 im-

2161 2771 2493 2836 peratorem
2553 2766 2814 2821 instabat
2866 2765 2952 2820 uti
3011 2766 3258 2821 Severus
3315 2765 3691 2837 dejiceretur.
3731 2767 3809 2820 At

2159 2855 2405 2909 Severus
2458 2855 2568 2908 hoc
2626 2855 2892 2910 sentiens
2923 2871 3057 2908 cum
3113 2855 3346 2909 Juliano
3407 2854 3804 2910 Halicarnassi

2160 2946 2438 3016 episcopo
2467 2946 2728 3016 aufugit;
2761 2945 3063 3016 delatique
3092 2945 3153 2998 in
3187 2947 3494 3016 .Egyptum
3535 2946 3801 3015 disputa-

2157 3032 2316 3086 tione
2350 3032 2420 3086 de
2444 3032 2720 3087 interitus
2741 3037 2981 3102 experte
3013 3037 3070 3086 et
3090 3032 3356 3086 interitui
3380 3031 3637 3086 obnoxio
3660 3048 3801 3102 pro-

2157 3121 2278 3176 lata
2308 3120 2510 3176 turbas
2566 3119 2647 3174 ibi
2707 3120 3019 3176 dederunt.
3054 3122 3190 3176 Erat
3248 3126 3372 3175 tum
3435 3119 3802 3176 Alexandriae

2161 3210 2474 3282 episcopus
2507 3210 2994 3265 Dioscorue.Cum
3016 3227 3150 3264 vero
3182 3212 3366 3265 Roma
3383 3209 3456 3264 ab
3488 3208 3801 3266 Hormisda

2161 3301 2324 3356 missi
2357 3301 2619 3373 episcopi
2667 3301 2876 3372 Cpolin
2933 3301 3254 3366 venissent,
3287 3300 3562 3355 V'italiani
3601 3299 3797 3356 studio

2157 3392 2433 3446 en‘ectum
2457 3396 2870 3446 estutsacrum
2895 3392 3213 3446 concilium
3237 3391 3602 3448 Chalcedone
3628 3391 3798 3447 habi-

2156 3485 2282 3534 tum
2307 3480 2554 3551 reliquis
2576 3479 2764 3535 tribus
2789 3481 2849 3535 in
2878 3480 3306 3536 ecclesiasticos
3337 3481 3797 3536 commentarios

2154 3569 2568 3635 ascriberetur,
2586 3569 2810 3624 Joanne
2842 3570 3184 3640 Cappadoce
3213 3570 3620 3641 episcopatum
3651 3570 3797 3642 Cpo-

2152 3659 2408 3714 litanum
2438 3659 2630 3713 adhuc
2659 3664 2920 3730 gerente.
2953 3659 3162 3714 Severo
3194 3665 3390 3714 amoto
3421 3660 3641 3714 Paulus
3672 3659 3793 3715 ele-

2153 3753 2280 3802 ctus
2312 3753 2401 3802 est
2429 3747 2504 3802 ad
2533 3747 2937 3818 episcopatum
2969 3747 3293 3802 Antiochia)
3310 3748 3656 3818 gerendum,
3691 3747 3794 3818 qui

2151 3837 2316 3908 prius
2360 3836 2688 3891 Eubuliano
2745 3835 3112 3890 xenodochio
3169 3836 3502 3905 prmfuerat.
3524 3836 3792 3892 Justinus

2151 3942 2329 3996 porro
2361 3925 2668 3986 Xenaiam,
2703 3924 2804 3995 qui
2829 3931 2888 3979 et
2918 3923 3277 3978 Philoxenus
3305 3924 3542 3995 dicitur,
3576 3925 3802 3996 episco-

2152 4032 2293 4086 pum
2327 4015 2658 4085 Hieropolis
2691 4013 3146 4068 Manichaeorum
3188 4015 3502 4085 opiniones
3559 4021 3797 4071 sectan-

2153 4108 2294 4170 tem,
2315 4108 2373 4157 et
2402 4105 2640 4157 Petrum
2675 4109 2945 4174 Apamea)
2966 4102 3310 4173 episcopum
3333 4120 3660 4175 omnesque
3695 4122 3798 4177 eo-

2151 4208 2282 4246 rum
2313 4196 2632 4246 sectatores
2678 4191 2977 4262 relegavit.
3012 4192 3354 4246 Amantium
3411 4193 3795 4263 praepositum

2149 4280 2418 4351 aliosque
2447 4279 2770 4334 nonnullos
2793 4278 2865 4334 ob
2890 4281 3222 4334 affectatam
3240 4279 3392 4335 688
3417 4281 3794 4352 tyrannidem

2149 4371 2396 4424 necavit.
2432 4369 2740 4425 Revocavit
2766 4369 2946 4423 etiam
2977 4384 3184 4423 omnes
3242 4385 3392 4440 quos
3447 4369 3794 4426 Anastasius

2147 4459 2368 4531 injuste
2399 4463 2667 4514 extorres
2697 4463 2915 4531 egerat.

2221 4548 2440 4602 Eodem
2463 4565 2619 4604 anno
2651 4552 2882 4602 cometa
2906 4547 2968 4602 in
3000 4547 3240 4604 Oriente
3263 4549 3422 4606 visus
3453 4555 3562 4616 est,
3593 4549 3793 4607 radios

389 4638 660 4712 Ἀνατολῇ
715 4638 993 4708 κομήτης,
1062 4635 1119 4697 ὅς
1173 4635 1322 4714 εέχεν
1388 4636 1607 4696 ἀκτῖνας
1653 4632 2035 4708 ἒκπεμπούσας

2166 4637 2425 4692 leorsum
2451 4638 2932 4708 emittens,quem
2965 4637 3146 4692 αι’ωοί
3181 4640 3493 4711 pogoniam
3526 4657 3561 4696 a
3592 4639 3788 4697 barbas

387 4727 475 4782 ἐπὶ
505 4728 572 4782 τα
599 4725 746 4781 κάτω
793 4725 988 4798 αὐγὰς,
1049 4723 1107 4778 ’ὀν
1168 4720 1357 4797 ἔλεγον
1414 4723 1701 4798 πωγωνίαν
1735 4723 1886 4777 εἶναι·
1921 4723 2036 4799 εἶχε

392 4813 449 4869 δὲ
479 4815 663 4869 ἀκτῖνα
692 4815 904 4888 ὁρῶσαν
937 4811 1025 4866 ἐπὶ
1059 4809 1228 4868 δύσιν.
1275 4813 1367 4883 Τῷ
1418 4809 1464 4864 δ’
1516 4812 1664 4884 αὐτῷ
1695 4806 1801 4866 ἔτει
1833 4809 2034 4883 ἐδημο-

391 4902 577 4978 κράτει
614 4903 675 4956 τὸ
715 4896 932 4956 Βὲνετον
970 4901 1132 4975 μέρος
1192 4901 1328 4974 (10),
1385 4898 1437 4954 ἐν
1471 4901 1667 4962 πάσαις
1694 4905 1813 4960 ταῖς
1845 4899 2038 4955 πόλεσι

2150 4726 2541 4782 similitudine
2595 4727 2912 4798 sppellant.
2971 4725 3233 4784 Habebat
3298 4735 3496 4785 autem
3555 4729 3788 4786 radium

2147 4832 2350 4871 versus
2382 4816 2906 4872 occasum.Eodem
2939 4831 3092 4871 anno
3125 4834 3262 4888 pars
3294 4819 3514 4874 Veneta
3536 4824 3794 4891 potesta-

2151 4909 2270 4960 tem
2301 4906 2504 4977 p0puli
2537 4922 2642 4977 per
2671 4921 2877 4961 omnes
2908 4904 3086 4960 urbes
3115 4905 3421 4962 obtinebat
3464 4908 3792 4963 tumultua-

1587 5001 1954 5056 XYLANDBI
1996 4999 2077 5054 ET
2117 5003 2334 5059 GOARI
2375 5005 2597 5060 ΝΟΤίΕ.

461 5100 538 5172 (6)
574 5101 655 5154 Ex
684 5099 1036 5172 iAcyntiano
1097 5115 1405 5172 marmore
1441 5103 1606 5172 ﬂavo,
1668 5115 1739 5172 ex
1785 5099 2033 5171 Acyntio

390 5170 594 5229 monte
625 5171 701 5226 ad
730 5170 1118 5226 Chalcedonis
1162 5170 1324 5225 littus
1374 5170 1588 5226 delato.
1625 5170 2032 5242 Λάρνακανθνο

388 5246 752 5316 interpretor
779 5259 998 5312 capsum
1044 5248 1102 5297 et
1157 5243 1448 5316 tumulum,
1481 5259 1600 5316 non
1639 5245 1846 5316 cistam.
1881 5243 2037 5296 Con—

385 5313 684 5372 stantinus
716 5314 774 5368 in
803 5316 1218 5383 porphy-retico,
1241 5313 1297 5367 id
1321 5319 1410 5367 est
1441 5315 1639 5380 rubro,
1665 5314 1759 5368 hic
1787 5314 1843 5366 in
1866 5317 2033 5381 ﬂavo,

380 5388 649 5444 Justinus
688 5386 750 5440 in
781 5386 1247 5450 Prmconesiaco,
1284 5384 1342 5438 id
1383 5391 1473 5439 est
1499 5385 1642 5452 albo,
1675 5385 1940 5439 Tiberius
1974 5385 2033 5438 in

379 5462 610 5531 prasino
642 5473 938 5531 marmore
972 5457 1136 5511 fuere
1168 5456 1433 5531 repositi.
1467 5459 1639 5511 Goxa.

452 5533 529 5601 (7)
562 5530 832 5585 Justinus
883 5544 1130 5601 uxorem
1180 5526 1397 5601 celebri
1448 5544 1664 5601 pompa
1715 5543 2031 5601 coronasse

383 5598 613 5672 primus
663 5601 900 5673 legitur.
955 5598 1365 5673 Coronationis
1412 5599 1592 5673 ritum
1641 5598 1823 5673 habes
1877 5599 2032 5670 apud

384 5670 668 5730 Codicum
699 5670 749 5729 cI
781 5687 924 5741 xvn,
955 5676 1013 5726 et
1042 5671 1103 5724 in
1123 5670 1478 5742 Euchologio
1507 5675 1730 5726 nostro.
1765 5671 1939 5725 Goxn.

2216 5101 2292 5176 (_8)
2322 5103 2576 5176 Numero
2609 5101 3010 5176 multitudinis
3032 5118 3151 5156 non
3164 5103 3449 5176 populum
3475 5105 3784 5176 gregatim,

2147 5173 2249 5247 sed
2282 5173 2470 5227 varias
2487 5173 2984 5247 populifactiones
3008 5178 3320 5247 partesque
3348 5175 3407 5229 in
3430 5173 3786 5247 ludis,pom4

2146 5243 2257 5316 pis,
2293 5243 2680 5316 conventibus
2706 5243 2978 5316 publicis
3011 5243 3133 5316 sibi
3157 5243 3407 5300 invicem
3468 5263 3572 5316 pro
3605 5243 3782 5305 variis

2143 5315 2442 5389 coloribus
2473 5314 2689 5384 quibus
2710 5313 3183 5389 ise_ornabanti_n
3209 5316 3368 5389 varia
3398 5313 3635 5389 quoque
3665 5326 3786 5376 stu-

2143 5385 2236 5440 dia
2265 5401 2715 5462 no_n_nunquam_
2753 5385 3061 5462 abeuntes.
3093 5385 3511 5462 significathe
3540 5385 3786 5462 quibus

2145 5457 2419 5510 nonnihil
2461 5473 2636 5526 supra
2667 5460 2724 5510 et
2755 5456 2908 5510 infra
2932 5456 3251 5526 copiosius.
3287 5461 3462 5514 Goxn.

2214 5528 2290 5595 (9)
2325 5526 2462 5580 Vide
2489 5527 2729 5597 Niceph.
2763 5544 2917 5590 xvm,
2945 5529 3035 5581 45.
3070 5526 3208 5581 Χη.

2211 5599 2470 5676 (tO)_Hoc
2525 5603 2801 5676 est,pars
2831 5600 3070 5676 [cncta
3127 5615 3317 5676 supra,
3362 5603 3623 5676 reliquas
3656 5613 3773 5664 tres

2141 5669 2441 5727 eminebat
2467 5675 2844 5742 potestate,et
2873 5669 3177 5726 Prasinam
3202 5669 3321 5728 sibi
3351 5669 3583 5748 srmper
3601 5695 3782 5736 aemu-
