4124 6312
381 376 502 444 697

387 603 652 669 Κιλικίας
682 607 900 678 ἐπτώθη
965 608 1067 663 ὑπὸ
1124 611 1349 682 σεισμοῦ
1405 603 1809 686 φοϐερωτάτου.
1868 610 1964 680 Τῷ
1996 604 2044 661 δ’

384 696 535 767 αὖτῷ
563 691 670 750 ἔτει
701 695 1097 768 κατεποντίσθη
1149 695 1402 768 Ἔδεσσα,
1460 697 1626 761 πόλις
1683 696 1894 772 μεγάλη
1953 695 2044 751 καὶ

386 779 739 859 περιϐόητος,
775 780 863 840 διὰ
892 790 990 841 τοῦ
1022 783 1217 848 ὕδατος
1245 791 1342 842 τοῦ
1394 783 1557 859 μὲσον
1591 785 1759 855 αὐτῆς
1819 782 2044 860 διερχο-

393 873 557 948 μένου
587 873 824 949 Σκίρτου
856 876 970 948 (12)
999 880 1274 949 ποταμοῦ,
1317 875 1378 938 ’ὸς
1407 872 1829 949 πλημμυρήσας
1889 870 2046 943 δίκην

388 961 667 1035 θαλάσσης
694 964 824 1026 τοὺς
867 962 1054 1027 οἴκους
1087 965 1180 1020 σὺν
1207 969 1327 1027 τοῖς
1385 963 1596 1021 οἷ’κοῦσι
1655 950 1831 1039 σύρων
1891 961 2043 1016 ἐπόν-

354 1066 523 1110 ’τισε.
556 1052 732 1132 Λόγος
761 1051 820 1108 δὲ
867 1051 1011 1109 ἐστιν
1063 1053 1145 1109 δτι
1192 1053 1285 1109 καὶ
1344 1051 1549 1108 ἄλλοτε
1604 1055 1768 1108 τοῦτο
1827 1050 2041 1128 γέγονε.

387 1140 541 1199 Meti
571 1139 627 1198 δὲ
653 1144 717 1199 τὸ
745 1147 947 1199 παῦσαι
977 1144 1047 1199 τὰ
1077 1141 1245 1199 ὕδατα
1297 1142 1489 1219 εὑρέθη
1541 1142 1682 1212 πλάξ
1743 1139 1928 1211 λιθίνη
1992 1138 2043 1195 ἐν

385 1233 457 1304 τῇ
517 1230 659 1308 ὄχθῃ
712 1237 809 1289 τοῦ
861 1238 1156 1307 ποταμοῦ,
1216 1230 1575 1312 γεγραμμένη
1636 1231 2045 1307 ἱερογλυφικοῖς

387 1321 708 1398 γράμμασιν
740 1322 939 1378 οὓτων.
972 1321 1200 1397 Σκίρτος
1241 1322 1493 1395 ποταμὸς
1558 1320 1849 1395 σκαρτήσει
1906 1319 2045 1372 κακά

387 1411 735 1483 σκιρτήματα
759 1409 1036 1471 πολίταις.
1074 1408 1269 1466 Πολλᾶ
1299 1407 1357 1465 δὲ
1413 1409 1683 1485 παρεσχεν
1719 1409 1750 1463 6
1785 1405 2045 1483 βασιλεὺς

386 1500 690 1564 Ἰουστῖνος
747 1498 825 1563 εἲς
904 1499 1196 1556 ἀνανέωσιν
1254 1499 1589 1579 ἀμφοτέραις
1639 1501 1761 1561 ταῖς
1824 1494 2041 1552 πόλεσι.

386 1586 483 1661 Τῷ
513 1586 561 1643 δ’
591 1590 740 1662 αὖτῷ
769 1588 874 1645 ἔτει
908 1590 1077 1666 ἐφάνη
1109 1591 1248 1665 γυνή
1296 1610 1381 1652 τις
1407 1586 1468 1644 ἐκ
1520 1594 1624 1657 τῆς
1681 1583 1935 1648 Κιλικίας
1966 1607 2047 1661 γι-

386 1680 744 1754 γαντογενὴς,
785 1678 1126 1755 ὑπερέχουσα
1177 1682 1247 1753 τῇ
1276 1675 1473 1751 ἡλικίᾳ
1530 1678 1703 1733 πάντα
1758 1674 2041 1751 ἄνθρωπον

386 1763 599 1822 τέλειον
632 1775 820 1842 πῆχυν
846 1764 960 1837 ἕνα,
1022 1765 1113 1823 καὶ
1162 1766 1397 1823 πλατεῖα
1453 1763 1680 1846 σφόδρα.
1742 1764 2046 1840 Γυρεύουσα

387 1852 446 1910 δὲ
491 1856 591 1919 τὰς
646 1855 838 1918 πόλεις
906 1852 1184 1930 ἐλάμϐανε
1245 1858 1383 1911 κατὰ
1437 1854 1794 1931 ἐργαστήριον
1845 1851 2072 1933 φόλλιν-

398 1943 545 2017 μίαν.
585 1947 727 2003 Τότε
753 1946 844 2001 καὶ
900 1946 1074 2021 ἀστὴρ
1133 1945 1300 2018 ἐφάνη
1363 1944 1414 2000 ἐν
1465 1944 1680 2020 οὐρανῷ
1732 1942 1913 1999 ἐπάνω
1941 1941 2045 2010 τῆς

393 2033 611 2112 χαλκῆς
641 2034 823 2106 πύλης
851 2035 948 2091 τοῦ
986 2035 1279 2106 παλατίου,
1310 2034 1515 2115 φαίνων
1572 2033 1662 2089 ἐπὶ
1713 2031 1927 2108 ἡμέρας
1953 2033 2046 2087 καὶ

391 2127 584 2190 νύκτας
611 2128 712 2191 κς’.
746 2126 945 2202 Γέγονε
975 2123 1034 2181 δὲ
1084 2125 1177 2181 καὶ
1242 2124 1467 2198 σεισμὸς
1525 2118 1924 2203 φοϐερώτατος,
1959 2121 2046 2200 ὑφ’

394 2214 458 2271 οὗ
496 2217 567 2289 τῇ
602 2214 696 2290 μὲν
748 2212 1323 2271 Κωνσταντινουπόλει
1380 2213 1432 2270 ἐν
1487 2210 1771 2291 διαφόροις
1828 2211 2043 2284 τόποις,

390 2311 458 2376 τῆ
495 2302 552 2360 δὲ
581 2303 888 2381 Ἀντιοχείᾳ
918 2306 1172 2385 συμφορὰ
1210 2300 1606 2379 ἀνεκδιήγητος
1660 2311 2039 2377 προεμηνυθη.

388 2397 468 2469 Τῇ
497 2394 599 2471 γὰρ
629 2395 861 2470 τετάρτῃ
891 2398 989 2449 τοῦ
1036 2388 1373 2469 Ὀκτωϐρίου
1427 2392 1600 2465 μηνὸς
1654 2392 1721 2447 τὰ
1775 2388 2045 2466 προοίμια

386 2490 490 2554 τῆς
517 2485 616 2539 τοῦ
650 2487 786 2539 Θεοῦ
809 2484 978 2559 ὀργῆς
1011 2481 1246 2553 ἐπῆλθεν
1279 2482 1417 2557 αὐτῇ
1448 2479 1519 2537 δι’
1571 2481 1921 2556 ἐμπρησμῶν
1953 2480 2045 2536 καὶ

396 2577 652 2646 σεισμῶν,
682 2572 743 2627 ὃς
779 2570 1139 2647 ἐμπορησμὸς
1176 2570 1333 2645 μέσον
1376 2578 1477 2641 τῆς
1533 2570 1750 2633 πόλεως
1809 2568 2043 2647 ἒγένετο,

393 2661 484 2717 καὶ
516 2661 777 2737 ἐκράτησε
807 2660 895 2717 ἐπί
926 2661 1137 2738 ἡμέρας
1189 2662 1253 2725 ς’.
1313 2662 1415 2719 Καὶ
1468 2659 1699 2730 ἐκάησαν
1733 2658 1884 2716 οἶκοι
1913 2656 2048 2715 πολ-

396 2750 510 2820 λοὶ,
540 2751 631 2807 καὶ
664 2751 923 2816 ἀπέθανον
956 2749 1083 2807 λαοὶ
1112 2748 1342 2820 πολλοὶ,
1373 2749 1461 2806 καὶ
1519 2746 1696 2812 οὐδεὶς
1754 2743 1897 2825 ἔγνω
1952 2749 2050 2803 πό-

404 2839 582 2895 θεντὸ
637 2844 743 2917 πῦρ
802 2839 1115 2896 ἆνάπτεται’
1173 2842 1434 2896 τοσοῦτον
1500 2838 1601 2915 γάρ
1662 2838 1707 2908 ἡ
1753 2837 1893 2913 ὀργὴ
1950 2839 2046 2891 τοῦ

383 2931 527 2984 Θεοῦ
553 2928 785 3000 ἐπῆλθεν
814 2927 899 2984 ἐπ’
936 2928 1247 3004 αὐτῇνῶστε
1302 2929 1581 2998 πτωθῆναι
1640 2923 1838 3005 σχεδὸν
1871 2928 2042 2980 πᾶσαν

379 3018 480 3087 τὴν
509 3017 674 3074 πόλιν
701 3018 791 3073 καὶ
819 3017 987 3096 τάφον
1033 3022 1140 3073 τῶν
1199 3017 1504 3092 οἰκητόρων
1558 3016 1824 3092 γενέσθαι.
1881 3013 2044 3076 Τινᾶς

385 3104 922 3184 δὶκαταχωσθὲντας
974 3106 1064 3163 καὶ
1123 3103 1203 3164 ἔτι
1233 3111 1438 3178 ζῶντας
1498 3107 1602 3164 ὑπὸ
1630 3107 1729 3177 τὴν
1788 3112 1893 3181 γῆν
1938 3107 2046 3180 πῦρ

384 3194 601 3267 ἐξελθὸν
640 3196 700 3252 ἐκ
721 3202 823 3269 τῆς
878 3203 982 3274 γῆς
1042 3195 1354 3272 κατέφλεξε.
1414 3195 1519 3251 Καὶ
1575 3192 1757 3270 ἕτερον
1817 3192 1928 3268 πῦρ
1977 3191 2038 3246 ἐκ

386 3290 484 3341 τοῦ
540 3284 697 3361 ἀέρος
752 3287 826 3349 ὡς
882 3288 1172 3362 σπινθῆρες
1237 3286 1558 3362 κατήρχετο
1608 3284 1701 3341 καὶ
1758 3285 2034 3341 κατὲκαιεν

400 3373 581 3450 ὣσπερ
623 3372 873 3451 ἀστραπὴ
929 3376 1061 3439 τοὺς
1124 3373 1561 3451 εὑρισκομένους.
1618 3372 1853 3433 Ἐσείετο
1920 3370 2041 3445 δὲὴ

397 3469 468 3540 γῆ
501 3461 583 3521 ἐπ’
606 3463 847 3522 ἐνιαυτὸν
874 3462 987 3522 ἕνα.

463 3572 557 3643 Τῷ
587 3573 635 3627 θ’
664 3568 771 3628 ἔτει
815 3576 918 3628 τοῦ
978 3576 1205 3648 σεισμοῦ
1260 3571 1681 3651 ἐπικρατοῦντος
1737 3573 2042 3652 Εὖφράσιος

392 3660 421 3715 6
453 3658 747 3725 ἐπίσκοπος
775 3661 1118 3743 Ἀντιοχείας
1151 3662 1256 3719 ὑπὸ
1283 3666 1385 3720 τοῦ
1434 3667 1658 3737 σεισμοῦ
1713 3664 2039 3742 κατεχώσθη

391 3746 479 3803 καὶ
509 3745 757 3820 ἀπέθανε,
787 3748 877 3805 καὶ
931 3753 1036 3811 πᾶς
1094 3750 1240 3813 οἶκος
1297 3750 1387 3805 καὶ
1444 3749 1712 3822 ’ἐκκλησία
1762 3751 2039 3821 κατέπεσε,

386 3835 568 3893 καὶτὸ
597 3833 806 3900 κάλλος
846 3844 946 3908 τῆς
992 3837 1210 3900 πό)εως
1248 3837 1542 3915 ἠφανίσθη·
1597 3840 1666 3896 οὗ
1722 3839 1822 3916 γὰρ
1854 3840 2040 3918 γέγονε

386 3924 614 3998 τοιαότη
646 3925 908 4001 θεομηνία
936 3925 989 3982 ἐν
1031 3926 1177 4004 ἄλλη
1210 3927 1372 3984 πόλει
1429 3927 1480 3985 ἐν
1534 3930 1732 3995 πάσαις
1785 3934 1906 3994 ταῖς
1958 3952 2041 4008 γε·

384 4017 549 4087 νερῖς.
583 4011 807 4078 Πολλὰς
839 4014 933 4088 μὲν
968 4011 1059 4070 οὖν
1109 4010 1316 4090 ἀνδρῶν
1374 4016 1463 4071 καὶ
1515 4021 1787 4093 γυναικῶν
1844 4017 2043 4094 μυριά-

384 4100 501 4173 δας,
527 4100 712 4166 πλλὰς
747 4102 805 4159 δὲ
853 4100 1061 4159 παίδων
1093 4104 1180 4160 καὶ
1212 4109 1445 4182 νεογνῶν
1502 4104 1554 4161 ἐν
1608 4104 1779 4182 λόγου
1830 4107 1973 4178 τάξει
2002 4109 2037 4178 ἡ

386 4196 495 4248 τῶν
526 4191 958 4271 κατενεχθέντων
999 4190 1462 4271 οἰκοδομημάτων
1519 4192 1627 4267 ίὶλη
1686 4194 2039 4253 καλύπτουσα

389 4322 407 4341 .
441 4322 457 4339 .
487 4326 500 4340 .
537 4326 551 4341 .
588 4327 603 4354 ,
632 4283 727 4339 καὶ
757 4281 918 4346 τέλος
942 4287 1105 4341 τοῦτο
1134 4286 1234 4353 τὴν
1268 4283 1440 4347 οὕτως
1473 4278 1913 4360 ὀνομαστοτάτην
1946 4287 2037 4343 καὶ

389 4368 609 4450 εὔχαριν
642 4366 807 4428 ἔλαϐε
858 4371 1043 4444 πόλιν,
1099 4371 1267 4449 ἤνπερ
1325 4370 1405 4448 ἐρῖ
1462 4373 1812 4440 ὀκτακοσίους
1864 4376 2035 4433 ἐνιαυο

384 4461 511 4524 τοὺς
571 4467 834 4518 συστᾶσαν
890 4460 941 4534 ἒξ
1002 4462 1167 4539 οὗπερ
1226 4463 1397 4534 αὐτὴν
1457 4462 1721 4528 Σέλευκος
1750 4467 1779 4521 6
1817 4470 2036 4543 πρῶτος

379 4546 611 4622 ἓκτισεν,
640 4550 727 4606 ἐπὶ
758 4555 827 4625 τῇ
860 4550 1207 4628 προσηγορίᾳ
1231 4555 1329 4608 τοῦ
1376 4553 1582 4629 πατρὸς
1633 4553 1797 4611 αὐτοῦ
1828 4555 2036 4613 Ἀντιό-

383 4659 540 4717 χειαν
594 4622 869 4700 ἐκάλεσεν.
903 4622 1316 4717 τ’Δγγίελθέντος
1380 4639 1438 4698 δὲ
1488 4622 1588 4698 τοῦ
1642 4644 1848 4710 πάθους
1878 4645 1906 4700 6
1934 4646 2030 4720 μὲν
2060 4622 2113 4694 Β

389 4728 646 4804 βασιλεὺς
680 4729 935 4807 μεγάλως
975 4728 1193 4807 ἤλγησε
1244 4734 1344 4802 τὴν
1376 4734 1582 4809 ψυχὴν,
1640 4736 1730 4790 καὶ
1780 4734 2033 4812 ῥίψαςτό

386 4816 631 4893 διάδημα
684 4821 775 4877 καὶ
831 4822 932 4891 τήν
988 4821 1267 4897 πορφύραν
1324 4821 1532 4879 ἐπένθει
1591 4821 1644 4878 ἐν
1700 4824 1884 4898 σάκκῳ
1940 4826 2032 4882 καὶ

385 4905 574 4982 σποδῷ
598 4909 806 4985 ἡμέρας
831 4908 1069 4983 πολλὰς,
1089 4912 1179 4966 καὶ
1211 4910 1264 4968 ἐν
1294 4916 1365 4987 τῇ
1415 4912 1584 4988 ἑορτῇ
1612 4909 1669 4968 δὲ
1699 4912 1869 4979 λιτῶς
1921 4914 2030 4971 εἶσ-

383 4998 555 5069 ἧ-λθον
581 4998 658 5063 εἰς
686 5002 792 5072 τήν
819 4998 1136 5072 ἐκκλησίαν,
1168 5002 1253 5076 [Ρ.
1287 5005 1413 5072 366}
1465 5003 1541 5076 μή
1599 5002 2029 5080 καταδεξάμενος

381 5088 605 5166 φορέσαι
635 5092 948 5166 σήμαντρον
984 5089 1267 5167 βασιλικὸν
1317 5091 1378 5147 τὸ
1435 5091 1670 5152 οίονοῦν.
1703 5093 1885 5153 Ἀλλὰ
1940 5098 2030 5153 καὶ

376 5180 575 5243 πάντες
634 5179 686 5235 οἱ
746 5179 798 5235 ἐν
851 5183 939 5254 τῇ,
976 5178 1135 5236 πόλει
1187 5180 1343 5259 φαιὰν
1416 5180 1621 5253 στολήν
1678 5182 2031 5260 ἐνδυσάμενοι

375 5268 653 5344 πανδημεὶ
681 5270 759 5333 εἷς
802 5271 867 5326 τὸ
923 5272 1028 5346 πρὸ
1082 5277 1182 5341 τῆς
1239 5270 1456 5335 πόλεως
1515 5271 1703 5330 πεδίον
1747 5275 1883 5332 ἐπτᾶ
1935 5299 2030 5349 ση-

1453 378 2005 448 EISTORIARUM
2048 380 2604 447 OOMPENDIUM.

457 519 544 591 [P.
579 500 708 593 365]
737 517 831 589 Τῷ
863 518 904 588 ζ’
932 512 1040 574 ἔτει
1071 498 1402 595 ’Ᾱνάςαρϐος
1459 520 1807 594 μητρόπολις
1839 519 1884 594 β’
1937 522 2040 587 τῆς
2071 520 2122 588 Α

3675 379 3801 446 698

2225 518 2483 592 Septimo
2503 536 2659 577 anno
2680 520 3039 592 Anazarbus,
3064 518 3327 576 secunda
3347 517 3564 574 Giliciaa
3581 519 3809 573 metro-

2153 609 2330 680 polis,
2354 614 2526 664 terrae
2547 614 2714 666 motu
2734 611 3057 666 saavissimo
3080 614 3393 683 prostrata.
3415 607 3635 663 Eodem
3651 621 3806 661 anno

2153 697 2393 767 Edessa,
2425 712 2641 772 magna
2672 704 2849 771 atque
2879 699 3131 755 celebris
3161 699 3322 769 urbs,
3351 697 3571 753 diluvio
3632 695 3806 752 Scirti

2155 788 2368 855 amnis,
2403 786 2503 859 qui
2532 805 2640 861 per
2661 805 2791 845 eam
2850 788 3133 856 decurrit,
3193 788 3413 844 afﬂicta
3471 790 3576 842 est.
3629 782 3804 840 Maris

2154 876 2315 931 enim
2348 877 2538 932 instar
2565 877 2723 933 040
2753 877 2854 933 ille
2900 877 3206 934 exundans
3255 877 3459 932 domos
3498 888 3617 931 una
3664 888 3801 929 cum

2157 964 2629 1023 inhabitantibus
2685 966 2944 1039 abripuit
3002 972 3179 1037 atque
3237 965 3575 1021 submersit;
3636 963 3800 1019 Alias

2159 1071 2394 1126 quoque
2426 1055 2582 1110 idem
2615 1056 2902 1111 accidisse
2932 1055 3139 1111 fertur.
3174 1055 3323 1111 Sane
3367 1053 3588 1109 diluvio
3633 1052 3803 1109 ﬁnito

2154 1142 2216 1197 in
2242 1143 2372 1215 ripa
2401 1145 2596 1200 amnis
2644 1144 2884 1200 inventa
2939 1150 3029 1200 est
3076 1142 3312 1215 lapidea
3348 1141 3569 1212 tabula,
3623 1141 3802 1212 inque

2156 1248 2286 1287 eam
2317 1233 2603 1306 inscripta
2636 1232 2762 1290 haac
2788 1232 3248 1305 hieroglyphicis
3286 1231 3524 1298 litteris,
3579 1229 3804 1285 Scirtus

2154 1322 2349 1377 amnis
2380 1321 2619 1379 saltabit
2644 1323 2803 1378 malo
2861 1323 3076 1378 civium
3107 1338 3120 1376 :
3151 1336 3291 1376 nam
3345 1319 3540 1376 amnis
3589 1332 3808 1373 nomen

2154 1411 2353 1467 Graaco
2386 1428 2660 1468 sermone
2691 1412 2765 1469 ad
2825 1412 3201 1468 saltationem
3250 1407 3482 1465 alludit.
3536 1407 3801 1463 Justinus

2153 1500 2409 1556 multum
2439 1500 2675 1573 utrique
2705 1500 2837 1556 urbi
2869 1501 2944 1556 ad
2974 1499 3467 1555 instaurationem
3526 1494 3800 1552 contulit.

2152 1588 2373 1646 Eodem
2406 1606 2560 1648 anno
2593 1591 2715 1646 visa
2745 1596 2835 1647 est
2861 1591 3132 1663 quaedam
3162 1589 3372 1645 Cilissa
3425 1586 3664 1655 mulier,
3714 1586 3803 1658 gi-

2153 1684 2398 1752 gantum
2430 1681 2683 1752 generis,
2726 1681 2985 1754 cujusvis
3043 1678 3292 1752 perfecti
3348 1677 3456 1733 viri
3515 1681 3803 1732 staturam

2155 1769 2354 1824 cubito
2386 1769 2701 1836 excedens,
2759 1766 3203 1840 admodumque
3255 1766 3391 1823 lata.
3444 1769 3528 1822 Ea
3577 1765 3804 1821 circum

2155 1858 2333 1913 urbes
2362 1858 2748 1930 proﬁciscens
2780 1875 2851 1914 ex
2881 1858 3123 1914 officina
3151 1858 3357 1928 quavis
3384 1855 3588 1912 follem
3649 1858 3805 1923 (mo-

2146 1953 2307 2002 neta)
2338 1963 2522 2020 genus
2551 1947 2664 2003 hoc
2692 1949 2800 2019 est)
2830 1947 3174 2020 accipiebat.
3209 1946 3393 2002 Stella
3413 1959 3651 2017 quoque
3673 1948 3798 1999 tum

2153 2036 2214 2092 in
2246 2037 2392 2093 cmlo
2430 2039 2725 2110 apparuit,
2780 2053 2960 2110 supra
3016 2054 3230 2092 aeream
3279 2035 3483 2107 palatii
3539 2037 3797 2106 portam,

2153 2127 2468 2183 continuas
2488 2128 2615 2183 dies
2631 2133 2957 2199 noctesque
2980 2126 3182 2198 viginti
3203 2142 3307 2181 sex
3334 2125 3583 2196 fulgens.
3603 2124 3796 2178 Terrm

2153 2221 2349 2271 motus
2366 2232 2602 2287 quoque
2621 2217 2888 2288 apprime
2913 2215 3245 2271 horrendus
3258 2213 3497 2284 fuit,qui
3522 2207 3799 2282 etholin

2157 2305 2406 2361 diversis
2434 2305 2582 2361 locis
2612 2305 2767 2361 laesit
2797 2310 2854 2362 et
2882 2305 3213 2360 Antiochia
3241 2301 3607 2359 ineffabilem
3646 2299 3804 2356 cala-

2153 2394 2421 2450 mitatem
2454 2394 2849 2452 denuntiavit.
2909 2395 3127 2460 Quarto
3179 2392 3343 2448 enim
3389 2392 3487 2447 die
3529 2388 3802 2445 Octobris

2152 2483 2449 2556 principia
2480 2482 2583 2539 iraa
2632 2483 2845 2540 divinas
2901 2483 3110 2539 urbem
3170 2497 3303 2538 eam
3360 2480 3798 2551 corripuerunt,

2153 2577 2325 2628 terra;
2349 2578 2547 2629 motus
2572 2579 2750 2645 atque
2771 2572 3135 2629 incendium.
3159 2570 3225 2626 Id
3244 2569 3445 2627 media
3460 2568 3606 2624 urbe
3637 2581 3802 2623 σκοτ-

2152 2666 2279 2717 tum
2312 2661 2543 2718 duravit
2570 2661 2694 2717 dies
2725 2676 2829 2718 sex
2858 2662 3197 2733 multasque
3218 2656 3798 2716 domoset'homines

2151 2749 2522 2823 absumpsit;
2558 2766 2758 2823 neque
2813 2752 2963 2808 scire
3019 2751 3335 2822 quisquam
3392 2747 3587 2820 potuit
3639 2745 3798 2801 unde

2154 2838 2283 2911 ejus
2312 2840 2524 2896 fuisset
2553 2840 2808 2896 initium.
2843 2841 2987 2896 Tum
3025 2838 3129 2895 Dei
3157 2840 3247 2893 ira
3276 2838 3359 2893 ita
3386 2837 3595 2893 urbem
3653 2850 3802 2891 con-

2151 2930 2335 2985 cussit
2365 2935 2430 2984 ut
2457 2946 2609 3002 pene
2638 2936 2764 2986 tota
2793 2929 3084 2987 corruerit
3111 2946 3178 2985 ac
3209 2928 3424 2985 civium
3455 2925 3797 2998 sepulcrum

2148 3017 2304 3075 facta
2328 3020 2425 3076 sit.
2456 3018 2750 3085 Quosdam
2781 3019 3026 3075 obrutos
3054 3022 3231 3088 terra,
3265 3022 3324 3072 et
3361 3014 3554 3072 adhuc
3598 3015 3796 3070 viven-

2152 3112 2261 3178 tes,
2287 3109 2439 3182 ignis
2471 3124 2541 3165 ex
2561 3114 2721 3165 terra
2753 3110 2957 3165 exiens
2978 3107 3278 3164 cremavit.
3313 3105 3479 3160 Alius
3535 3103 3691 3177 ignis
3720 3114 3790 3158 ex

2095 3255 2111 3283 ‘
2151 3214 2287 3254 aere
2316 3199 2508 3256 instar
2535 3198 2924 3256 scintillarum
2955 3196 3195 3267 decidit,
3221 3202 3279 3254 et
3298 3213 3447 3269 quos
3478 3196 3790 3268 attigisset,

2148 3286 2417 3345 fulminis
2447 3290 2512 3345 in
2541 3305 2771 3346 morem
2799 3288 3144 3346 combussit.
3179 3289 3415 3344 Annum
3473 3284 3577 3342 ille
3616 3289 3790 3342 terrae

2147 3383 2346 3435 motus
2374 3378 2624 3436 duravit.

2219 3584 2389 3637 Anno
2422 3597 2605 3652 nono,
2636 3586 2810 3638 terra;
2840 3585 3004 3637 motu
3047 3580 3374 3650 obtinente,
3427 3574 3792 3651 Euphrasius

2144 3670 2476 3726 Antiochiae
2508 3671 2819 3744 episcopus
2850 3668 2995 3727 04]
3037 3687 3104 3727 eo
3148 3669 3396 3725 obrutus
3444 3667 3610 3735 obiit,
3664 3683 3797 3722 om-

2144 3776 2370 3832 nesque
2400 3759 2558 3816 aedes
2580 3764 2638 3816 et
2660 3760 2879 3832 templa
2901 3764 3276 3827 corruerunt,
3298 3758 3584 3831 urbisque
3613 3755 3794 3812 decor

2143 3849 2339 3922 periit.
2373 3849 2460 3905 Ab
2488 3850 2653 3906 omni
2690 3850 3000 3905 hominum
3059 3848 3348 3905 memoria
3395 3836 3517 3903 non
3566 3844 3793 3903 exstitit

2144 3943 2309 3997 tanta
2335 3940 2438 3997 irae
2470 3940 2572 3996 Dei
2603 3940 2667 3996 in
2699 3938 2906 3996 urbem
2937 3939 3199 4011 aliquam
3245 3939 3550 4014 grassatio.
3610 3937 3792 3994 Multa

2141 4028 2424 4092 virorum,
2456 4028 2799 4099 mulierum,
2832 4046 3154 4102 puerorum
3185 4034 3243 4085 et
3272 4027 3569 4085 infantum
3598 4027 3790 4084 millia

2142 4117 2314 4175 collis
2333 4118 2524 4183 instar
2544 4126 2885 4176 coacervata
2910 4124 3335 4191 prostratarum
3352 4119 3667 4174 domorum
3681 4135 3792 4174 ma.

2145 4207 2324 4263 teries
2353 4206 2677 4279 operiebat.
2706 4209 2872 4263 Hunc
2903 4206 3128 4264 exitum
3146 4208 3354 4264 habuit
3375 4208 3518 4264 urbs
3539 4207 3790 4263 nobilis-

2142 4296 2294 4352 sima
2323 4300 2500 4366 atque
2532 4292 2995 4370 eIegantissima,
3029 4314 3159 4368 qum
3190 4296 3263 4354 ab
3294 4303 3426 4352 ortu
3472 4313 3602 4365 suo,
3653 4310 3788 4353 cum

2141 4400 2274 4442 eam
2304 4384 2585 4442 Seleucus
2610 4386 2840 4459 primus
2867 4376 3134 4444 condidit
3160 4404 3226 4443 ac
3248 4382 3319 4443 de
3340 4386 3524 4460 patris
3544 4386 3788 4442 nomine

2136 4472 2511 4531 Antiochiam
2545 4472 2885 4547 appellavit,
2914 4474 2993 4531 ad
3019 4478 3123 4531 800
3153 4492 3342 4532 annos
3372 4480 3634 4532 steterat.
3669 4476 3789 4529 An-

2138 4562 2413 4620 nuntiata
2442 4563 2552 4620 hac
2583 4562 2750 4620 clade
2781 4565 3107 4637 imperator
3125 4565 3471 4638 gravissime
3499 4562 3788 4630 indoluit;

2141 4652 2235 4725 abj
2247 4653 2510 4725 ectisque
2542 4653 2879 4711 diademate
2902 4659 2961 4710 et
2979 4672 3438 4727 purpura,sacco
3462 4655 3707 4711 indutus
3736 4658 3795 4709 et

2142 4743 2339 4799 cinere
2370 4758 2732 4815 conspersus
2754 4759 2863 4815 per
2900 4743 3120 4799 multos
3151 4743 3278 4800 dies
3308 4743 3499 4811 luxit;
3531 4758 3599 4800 ac
3640 4738 3790 4809 εοειο

2142 4833 2321 4897 etiam
2347 4832 2443 4889 die
2474 4832 2574 4887 vili
2606 4831 2816 4889 habitu
2847 4832 3136 4906 templum
3186 4833 3344 4901 iniit,
3392 4830 3635 4901 nullum
3678 4832 3792 4886 im-

2140 4923 2291 4995 perii
2323 4923 2558 4996 signum
2586 4927 2817 4996 gestare
2850 4923 3171 4980 sustinens.
3204 4922 3397 4979 Sedet
3422 4923 3616 4995 quiin
3641 4921 3790 4977 urbe

2142 5017 2312 5068 erant
2341 5012 2621 5082 universi,
2644 5011 2854 5083 pullati
2886 5028 2994 5084 per
3019 5017 3246 5085 septem
3272 5012 3399 5068 dies
3418 5013 3480 5066 in
3511 5024 3790 5082 campum

2142 5101 2243 5174 qui
2275 5100 2350 5157 ad
2381 5102 2701 5181 septimum
2732 5100 2993 5173 lapidem
3019 5102 3092 5159 ab
3138 5101 3292 5157 urbe
3330 5100 3515 5157 dietat
3563 5096 3791 5171 suppli-

2141 5191 2314 5248 candi
2345 5207 2524 5247 causa
2544 5188 2743 5262 jejuni
2773 5190 3104 5246 exiveruut.
3138 5188 3295 5247 Misit
3342 5189 3666 5260 imperator
3713 5188 3790 5243 ad

2140 5279 2581 5352 repurgandum
2612 5278 2939 5335 Antiochia;
2970 5292 3168 5336 aream
3200 5282 3270 5337 et
3292 5277 3787 5339 instaurationem

1583 5392 1952 5451 XYLANDRI
1989 5397 2077 5451 ET
2114 5395 2327 5452 GOARI
2361 5393 2583 5450 ΝΟΤιΕ.

452 5507 566 5578 (12)
599 5507 769 5584 apud
799 5506 1195 5584 Nicephorum
1224 5524 1353 5580 χιιι,
1387 5509 1439 5578 3,
1472 5510 1536 5584 in
1560 5510 1829 5584 margine
1847 5511 2036 5584 hexa-

381 5584 572 5657 metor
599 5580 834 5657 Qrmeus
865 5585 968 5657 est‘
994 5580 1303 5657 ascriptus
1328 5596 1343 5636 :
1386 5580 1617 5657 Σκίρτος
1666 5580 1942 5657 σκιρτῆσαι
1973 5601 2032 5637 τε

379 5648 547 5706 κακὸν
564 5647 845 5726 σκίρτημα
871 5647 1315 5725 «olivam-Ego
1372 5647 1569 5726 pro}:
1598 5647 2026 5728 scriberem“,

2143 5512 2260 5568 nisi
2290 5511 2442 5587 forte
2471 5510 2545 5587 de
2583 5508 3117 5587 multisversibus-
3164 5513 3260 5581 hic
3308 5524 3463 5583 unus
3511 5520 3623 5583 est,
3669 5526 3785 5587 quo

2139 5583 2476 5714 amp:
2523 5581 2729 5638 locus:
2776 5585 3011 5664 Afﬁiget
3057 5587 3291 5645 anteme
3331 5587 3505 5644 8οὰιί
3554 5581 3779 5645 saltatio
