4124 6312
319 382 431 444 ’101

1453 377 2002 446 HISTORIARUM
2045 377 2594 444 COMPENDIUM.

3613 365 3731 428 702

324 511 578 586 βασιλεὺς
606 511 801 574 αὖτοὺς
864 513 958 586 μὲν
1016 509 1307 582 διεδέξατο,
1358 510 1642 568 ἂπέστειλε
1671 508 1729 567 δὲ
1768 511 1964 588 Πέτρον

2084 514 2276 569 Persis
2303 513 2436 569 victi
2464 517 2622 567 sunt.
2655 512 2774 565 Hoc
2803 525 2954 581 agre
2975 507 3172 564 ferens
3199 502 3593 570 Justinianus,
3612 517 3717 556 re-

319 603 412 657 τὸν
443 603 691 678 νοτάριον
725 604 893 657 αὐτοῦ
948 600 1330 679 στρατηλάτην
1365 606 1500 670 (19).
1536 602 1634 656 Καὶ
1676 598 1972 676 συμϐαλὼν

332 693 600 766 μετὰτῶν
661 698 848 762 Λαζῶν
902 698 1019 755 τοῖς
1074 688 1300 767 Πέρσαις
1358 689 1574 762 ἐνίκησε
1603 691 1692 746 καὶ
1727 689 1972 752 πολλοὺς

324 784 526 841 ἀνεῖλε.

395 968 488 1036 Τῷ
519 962 566 1019 δ’
596 963 744 1037 αὖτῴ
791 962 898 1020 ἔτει
955 962 1265 1040 προσεῤῥόη
1325 969 1442 1026 τοῖς
1473 963 1772 1036 Ῥωμαίοις
1801 964 1830 1018 6
1865 963 1970 1038 βα-

322 1054 505 1118 σιλεὺς
565 1059 673 1110 τῶν
733 1053 1010 1128 Ἑλούρων
1063 1055 1179 1128 (20)
1239 1053 1441 1128 Γρέτης
1502 1052 1824 1130 λεγόμενος,
1881 1053 1972 1106 καὶ

318 1143 492 1200 ἐλθὼν
551 1142 604 1198 ἐν
663 1141 1238 1200 Κωνσταντινουπόλει
1301 1143 1435 1214 μετὰ
1488 1146 1585 1197 τοῦ
1633 1140 1770 1196 λαοῦ
1807 1140 1971 1196 αὐτοῦ

317 1233 562 1307 ᾐτήσατο
620 1232 711 1286 τὸν
771 1231 1018 1306 βασιλέα,
1075 1231 1164 1286 καὶ
1224 1231 1430 1305 ἐγένετο
1480 1231 1801 1306 Χριστιανὸς
1837 1231 1972 1302 μετᾶ

314 1326 424 1378 τῶν
476 1321 856 1398 συγκλητικῶν
907 1320 1074 1376 αὐτοῦ
1133 1320 1224 1376 καὶ
1275 1324 1572 1395 συγγενῶν,
1616 1320 1705 1375 καὶ
1756 1318 1970 1388 ἀπῆλθε

319 1413 454 1484 μετὰ
483 1416 658 1490 χαρᾶς
709 1410 784 1471 εἰς
843 1411 910 1464 τὰ
968 1408 1102 1477 ἴδια,
1162 1408 1625 1484 ἐπαγγειλαμενος
1656 1413 1966 1484 συμμαχεῖν

309 1502 608 1572 Ῥωμαίοις
645 1499 725 1572 ἐφ’
758 1499 838 1561 οἷς
866 1501 926 1553 ἄν
960 1497 1226 1570 δεηθῶσιν
1248 1498 1434 1556 αὐτοῦ.

277 1580 286 1586 ’
394 1593 488 1661 Τῷ
518 1586 566 1643 δ’
593 1587 742 1659 αὐτῷ
799 1582 906 1642 ἔτει
963 1583 1337 1662 προϐάλλεται
1396 1589 1424 1642 6
1485 1586 1742 1662 βασιλεὺς
1773 1607 1968 1662 στρατ-

321 1678 532 1750 ηλάτην
569 1676 854 1752 Ἀρμενίας
909 1679 1102 1745 Τζίταν
1164 1677 1415 1749 ὀνόματι,
1476 1674 1637 1752 ἄνδρα
1665 1675 1968 1749 πολεμικὸν

316 1768 405 1823 καὶ
438 1767 790 1823 ἱκανώτατοψ
825 1765 886 1820 οὐ
937 1765 1041 1842 (pip
1101 1766 1242 1840 εἶχεν
1276 1768 1310 1836 ἡ
1345 1765 1603 1840 Ἀρμενία
1630 1767 1744 1839 (2i)
1775 1786 1966 1840 στρατ-

319 1857 555 1928 ηλάτην,
591 1853 736 1910 ἀλλὰ
787 1852 981 1916 δοῦκας
1035 1853 1126 1909 καὶ
1182 1854 1448 1926 κόμη-τας.
1483 1854 1652 1916 Αὐτὸς
1686 1852 1742 1909 δὲ
1774 1854 1962 1929 ὲστρά-
1997 1881 2042 1946 Β

316 1968 496 2003 τευσεν
527 1943 829 2020 Ἀρμενίων
875 1941 1110 2013 πλῆθος.
1172 1941 1382 2000 Δέδιυκε
1449 1941 1504 1998 δὲ
1565 1943 1712 2015 αὐτῷ
1743 1943 1832 1999 καὶ
1861 1945 1965 1998 ἀπὸ

314 2038 612 2104 Ἀνατολῆς
674 2035 918 2110 στρατὸν,
977 2032 1233 2108 χιλιάδας
1293 2034 1574 2109 τέσσαρας,
1630 2034 1720 2087 καὶ
1778 2035 1966 2108 γέγονε

324 2124 534 2200 μεγάλη
567 2122 782 2201 φυλακή
843 2123 932 2178 καὶ
996 2124 1224 2197 βοήθεια
1275 2123 1588 2195 Ῥωμαίων.
1631 2123 1879 2193 Ἐζζευξε
1908 2121 1966 2178 δὲ

320 2209 586 2283 αὐτῷκαὶ
639 2214 890 2286 γυναῖκα,
947 2210 1046 2278 τήν
1097 2205 1340 2287 ἀδελςρὴν
1398 2207 1680 2284 Θεοδώρας
1713 2211 1813 2279 τὴς
1843 2209 1964 2266 Αὖ-

316 2300 576 2380 γούστης,
608 2299 837 2371 ὀνόματι
869 2299 1118 2371 Κομιτώ.

386 2394 472 2461 Τῷ
505 2385 553 2444 δ’
592 2389 744 2458 αὖτῷ
801 2382 904 2442 ἔτει
963 2387 1270 2462 προσερῥόη
1324 2392 1441 2452 τοῖς
1495 2386 1794 2461 Ῥωμαίοις
1831 2389 1960 2464 γυνή

312 2500 396 2541 τις
429 2478 489 2534 ἐκ
515 2482 622 2533 τῶν
647 2478 862 2534 Οὓννων
925 2480 1030 2532 τῶν
1094 2475 1401 2553 λεγομένων
1450 2472 1634 2552 Σαϐἡρ
1667 2478 1802 2552 (22),
1835 2478 1966 2554 Βάρς

321 2564 508 2642 ϐαρος,
560 2566 788 2640 ὀνόματι
851 2567 1058 2641 Βαρὴζ,
1117 2569 1289 2640 χήρα,
1349 2563 1552 2641 ἔχουσα
1609 2567 1726 2641 μεθ’
1772 2568 1967 2636 ἑαυτῆς

323 2653 536 2711 Οῧννων
597 2653 852 2730 χιλιάδας
911 2655 1122 2724 ἑκατὸν,
1197 2655 1320 2724 ἣτις
1393 2653 1802 2711 κατεδυνάστευε
1854 2662 1962 2711 τῶν

328 2743 604 2802 Οὐννικῶν
639 2749 814 2818 μερῶν
873 2744 1007 2817 μετᾶ
1059 2745 1160 2813 τήν
1217 2747 1314 2798 τοῦ
1361 2741 1505 2799 ἰδίου
1535 2742 1726 2818 ἀνδρὸς
1758 2742 1965 2824 Μαλᾶχ

321 2830 624 2904 ἀποϐολήν.
686 2833 830 2903 Αὕτη
887 2833 1016 2897 τοὺς
1064 2835 1472 2910 προτραπέντας
1527 2834 1671 2909 παρὰ
1709 2829 1962 2890 Καϐάδου

313 2929 411 2980 τοῦ
446 2923 718 3000 βασιλέως
775 2929 992 2998 Περσῶν
1049 2921 1144 2979 δύο
1199 2921 1367 2998 ῥῆγας
1427 2925 1532 2978 ἀπὸ
1573 2922 1749 2978 ἄλλου
1779 2917 1962 2987 ἔθνους

316 3014 538 3070 Οὕννων
569 3010 882 3088 ἐνδοτέρων,
918 3014 1165 3087 Στύρακα
1216 3012 1307 3068 καὶ
1356 3011 1576 3082 Γλώην,
1623 3017 1720 3068 τοῦ
1752 3034 1964 3085 συμμα-

315 3109 487 3178 χῆσαι
520 3101 667 3173 αὐτῷ
715 3102 854 3156 κατὰ
906 3101 1220 3174 Ῥωμαίων,
1280 3099 1561 3176 περιόντας
1596 3099 1683 3155 διὰ
1711 3108 1808 3170 τῆς
1841 3101 1962 3177 χώ-

320 3211 412 3267 ρας
470 3189 637 3260 αὒτῆς
695 3189 783 3244 ἐπὶ
839 3189 906 3245 τὰ
964 3191 1196 3265 Περσικὰ
1257 3193 1393 3263 μετὰ
1449 3187 1721 3266 χιλιάδων
1760 3189 1961 3245 εἷ’κοσιν

315 3279 597 3356 ἐκράτησε,
657 3281 744 3335 καὶ
802 3279 893 3333 τὸν
957 3277 1086 3334 λαὸν
1141 3283 1314 3335 πάντα
1372 3278 1656 3354 κατέκοψε.
1717 3279 1821 3336 Καὶ
1873 3281 1962 3335 τὸν

320 3371 414 3443 μὲν
468 3370 714 3445 Στύραχα
765 3366 986 3441 δέσμιον
1039 3374 1119 3441 τῷ
1181 3366 1398 3444 βασιλεῖ
1445 3371 1499 3424 ὲν
1537 3376 1967 3425 Κωνσταντινου-

2084 605 2300 659 vocatis
2328 603 2713 669 illis,Petrum
2745 600 3040 655 notarium
3063 597 3132 652 ad
3155 596 3479 652 exercitum
3506 592 3724 646 ducen-

2083 694 2224 748 dum
2257 694 2458 761 misit;
2504 693 2670 763 isque
2726 692 3003 746 Lazorum
3051 687 3269 744 auxilio
3302 688 3511 740 Persas
3544 683 3721 738 ador-

2082 790 2177 840 tus
2208 785 2412 857 praalio
2443 785 2747 840 victoriam
2796 782 3000 837 multis
3052 779 3313 834 hostium
3345 777 3513 832 cassis
3567 774 3722 830 obti-

2082 876 2231 930 nuit.

2153 963 2374 1019 Eodem
2396 980 2555 1019 anno
2581 963 2655 1018 ad
2684 965 2980 1018 Romanos
3003 976 3064 1014 se
3085 956 3337 1013 contulit
3366 954 3720 1010 Herulorum

2081 1071 2185 1108 rex
2216 1054 2458 1118 Gretas;
2493 1052 2820 1124 Cpolinque
2853 1049 3152 1122 profectus
3181 1063 3315 1101 cum
3337 1061 3442 1099 suo
3473 1043 3723 1116 populo,

2079 1145 2152 1199 ab
2186 1146 2541 1215 imperatore
2583 1143 2841 1197 obtinuit
2870 1146 2936 1196 ut
2964 1139 3332 1195 Christianus
3367 1135 3535 1190 fleret
3577 1151 3713 1189 cum

2081 1233 2204 1288 suis
2233 1233 2591 1288 consiliariis
2625 1238 2684 1287 et
2713 1231 2976 1303 cognatis
3007 1247 3019 1296 ;
3082 1243 3268 1298 eaque
3325 1242 3388 1279 re
3429 1222 3718 1290 confecta,

2079 1320 2249 1376 lmtus
2281 1323 2522 1377 domum
2557 1321 2752 1389 rediit,
2784 1320 3082 1392 pollicitus
3117 1333 3176 1372 se
3237 1313 3538 1382 Romanis,
3573 1327 3716 1382 qua-

2079 1427 2313 1482 cunque
2346 1412 2408 1466 in
2439 1428 2501 1465 re
2536 1410 2774 1478 vellent,
2807 1408 3027 1464 auxilio
3060 1407 3347 1461 futurum.

2152 1591 2370 1646 Eodem
2396 1608 2551 1646 anno
2585 1591 2907 1661 imperator
2937 1588 3152 1642 Tzitam
3185 1582 3480 1639 Armenia)
3529 1579 3722 1652 praafl-

2077 1682 2176 1749 cit,
2207 1682 2395 1736 virum
2451 1680 2807 1735 bellicoeum
2852 1684 2909 1733 et
2958 1677 3136 1732 rebus
3185 1671 3460 1747 gerendis
3491 1676 3716 1741 aptum.

2078 1771 2370 1825 Hactenus
2416 1770 2697 1824 Armenia
2765 1769 2892 1824 sine
2933 1765 3227 1838 praefectis
3275 1763 3486 1829 fuerat,
3538 1759 3717 1813 duces

2076 1865 2305 1914 tantum
2339 1864 2395 1912 et
2425 1859 2671 1913 comites
2701 1857 3007 1912 habuerat.
3044 1855 3152 1910 Sed
3197 1853 3292 1907 hic
3324 1867 3459 1906 eum
3493 1847 3717 1921 princi-

2075 1965 2210 2019 pem
2241 1949 2659 2003 Armeniorum
2686 1947 2843 2002 fecit.
2868 1944 3153 2018 Adjunxit
3186 1943 3362 1997 etiam
3390 1940 3717 2010 imperator

2076 2037 2128 2090 ei
2161 2037 2483 2091 exercitum
2516 2042 2770 2107 quatuor
2801 2035 3027 2089 milium
3066 2050 3132 2088 ex
3165 2031 3402 2086 Oriente
3429 2047 3444 2095 ;
3486 2027 3714 2096 fuitque

2076 2125 2187 2181 hoc
2218 2127 2435 2181 mahno
2463 2126 2738 2197 prmsidio
2766 2124 3068 2180 Romanis.
3098 2123 3357 2192 Nuptum
3390 2132 3626 2188 quoque
3659 2114 3711 2169 ei

2073 2216 2323 2272 tradidit
2353 2233 2618 2272 sororem
2650 2213 2976 2271 Theodorm
3019 2214 3314 2283 Augusta},
3347 2207 3587 2263 nomine
3618 2205 3719 2259 Co-

2075 2307 2244 2362 mito.

2147 2396 2302 2450 644
2327 2394 2544 2449 Eodem
2576 2410 2733 2448 anno
2765 2390 3073 2464 conjunxit
3098 2406 3159 2444 se
3215 2385 3494 2443 Romanis
3544 2381 3717 2437 vidua

2077 2483 2348 2556 quasdam
2375 2483 2610 2550 mulier,
2641 2481 2712 2537 de
2737 2499 2804 2537 eo
2837 2481 3184 2535 Hunnorum
3218 2475 3458 2531 natione
3487 2472 3586 2543 qui
3621 2471 3719 2524 Sa-

2076 2571 2204 2627 beri
2237 2571 2551 2626 dicuntur:
2585 2587 2805 2626 nomen
2831 2570 2882 2623 ei
2915 2569 3026 2624 fuit
3057 2569 3288 2621 Bareza.
3330 2561 3593 2618 Habebat
3623 2576 3716 2615 se-

2076 2677 2207 2716 cum
2235 2662 2582 2715 Hunnorum
2606 2661 2899 2724 400000,et
2930 2662 3180 2729 praeerat
3201 2653 3482 2709 Hunnicae
3509 2649 3721 2705 ditioni

2075 2757 2206 2823 post
2239 2757 2490 2805 mortem
2523 2749 2722 2805 mariti
2753 2747 3024 2803 Malachi.
3063 2746 3360 2801 Elicuerat
3387 2759 3488 2797 rex
3517 2742 3723 2794 Persa-

2075 2857 2209 2895 rum
2243 2840 2392 2895 duos
2432 2839 2580 2894 alios
2641 2841 2988 2893 Hunnorum
3051 2835 3404 2890 interiorum
3462 2829 3722 2902 regulos,

2075 2929 2372 3000 Styracem
2408 2933 2466 2982 et
2486 2927 2782 2993 Gloem,ut
2811 2925 2921 2980 sibi
2954 2925 2993 2978 ii
3020 2928 3225 2979 contra
3255 2924 3550 2976 Romanos
3579 2935 3721 2988 sup-

2072 3018 2263 3088 petias
2295 3017 2538 3072 ferrent.
2574 3015 2686 3071 Sed
2718 3020 2951 3082 Barcza,
2984 3030 3120 3068 cum
3162 3011 3202 3066 ii
3250 3027 3356 3082 per
3387 3009 3572 3080 ipsius
3622 3021 3720 3059 re-

2073 3106 2309 3178 gionem
2339 3109 2406 3160 29
2440 3104 2625 3161 millia
2651 3107 2713 3160 in
2745 3103 3046 3159 Persidem
3075 3097 3718 3163 ducerent.exercitum

2074 3212 2280 3251 eorum
2313 3195 2547 3261 delevit,
2581 3212 2649 3250 ac
2682 3194 2818 3250 Gloe
2853 3194 2912 3248 in
2947 3208 3141 3264 pugna
3170 3191 3383 3255 occiso,
3416 3189 3716 3260 Styracem

2073 3285 2338 3340 vinctum
2366 3285 2709 3356 imperatori
2739 3283 2947 3354 Cpolin
2973 3280 3324 3336 transmisit.
3351 3280 3485 3350 Ipsa
3511 3291 3718 3348 pacem

2076 3380 2135 3429 et
2167 3375 2508 3430 societatem
2540 3390 2675 3429 cum
2705 3373 3035 3428 Justiniano
3068 3369 3457 3427 conservavit.

313 3458 474 3516 πόλει
538 3454 800 3533 ἔπεμψεν,
858 3460 886 3514 ὁ
925 3457 984 3514 δὶ
1034 3458 1228 3530 Γλώης
1259 3458 1313 3514 ἐν
1348 3462 1431 3532 τῷ
1482 3457 1719 3533 πολέμῳ
1758 3459 1998 3537 ἔσφάγη.
2063 3458 2259 3538 Γέγονε
2315 3459 2372 3517 δὲ
2427 3461 2563 3533 αὕτη
2623 3462 2923 3536 σύμμαχος
2978 3459 3068 3515 καὶ
3119 3459 3365 3535 εἰρηνική
3395 3461 3473 3528 τῷ
3507 3453 3725 3532 βασιλεῖ

320 3552 540 3606 Ἰουστιν
553 3553 700 3620 ιανῷ.

377 3642 471 3712 Τῷ
503 3636 546 3692 δ’
585 3637 731 3710 αὖτῷ
774 3633 879 3693 ἔτει
926 3623 1024 3693 καὶ.
1050 3639 1077 3693 6
1108 3637 1347 3709 πλησίον
1374 3639 1660 3715 Βοσπόρου
1692 3642 1826 3714 (23),

306 3735 415 3786 τῶν
447 3731 682 3798 Οὗννων,
721 3726 924 3804 Γορδᾶς
965 3726 1291 3804 λεγόμενος,
1342 3729 1654 3807 προσερῥύη
1695 3728 1775 3804 τῷ
1808 3733 1960 3805 βασι-

303 3819 391 3877 λεῖ
418 3819 508 3874 καὶ
560 3817 772 3894 ἐγένετο
816 3819 1155 3893 Χριστιανός.
1207 3819 1306 3874 Καὶ
1351 3818 1538 3874 πολλᾶ
1587 3817 1712 3882 δοὺς
1756 3819 1903 3892 αὐτῷ
1933 3820 1962 3874 ὁ

308 3907 564 3985 βασιλεὺς
618 3905 930 3962 ἀπέστειλεν
979 3907 1054 3970 εἰς
1103 3909 1206 3978 τήν
1260 3905 1398 3963 ἰδίαν
1447 3909 1658 3984 χώραν,
1716 3909 1964 3984 ὑποσχο-

319 4000 463 4073 μένῳ
527 3995 815 4076 φυλάττειν
875 3997 942 4051 τὰ
1008 3997 1294 4070 Ῥωμαϊκά
1356 3997 1447 4053 καὶ
1511 3999 1611 4068 τήν
1678 3998 1962 4073 Βοσπόρου

313 4088 500 4154 πόλιν,
533 4088 655 4156 ἥτις
686 4085 861 4150 οὔτως
908 4085 1115 4157 ἐκλήθη
1166 4088 1273 4143 ἀπὸ
1319 4093 1417 4143 τοῦ
1462 4094 1638 4144 τελεῖν
1669 4088 1965 4163 Ῥωμαίοις

313 4179 431 4234 κατ’
464 4173 581 4239 ἔτος
614 4174 725 4230 ἀντὶ
778 4174 1084 4250 χρημάτων
1147 4177 1298 4250 βόας,
1357 4179 1600 4232 ἀπαιτεῖν
1634 4174 1690 4232 δὲ
1719 4177 1813 4240 τὰς
1846 4198 1964 4232 συν-

311 4267 524 4328 τελείας
555 4270 662 4320 τῶν
696 4259 862 4322 ϐοῶν.
896 4264 1178 4324 Ἀπελεὶὼν
1239 4265 1295 4320 δὲ
1353 4265 1429 4328 εἷς
1474 4268 1573 4336 τήν
1607 4265 1744 4321 ἰδίαν
1778 4268 1966 4342 χώραν

311 4355 617 4430 διηγήσατο
649 4358 727 4426 τῷ
760 4350 882 4425 ἰδίῳ
913 4351 1132 4432 ἀδελφῷ
1178 4355 1278 4424 τὴν
1306 4355 1402 4410 τοῦ
1435 4354 1708 4430 βασιλέως
1740 4357 1954 4431 ἀγάπην

311 4445 402 4501 καὶ
453 4444 793 4524 φιλοτιμίαν,
841 4444 933 4498 καὶ
982 4443 1064 4500 ὅτι
1117 4445 1435 4519 Χριστιανὸς
1483 4447 1686 4523 γέγονε,
1727 4447 1962 4522 συνέτρι-

2148 3643 2371 3700 Eodem
2405 3660 2560 3700 anno
2592 3643 3019 3708 Gordas,etiam
3051 3641 3292 3714 regulus
3349 3640 3710 3693 Hunnorum

2071 3734 2327 3805 Bosporo
2354 3733 2682 3790 vicinorum
2713 3732 2993 3788 Romanis
3023 3747 3150 3785 sese
3198 3728 3472 3800 adjunxit
3515 3731 3572 3780 et
3626 3727 3714 3780 fa-

2072 3829 2201 3878 ctus
2232 3828 2322 3878 est
2363 3823 2768 3888 Christianus;
2820 3837 3074 3892 cumque
3134 3818 3313 3873 iidem
3363 3815 3626 3871 dedisset
3654 3832 3716 3870 se

2073 3913 2353 3968 Romanis
2385 3912 2561 3968 rebus
2591 3911 2892 3967 addictum
2951 3910 3074 3963 fore
3100 3907 3429 3977 urbemque
3475 3903 3718 3976 Bospori

2073 4001 2508 4057 custoditurum
2542 4005 2600 4056 et
2627 4000 2808 4055 boum
2842 3999 3128 4053 tributum
3160 4002 3505 4052 exacturum
3555 3993 3716 4066 (nam

2072 4089 2203 4144 urbi
2237 4091 2478 4161 Bospori
2503 4090 2641 4144 inde
2663 4106 2882 4144 nomen
2909 4087 3161 4158 estquod
3195 4084 3406 4141 ineolze
3435 4084 3719 4139 Romanis

2073 4180 2204 4236 loco
2235 4181 2501 4252 pecuniae
2533 4180 2855 4252 quotannis
2886 4179 3064 4234 boves
3106 4177 3370 4247 dabant),
3405 4174 3718 4247 magniﬁce

2075 4270 2146 4326 ab
2177 4271 2533 4342 imperatore
2565 4270 2815 4325 donatus
2867 4269 3232 4339 domumque
3263 4265 3544 4321 dimissus
3602 4266 3712 4317 est.

2074 4361 2366 4415 Reversus
2397 4359 2639 4415 domum
2668 4358 2836 4414 fratri
2869 4375 2974 4413 suo
3015 4356 3391 4428 imperatoris
3442 4350 3716 4407 humani-

2073 4449 2256 4504 taiem
2288 4449 2852 4520 liberalitatemque,
2888 4453 2945 4504 et
2976 4464 3038 4502 se
3071 4445 3475 4501 Christianum
3504 4441 3721 4496 faetum

1521 4575 1878 4634 XYLANDRI
1915 4577 2002 4632 ET
2040 4577 2257 4632 GOARI
2295 4577 2517 4632 NOTAE.

388 4695 501 4768 (19)
533 4691 874 4768 Magistrum
899 4691 1166 4768 militum
1194 4699 1364 4768 vocat
1390 4694 1700 4768 Rigaltius,
1744 4695 1814 4752 de
1848 4714 1963 4768 quo
1996 4701 2039 4765 Ι)
2072 4694 2330 4763 meniam,
2363 4712 2483 4765 qua:
2515 4697 2750 4750 interior
2766 4695 3129 4759 dicebatur,et
3155 4701 3358 4768 gentes,
3391 4694 3719 4768 Antizen‘am

320 4765 686 4838 Pancirollus
718 4764 1045 4838 abunde‘in
1078 4765 1356 4838 Sotitiam
1387 4764 1644 4838 Imperii.
1678 4768 1850 4822 GOAR.

391 4837 501 4910 (2_0)
542 4837 654 4910 Hos
685 4835 1054 4910 emendatius
1099 4837 1344 4910 Herulus
1373 4835 1565 4893 vocari
1599 4839 1750 4894 scias
1782 4856 1961 4910 quam

317 4906 546 4963 Erulos.
581 4908 651 4980 Et
680 4906 833 4980 apud
857 4908 1160 4977 Evagrium
1195 4905 1437 4980 ἔρουλοι,
1472 4910 1650 4965 citato
1683 4905 1860 4965 etiam
1893 4912 1968 4966 ad

314 4985 543 5051 partem
575 4978 882 5051 Procopio,
941 4978 1243 5042 vocantur,
1295 4997 1367 5046 1v,
1429 4984 1516 5035 20.
1563 4982 1726 5046 Quod
1761 4982 1966 5038 itidem

315 5049 406 5106 Est
434 5049 588 5122 apud
624 5049 860 5120 Nicepb.
897 5067 1030 5114 xvu,
1078 5054 1166 5106 13.
1210 5053 1413 5122 Itaque
1446 5069 1625 5107 ausus
1659 5071 1788 5108 sum
1824 5055 1966 5109 scri-

317 5124 580 5195 ptionem
614 5137 853 5195 pravam
884 5123 1142 5190 Zonarm,
1175 5123 1353 5177 etiam
1386 5124 1695 5192 insessam,
1719 5125 1964 5194 elidere,

315 5193 549 5249 tametsi
610 5193 770 5247 varie
829 5200 1105 5266 corrupta
1157 5195 1340 5248 sciam
1396 5195 1660 5266 gentium
1701 5198 1964 5252 nomina.

314 5266 428 5392 )S‘ed
490 5266 631 5320 hinc
697 5263 1035 5318 emendatio
1107 5266 1270 5320 nulla
1336 5263 1649 5337 speranda,
1681 5275 1747 5323 ut
1801 5276 1964 5340 puto,

367 5354 451 5392 YL.

367 5354 451 5393 YL.

381 5412 492 5478 (2t)
525 5406 913 5480 Pancirollus,
937 5423 984 5460 c.
1024 5410 1117 5461 131
1150 5410 1552 5473 :Justinianus,
1576 5410 1809 5464 subactis
1837 5410 1966 5480 ﬁni-

313 5483 458 5536 timis
516 5479 800 5541 Barbaris,
860 5495 1120 5547 magnam
1179 5487 1232 5534 et
1275 5483 1594 5536 interiorem
1650 5479 1967 5536 Armeniam

314 5553 524 5607 dictum
554 5567 748 5605 novam
775 5552 1124 5620 provinciam
1155 5554 1378 5617 creavit,
1415 5553 1449 5606 ι.
1483 5554 1583 5606 ult.
1617 5569 1664 5606 ο.
1698 5552 1763 5606 de
1797 5556 1962 5622 Ofﬁc.

314 5623 534 5694 Magist.
569 5622 830 5686 militum,
865 5637 1031 5690 quam
1065 5624 1199 5676 Zetw
1241 5625 1505 5692 magistro
1552 5623 1792 5678 militum
1821 5622 1966 5694 (Τζίο

309 5693 423 5751 ταν
467 5699 622 5750 vorat
677 5693 894 5764 auctor)
947 5695 1233 5750 commisit.
1293 5696 1574 5767 Magnam,
1615 5693 1835 5767 inquit,
1855 5697 1965 5751 Ar-

2069 4769 2339 4835 videlicet,
2371 4764 2726 4836 Rngilenam,
2760 4770 3119 4836 Astyaneam,
3152 4764 3716 4835 Sophenam,Sopho-

2068 4856 2286 4900 uenam.
2339 4841 2398 4893 in
2455 4857 2566 4909 qua
2619 4846 2693 4893 est
2742 4841 3146 4908 Martyropolis,
3207 4839 3603 4901 Belabitenam,
3663 4841 3715 4889 et

2069 4914 2313 4980 primam
2343 4917 2394 4964 et
2423 4911 2719 4965 secundum
2748 4913 3092 4974 Armeniam,
3124 4918 3174 4964 ei
3205 4911 3443 4964 Pontum
3474 4909 3717 4980 Polemo-

2075 4978 2297 5039 hiacum
2322 4997 2472 5038 cura?
2503 4989 2614 5037 tua?
2643 4999 2764 5036 cum
2789 4983 2900 5036 suis
2926 4982 3153 5036 ducibus
3183 4980 3562 5036 commisimus.
3598 4978 3712 5030 Du-

2076 5070 2172 5109 ces
2205 5054 2363 5109 enim
2389 5059 2447 5108 et
2477 5053 2722 5107 comites
2742 5053 3020 5123 magistro
3048 5053 3304 5107 militum
3325 5047 3715 5122 subjicieban-

2077 5131 2191 5180 tur.
2228 5125 2618 5188 Pancirollus,
2652 5124 2810 5178 idem
2841 5141 2871 5177 c
2929 5127 3048 5189 139,
3084 5127 3258 5178 (ΞοΑιι.

2147 5198 2256 5266 (22)
2290 5197 2356 5250 lli
2400 5212 2599 5250 versus
2664 5195 2977 5265 Ilanaprim
3012 5202 3070 5249 et
3128 5191 3463 5266 Danastrini
3504 5189 3714 5266 fluvios

2077 5263 2518 5322 siti.Cherson:e
2549 5263 2862 5319 viciniore‘s
2893 5282 2962 5319 ex
2994 5265 3378 5319 Constantino
3399 5265 3472 5318 De
3501 5263 3710 5318 admin.

2074 5340 2208 5408 imp.
2243 5343 2660 5408 agnoscuntur.
2699 5338 2874 5391 GOAR.

2145 5405 2258 5480 (23)
2285 5405 2714 5480 ‘Rosporushic
2747 5425 2863 5480 non
2889 5408 3224 5479 Thracicus,
3257 5407 3361 5480 sed
3419 5405 3715 5480 Maeoticus

2076 5485 2186 5548 est,
2219 5478 2657 5552 cujusloccolae
2704 5479 3070 5552 rPatzinacaa;
3120 5481 3192 5552 de
3243 5479 3458 5552 quibus
3508 5484 3565 5534 et
3611 5479 3714 5532 illo

2076 5549 2333 5678 gosporo
2409 5549 2835 5606 Constantinus
2910 5553 2986 5606 De
3056 5551 3207 5607 adm.
3260 5549 3447 5624 —imp.,
3508 5569 3560 5607 c.
3621 5552 3710 5606 42.

2125 5640 2248 5678 οΑιι.

2125 5640 2248 5679 OAR.
