4124 6312
381 364 502 429 708

1767 359 2089 426 GEORGII
2133 361 2476 430 CEDRENI

3675 365 3796 426 τοι

388 518 515 558 esse
543 497 852 571 exposuit;
886 501 1062 568 atque
1111 494 1270 550 idem
1319 495 1520 551 omnia
1569 496 1914 552 Hunnorum
1955 497 2036 552 si-

2168 499 2214 571 με
2246 495 2304 552 δὲ
2331 497 2506 554 πάντα
2534 520 2600 556 τα
2621 521 2730 556 των
2757 500 2973 560 Οῧννων
3008 499 3314 576 ἰνδάλματα
3343 501 3434 556 καὶ
3467 499 3786 580 ἔχώνευσεν.

389 591 654 647 mulacra
683 588 972 659 confregit
1001 591 1058 640 et
1088 586 1382 642 conflavit.
1411 589 1551 641 Eam
1583 586 1656 640 ob
1689 604 1814 642 rem
1839 588 2037 643 Hunni

386 681 542 748 irati,
577 693 830 748 cumque
882 676 975 731 his
1008 678 1304 748 Moageras
1357 675 1486 746 ejus
1534 676 1735 744 frater,
1784 677 2036 732 Gordam

385 771 744 824 necaverunt
793 771 850 820 et
896 781 1142 838 regnum
1194 767 1475 837 Moagerze
1525 764 1920 830 tradiderunt,
1971 783 2038 820 ac

388 859 714 928 Bosporum
747 855 992 928 profecti
1041 855 1344 910 tribunum
1378 855 1679 909 Dalmatiae
1728 861 1787 910 et
1818 855 2039 910 milites

386 948 838 1002 interfecerunt.
899 945 1064 1010 Quod
1134 944 1234 998 ubi
1309 945 1677 999 Justinianus
1749 945 2036 1016 cognovit,

390 1037 540 1094 045
576 1038 862 1092 Joannem
912 1034 1286 1089 consularem
1333 1034 1565 1104 patricii
1614 1033 1808 1089 Ruﬁni
1853 1033 2040 1088 filium

390 1143 526 1182 cum
558 1125 788 1198 magnis
822 1125 1166 1195 Scytharum
1198 1122 1437 1178 auxiliis
1471 1140 1537 1177 eo
1569 1123 1754 1194 misit,
1787 1141 1853 1178 ac
1876 1124 2042 1178 Godi-

389 1217 512 1271 lam
566 1214 831 1270 terrestri
879 1214 1091 1268 itinere
1142 1213 1214 1268 ab
1268 1213 1565 1284 Ulissipoli
1600 1213 1671 1267 ad
1724 1213 2041 1269 Cadurium

393 1305 701 1376 copiarum
732 1302 1096 1375 praefectum.
1125 1303 1342 1357 Harum
1365 1301 1650 1358 adventus
1672 1303 1830 1358 fama
1852 1303 2042 1358 territi

393 1394 589 1449 Hunni
625 1393 835 1464 dilapsi
870 1398 1029 1458 sunt,
1062 1408 1296 1463 paxque
1328 1393 1586 1464 Bosporo
1615 1392 1864 1463 reddita,
1895 1398 2045 1448 tut0'

394 1500 510 1554 que
542 1483 595 1537 ei
627 1481 876 1537 Romani
909 1480 1368 1550 imperaverunt.

461 1581 828 1636 Justinianus
876 1597 1052 1650 porro
1110 1579 1314 1634 omnia
1361 1579 1778 1635 haireticorum
1825 1580 2046 1651 templa

395 1670 743 1727 Christianis
803 1669 1090 1736 attribuit,
1148 1669 1504 1724 Arianorum
1577 1670 2046 1725 exocionitarum

397 1758 1180 1832 exceptis.Constitutionem
1198 1775 1431 1829 quoque
1444 1758 1631 1814 edidit
1648 1758 1717 1814 de
1733 1759 2045 1831 episcopis,

396 1848 927 1922 dispensatoribus,
957 1847 1321 1919 pupillorum
1346 1848 1602 1903 alumnis
1624 1854 1684 1903 et
1712 1849 2049 1921 peregrino-

395 1955 528 1994 rum
561 1937 915 2008 hospitibus.
949 1938 1031 1992 Ea
1058 1937 1252 1992 sanxit
1277 1953 1349 1991 ne
1368 1937 1470 2008 jus
1492 1936 1728 2009 legandi
1754 1941 1857 1992 aut
1877 1937 2045 1992 here-

398 2027 571 2082 dibus
601 2026 872 2082 tradendi
919 2025 1226 2094 haberent,
1259 2031 1475 2097 praiter
1514 2026 1639 2081 huic
1670 2042 1800 2096 quas
1833 2026 1894 2079 in
1925 2025 2048 2080 suis

391 2115 775 2172 facultatibus
799 2114 1134 2170 habuerant
1162 2120 1481 2185 antequam
1507 2115 1703 2170 officio
1725 2115 1821 2170 isti
1853 2115 2050 2186 praefi-

400 2211 680 2261 cerentur
708 2221 721 2258 :
755 2220 874 2274 qua
903 2204 1046 2259 hora
1077 2203 1342 2258 officium
1388 2204 1683 2268 iniissent,
1717 2203 1788 2258 ab
1830 2219 1898 2258 ea
1928 2219 2049 2258 non

394 2294 607 2349 liceret
648 2292 846 2364 legare
896 2309 1026 2363 quae
1072 2292 1284 2348 lucrati
1334 2299 1552 2362 essent,
1587 2293 1690 2348 sed
1738 2309 1807 2348 ea
1851 2292 2052 2348 omnia

401 2400 584 2439 sacra:
617 2381 730 2437 aedi
781 2381 1140 2437 hereditario
1173 2383 1310 2452 jure
1359 2383 1754 2454 obtingerent.
1787 2381 2051 2436 Absolvit

403 2475 581 2529 etiam
615 2474 934 2549 cisternam
969 2489 1100 2543 quae
1133 2478 1260 2528 erat
1289 2473 1349 2528 in
1377 2473 1575 2528 medio
1607 2473 1758 2528 aulai
1789 2471 2050 2527 basilica)

401 2562 515 2629 111i,
551 2579 800 2634 eamque
832 2562 1118 2633 majorem
1166 2561 1443 2616 reddidit.
1477 2561 1772 2633 Dagisthei
1816 2575 2051 2632 quoque

403 2651 687 2710 balneum
718 2651 985 2723 perfecit,
1018 2650 1090 2706 ab
1116 2652 1399 2707 Anatasio
1431 2651 1796 2706 inchoatum.

470 2743 640 2796 Anno
658 2741 918 2797 secundo
931 2741 1114 2796 Isaias
1132 2741 1318 2796 Rhodi
1337 2746 1397 2796 et
1413 2740 1744 2796 Alexander
1758 2739 2053 2812 Diospolis

406 2831 666 2887 Thraciae
719 2831 978 2904 episcopi
1023 2830 1242 2902 aliique
1291 2831 1461 2886 multi
1512 2830 1865 2902 deprehensi
1916 2835 2056 2886 sunt

407 2923 807 2978 masculorum
859 2927 1255 2993 corruptores.
1312 2923 1531 2976 Horum
1576 2921 1710 2977 aliis
1757 2926 2054 2976 veretrum

406 3012 703 3084 amputari
728 3013 908 3085 jussit
938 3012 1283 3084 imperator,
1315 3011 1449 3067 aliis
1479 3011 1738 3068 calamos
1769 3016 1972 3066 acutos
1993 3009 2054 3064 in

408 3110 644 3159 meatus
673 3103 1022 3176 genitalium
1055 3103 1262 3171 inseri,
1295 3118 1515 3174 eosque
1547 3102 1740 3158 nudos
1770 3101 1832 3156 in
1859 3101 2056 3156 forum

409 3194 579 3266 quasi
612 3194 674 3248 in
704 3193 1006 3264 triumpho
1051 3193 1319 3265 produci.
1353 3194 1614 3248 Fuerunt
1644 3197 1703 3247 et
1745 3191 1959 3247 civium
1990 3206 2058 3244 ac

409 3289 752 3338 senatorum
797 3282 969 3336 multi
1020 3285 1079 3335 et
1125 3282 1474 3353 pontificum
1525 3297 1895 3337 summorum
1936 3294 2054 3334 non

404 3373 580 3444 pauci
604 3371 666 3426 in
691 3371 898 3425 eadem
929 3371 1101 3442 culpa
1126 3386 1139 3436 ;
1165 3372 1263 3442 qui
1288 3372 1548 3439 castrati,
1571 3378 1631 3427 et
1661 3370 1892 3443 publice
1915 3368 2056 3425 nudi

403 3461 465 3517 in
494 3460 688 3515 forum
737 3459 1007 3530 producti
1060 3459 1481 3516 miserabiliter
1529 3461 1683 3516 640
1732 3461 2057 3532 perierunt,

409 3565 636 3620 suoque
670 3548 940 3620 exemplo
973 3548 1234 3620 reliquos
1253 3549 1601 3620 pudicitiam
1627 3549 1824 3604 colere
1855 3548 2064 3604 docue-

404 3644 568 3696 runt.
590 3639 747 3694 Tulit
764 3640 791 3694 J
801 3639 1132 3695 ustinianus
1149 3655 1314 3695 acres
1327 3639 1486 3712 leges
1507 3645 1712 3696 contra
1728 3639 2060 3712 impudicos

404 3735 463 3786 et
494 3734 724 3786 veteres
756 3747 966 3786 omnes
1015 3729 1176 3802 leges
1221 3735 1531 3786 renovatas
1576 3731 1636 3785 in
1676 3746 1861 3785 unum
1893 3728 2060 3784 volu-

402 3836 542 3876 men
571 3819 819 3892 redegit,
854 3819 1012 3892 quod
1043 3819 1312 3875 Novellas
1343 3819 1808 3876 Constitutiones
1839 3819 2062 3875 inscri-

406 3912 546 3982 psit.

480 3999 703 4055 Eodem
756 4016 934 4065 anno,
987 3999 1081 4055 die
1133 3999 1462 4073 penultima
1512 4000 1875 4069 Novembris,
1918 4001 2066 4057 hora

407 4087 525 4144 diei
557 4089 611 4156 3,
644 4105 882 4144 rursum
915 4088 1002 4144 ira
1031 4089 1133 4144 Dei
1157 4089 1529 4145 Antiochiam
1558 4088 1792 4158 afﬂixit,
1821 4089 2064 4146 biennio

403 4183 542 4250 post
563 4179 932 4250 superiorem
956 4177 1206 4234 cladem.
1231 4179 1467 4234 Exstitit
1488 4180 1646 4234 enim
1669 4185 1840 4234 terrae
1863 4185 2061 4235 motus

409 4267 642 4340 ingens,
676 4270 979 4338 totamque
1002 4267 1236 4322 duravit
1255 4268 1462 4323 horam
1490 4285 1624 4323 cum
1651 4269 1904 4323 terribili
1929 4268 2061 4324 cceli

421 4358 672 4429 mugitu.
705 4358 785 4412 Ea
815 4357 1204 4412 concussione
1235 4358 1437 4414 omnia
1466 4375 1597 4428 quae
1628 4356 1920 4413 aediﬁcata
1949 4358 2069 4414 fue-

420 4452 573 4512 rant,
609 4445 733 4502 solo
767 4452 1000 4517 aequata
1053 4453 1209 4514 sunt,
1243 4453 1300 4502 et
1347 4447 1523 4515 muri,
1556 4453 1734 4518 atque
1778 4447 1924 4503 adeo
1955 4448 2068 4503 ista

413 4551 648 4605 quoque
681 4540 805 4590 tum
837 4534 1089 4590 aedificia
1113 4542 1487 4606 corruerunt,
1512 4554 1642 4608 qum
1674 4537 1871 4609 priore
1893 4542 2064 4592 terrae

414 4626 582 4677 motu
611 4638 730 4676 non
757 4621 1112 4678 ceciderant.
1139 4624 1404 4696 Denique
1429 4624 1718 4695 quidquid
1741 4629 1798 4679 et
1820 4625 2071 4696 impera-

423 4712 574 4768 toria
603 4711 962 4768 liberalitate
983 4717 1040 4768 et
1055 4714 1327 4785 privatim
1346 4715 1560 4770 civium
1586 4714 1921 4786 sumptibus
1937 4714 2070 4768 urbi

2146 586 2269 643 Ἐπί
2298 587 2477 643 τούτῶ
2508 588 2858 668 χολώσαντες
2904 592 2959 646 οἱ
3008 593 3204 650 υῦννοι
3239 593 3372 667 μετὰ
3397 591 3488 646 καὶ
3522 594 3619 646 τοῦ
3645 587 3798 646 ἀδελ-

2143 674 2246 753 φοῦ
2273 675 2439 732 αὐτοῦ
2469 683 2567 734 τοῦ
2597 683 2848 757 Μοαγὲρα
2876 679 3160 757 ἐφόνευσαν
3195 679 3378 750 αὺτὸν,
3411 680 3500 736 καὶ
3531 679 3793 750 ἑποίησαν

2145 765 2285 843 ῥῆγα
2339 769 2431 824 τὸν
2497 769 2801 844 Μοαγὲραν.
2868 774 3016 846 [368]
3081 772 3368 836 meam;
3427 768 3482 825 δὲ
3537 770 3615 834 εἰς
3671 771 3796 828 Βόσ-

2143 876 2311 930 πορον
2340 857 2650 914 ἀπέκτειναν
2707 860 2799 915 τὸν
2859 857 3142 935 τριϐοὖνον
3201 859 3519 933 Δαλματιας
3548 857 3792 921 καὶτοὺς

2145 946 2497 1022 στρατιώτας.
2530 951 2712 1006 Ταῦτα
2744 947 2974 1013 ἀκούσας
3025 952 3053 1006 ὁ
3103 949 3369 1012 Βασιλεὺς
3397 950 3488 1005 τὸν
3517 947 3625 1004 ἀπὸ
3659 947 3795 1003 ὑπά-

2142 1057 2250 1091 των
2317 1037 2566 1108 Ίωάννην
2639 1040 2731 1094 τὸν
2816 1040 2932 1094 υἱὸν
2998 1043 3094 1095 τοῦ
3161 1039 3448 1115 πατρικίου
3515 1038 3796 1115 Ῥουφίνου

2145 1125 2429 1181 ἀπέστειλε
2462 1129 2596 1200 μετά
2639 1128 2892 1202 βοηθείας
2948 1131 3221 1198 Σκυθικῆς
3277 1126 3500 1197 πολλῆς
3529 1127 3619 1182 καὶ
3650 1123 3801 1182 Γοόί-

2147 1214 2246 1271 λαν
2304 1215 2393 1273 διὰ
2439 1226 2544 1294 γῆς
2593 1218 2698 1274 ἀπὸ
2757 1217 3024 1290 Ὀδησσοῦ
3079 1218 3317 1289 πόλεως,
3375 1218 3466 1274 καὶ
3524 1215 3794 1293 Βαδύριον

2146 1308 2465 1382 στρατηγόν.
2517 1309 2619 1364 Καὶ
2681 1307 3006 1373 ἀκούσαντες
3057 1309 3109 1363 οἱ
3165 1308 3362 1366 Οὗννοι
3403 1308 3617 1385 ἀφανεῖς
3645 1305 3800 1381 γεγό-

2147 1415 2289 1466 νασι,
2319 1396 2407 1451 καὶ
2457 1395 2677 1474 γέγονεν
2736 1398 2924 1473 εἰρήνη
2983 1398 3032 1454 ἐν
3095 1399 3384 1473 Βοσπόρῳ,
3440 1398 3529 1452 καὶ
3578 1394 3804 1471 ὶκράτη-

2150 1508 2244 1542 σαν
2276 1486 2449 1543 αὐτῶν
2480 1489 2531 1543 οἱ
2561 1490 2836 1563 Ῥωμαῖοι
2865 1484 3110 1568 ἀφόϐως.

2219 1577 2282 1633 Ὀ
2307 1573 2363 1630 δὲ
2399 1575 2654 1651 βασιλεὺς
2687 1578 3062 1640 Ἰουστινιανὸς
3118 1578 3290 1640 πάσας
3347 1577 3443 1639 τὰς
3500 1575 3795 1648 ἔκκλησίας

2149 1670 2256 1722 τῶν
2315 1666 2600 1742 αἰρετικῶν
2656 1664 2858 1722 δὲδωκε
2912 1673 3031 1728 τοῖς
3088 1664 3422 1741 ὁρθοδόξοις,
3475 1665 3654 1743 χωρὶς
3689 1669 3798 1721 τῶν

2151 1753 2508 1824 ἐξωκιονιτῶν
2561 1757 2674 1828 (24)
2716 1758 3035 1831 Ἀρειανῶν.
3093 1757 3280 1814 Τόπον
3331 1753 3386 1810 δὲ
3437 1753 3640 1811 δέδωκε
3678 1755 3806 1831 περὶ

2077 1850 2260 1934 Βτῶν
2327 1845 2636 1902 ἐπισκόπων
2693 1847 2780 1901 καὶ
2869 1845 3156 1920 οἰκονόμον
3223 1847 3314 1902 καὶ
3381 1845 3801 1923 ὂρφανοτρόφων

2151 1935 2241 1990 καὶ
2271 1933 2598 2010 ξενοδόχων,
2630 1933 2768 1990 ὥστε
2800 1937 2874 2009 μή
2909 1933 3376 2010 κληρονομεῖσθαι
3408 1935 3454 1989 εἰ
3483 1935 3559 2004 μή
3592 1935 3625 1989 ἅ
3653 1935 3803 2008 πρὸ-

2151 2026 2248 2076 τοῦ
2280 2022 2525 2098 γενέσθαι
2555 2023 2711 2102 εἶχον
2769 2022 2822 2078 ἐν
2879 2028 2949 2098 τῇ
3010 2021 3121 2094 ἰδίᾳ
3182 2023 3494 2090 ὑποστάσει,
3537 2021 3613 2084 εἰς
3641 2025 3811 2078 ταῦτα

2147 2109 2238 2166 τίνοι
2296 2109 2646 2182 διατίθενται,
2707 2112 2795 2186 αφ’
2851 2114 2920 2181 ’ἧς
2973 2109 3032 2168 δὲ
3089 2111 3236 2185 ὥρας
3283 2111 3811 2186 προσχειρίσθησαν,

2159 2202 2235 2273 μὴ
2263 2195 2409 2276 ἔχειν
2440 2198 2619 2256 ἄδειαν
2670 2201 2743 2263 εἰς
2776 2196 2808 2255 ἅ
2835 2199 3150 2277 κερδήσοιεν
3184 2199 3535 2270 διατίθεσθαι,
3566 2197 3719 2255 ἀλλά
3745 2198 3816 2254 τὰ

2155 2289 2331 2345 αὐτῶν
2381 2290 2550 2345 πάντα
2593 2290 2683 2345 τὸν
2718 2291 2890 2366 εὐαγῆ
2949 2292 3100 2346 οἶκον
3160 2289 3549 2366 κληρονομεῖν.
3586 2289 3815 2364 Πληροῖ

2157 2377 2215 2436 δὲ
2267 2380 2356 2434 καὶ
2413 2381 2476 2435 τὸ
2533 2380 2801 2453 μέσαυλρν
2860 2388 2958 2450 τῆς
3012 2379 3306 2456 βασιλικῆς
3349 2379 3539 2437 Ἰλλου
3569 2379 3818 2453 κινστὲρ-

2155 2490 2276 2541 νης,
2330 2466 2398 2538 ἤν
2453 2469 2544 2524 καὶ
2605 2469 2850 2545 μεγάλην
2909 2469 3137 2541 ἐποίησε
3165 2475 3302 2543 (25),
3331 2471 3418 2525 καὶ
3471 2469 3534 2525 τὸ
3575 2467 3817 2544 λουτρὸν

2156 2563 2252 2616 τοῦ
2283 2559 2608 2634 Δαγιστίως,
2637 2559 2667 2614 δ
2695 2558 2898 2635 ἤρξατο
2929 2561 3127 2631 κτίζειν
3160 2559 3531 2623 Ἀναστάσεος.

2229 2741 2326 2811 Τῷ
2436 2736 2541 2795 ἔτει
2571 2739 2792 2803 Ἡσαῒας
2839 2741 2868 2795 ὁ
2923 2737 3116 2798 Ῥόδου
3172 2738 3467 2802 ἐπίσκοπος
3495 2739 3587 2795 καὶ
3618 2735 3813 2810 Ἀλέξ-

2160 2823 2354 2901 ανδρος
2413 2827 2760 2893 Διοσπόλεως
2812 2836 2914 2899 τῆς
2971 2828 3186 2905 Θρᾴκης
3243 2828 3335 2885 καὶ
3384 2826 3562 2904 ’ἑτεροι
3603 2824 3815 2882 πολλοὶ

2159 2917 2564 2992 κατεσχέθησαν
2615 2915 3025 2996 ἆῤῥενοφθόροι.
3078 2918 3181 2975 Καὶ
3229 2918 3358 2979 τοὺς
3392 2917 3486 2990 μὲν
3515 2915 3818 2971 ἒκαυλοκό-

2161 3026 2322 3076 πησε,
2353 3012 2470 3067 τοῖς
2521 3003 2580 3060 δὲ
2634 3005 2917 3079 καλάμους
2976 3006 3114 3076 ὀξεῖς
3175 3001 3546 3079 ἐμϐάλλεσθαι
3577 3003 3654 3066 εἰς
3684 3003 3818 3068 τοὺς

2162 3095 2369 3170 πόρους
2425 3100 2532 3150 τῶν
2590 3092 2815 3151 αἰδοίων
2875 3097 3190 3171 προσὲταξε,
3240 3094 3331 3150 καὶ
3391 3093 3636 3172 γυμνοὺς
3678 3092 3822 3148 κατᾶ

2086 3222 2131 3288 C
2165 3186 2264 3255 τὴν
2325 3185 2522 3260 ἀγορὰν
2578 3179 3024 3259 θριαμϐευθῆναι.
3108 3185 3386 3260 Ὑπῆρχον
3453 3181 3510 3238 δὲ
3564 3183 3655 3238 καὶ
3711 3187 3824 3238 τῶν

2248 3272 2266 3288 ς
2345 3278 2371 3288 -
2520 3273 2534 3288 .
2721 3272 2740 3288 π
2896 3278 2924 3288 ..
3097 3271 3155 3288 ,ς
3209 3273 3223 3288 .
3329 3273 3342 3288 .
3416 3277 3440 3288 -
3527 3273 3541 3288 .
3723 3269 3734 3288 .

2165 3272 2414 3328 πολιτῶν
2446 3273 2537 3329 καὶ
2585 3272 2967 3349 συγκλητικῶν
3018 3271 3226 3329 πολλοὶ
3255 3273 3346 3328 καὶ
3377 3277 3484 3328 τῶν
3518 3269 3823 3348 ἀρχιερέων

2168 3361 2268 3417 οὐκ
2298 3359 2504 3438 ὀλίγοι,
2537 3359 2593 3416 οτί
2625 3361 2981 3434 ὲκτμηθέντες
3025 3362 3116 3418 καὶ
3165 3360 3519 3436 δημευθέντες
3554 3361 3692 3416 κατὰ
3718 3361 3825 3430 τὴν

2169 3449 2365 3527 ἀγορὰν
2425 3450 2627 3528 γυμνοὶ
2685 3451 2918 3526 οἰκτρῶς
2973 3450 3350 3523 ἐτελεύτησαν.
3383 3451 3822 3526 Καὶγενομὲνου

2169 3536 2342 3618 φόϐου
2404 3540 2642 3616 μεγάλου
2701 3542 2757 3595 οἱ
2811 3540 3000 3597 λοιποὶ
3059 3540 3552 3618 ἒσωφρονίσθησαν.
3595 3539 3819 3612 Νόμους

2168 3628 2501 3708 τεσφοδροὺς
2552 3631 2689 3686 κατᾶ
2741 3635 2852 3686 τῶν
2907 3631 3344 3708 ἀσελγαινόντων
3399 3627 3628 3701 ἐξέθετο,
3687 3626 3822 3691 τοὺς

2172 3718 2228 3776 δὲ
2259 3719 2530 3784 παλαιοὺς
2587 3721 2790 3796 νόμους
2846 3723 3050 3783 πάντας
3102 3720 3386 3793 ἆνενὲωσε,
3439 3722 3678 3793 ποιήσας
3722 3740 3827 3794 μο-

2169 3805 2453 3882 νόϐιϐλον,
2483 3811 2512 3866 ’ὀ
2541 3809 2630 3866 καὶ
2663 3810 2873 3886 Νεαρᾶς
2905 3808 3169 3884 διατάξεις
3198 3808 3439 3868 ἐκάλεσε.

2245 3987 2340 4064 Τῷ
2370 3990 2416 4046 δ’
2447 3991 2598 4064 αὐτῷ
2633 3986 2764 4064 ἔτει,
2826 3991 2955 4066 μηνὶ
3009 3986 3306 4066 Νοεμϐρίῳ
3362 3996 3462 4062 κθ’,
3515 3987 3639 4060 ὥπᾳ
3667 3987 3826 4066 τρίτῃ

2172 4086 2272 4150 τῆς
2302 4081 2538 4156 ἡμέρας,
2569 4074 2762 4135 ἔπαθεν
2823 4080 2924 4136 ὑπὸ
2975 4080 3268 4153 θεομηνίας
3317 4077 3481 4134 πάλιν
3513 4077 3827 4152 Ἀντιόχεια

2174 4171 2208 4239 ἡ
2247 4169 2456 4245 μεγάλη
2523 4170 2657 4243 μετὰ
2709 4169 2804 4225 δύο
2861 4163 2959 4241 ἔτη
3012 4175 3109 4225 τοῦ
3166 4169 3357 4245 πρώην
3408 4169 3599 4224 παθεῖν
3629 4169 3821 4238 αὐτήν.

2174 4259 2418 4334 Ἐγένετο
2485 4259 2589 4335 γαρ
2658 4259 2880 4332 σεισμὸς
2938 4261 3107 4337 μέγας
3174 4259 3262 4314 ἐπὶ
3325 4255 3470 4333 ὥραν
3541 4257 3668 4331 μίαν
3733 4255 3824 4312 καί

2179 4351 2421 4428 βρυγμὸς
2471 4350 2532 4406 ἐκ
2577 4355 2675 4406 τοῦ
2723 4352 2956 4426 οὐρανοῦ
3012 4346 3268 4430 φοϐερὸς,
3297 4351 3387 4406 καὶ
3435 4345 3625 4406 ἔπεσον
3657 4348 3828 4405 πάντα

2171 4441 2241 4496 τὰ
2267 4442 2547 4505 κτισθέντα
2599 4439 2706 4503 ’έως
2765 4439 2994 4521 ὲδάςρους
3043 4440 3132 4497 καί
3186 4442 3253 4496 τὰ
3280 4441 3465 4516 τε-ίχη.
3501 4440 3606 4498 Καὶ
3633 4439 3693 4496 ἐκ
3719 4444 3827 4494 τῶν

2179 4533 2256 4608 μὴ
2321 4532 2596 4588 πεσόντων
2663 4530 2915 4588 παλαιων
2983 4533 3292 4606 κτισμάτων
3356 4530 3409 4586 ἐν
3475 4535 3556 4603 τῷ
3621 4531 3818 4604 πρώτῳ

2179 4622 2387 4694 σεισμῷ
2444 4621 2860 4697 κατηνέχθησαν
2938 4625 3050 4678 νῦν.
3107 4622 3204 4676 Καὶ
3262 4625 3407 4676 πᾶσα
3461 4622 3494 4691 ἠ
3553 4612 3808 4695 γενομένη

2180 4708 2470 4785 εὒπρέπεια
2501 4709 2555 4766 ἐν
2583 4714 2653 4785 τῇ
2682 4709 2843 4766 πόλει
2893 4703 2953 4765 ἔκ
2997 4731 3057 4766 τε
3111 4714 3216 4766 τῶν
3247 4714 3343 4766 τοῦ
3377 4706 3637 4785 βασιλέως
3665 4704 3819 4784 φιλο-

421 4802 617 4859 fuerat
645 4805 980 4860 ornamenti
1011 4805 1415 4869 conciliatum,
1448 4809 1588 4859 tunc
1623 4804 1816 4874 periit.
1852 4804 2055 4859 Obruta

2178 4805 2404 4875 τιμιῶν,
2466 4799 2557 4856 καὶ
2613 4801 2686 4855 ὧν
2739 4799 2788 4874 ἐξ
2847 4797 3000 4854 ἰδίων
3057 4801 3109 4854 οἱ
3165 4797 3391 4856 πολῖται
3439 4794 3818 4871 ᾠκοδόμησαν,

419 4898 559 4950 sunt
582 4894 778 4950 ruinis
808 4893 1118 4950 hominum
1168 4894 1333 4948 milia
1365 4896 1398 4947 4
1449 4897 1506 4947 et
1535 4894 1675 4947 870:
1719 4891 1978 4963 relinqui
2009 4893 2071 4948 in

416 4985 564 5042 alias
582 4983 760 5041 urbes
782 4984 1194 5057 confugerunt.
1214 4983 1347 5037 Fuit
1370 4982 1547 5036 etiam
1567 4981 1911 5054 gravissima
1927 4986 2073 5037 tem-

2180 4891 2355 4945 πάντα
2383 4889 2698 4945 κατέπεσον.
2741 4889 3031 4945 Ἀπέθανον
3083 4885 3141 4943 δὲ
3195 4886 3248 4943 ἐν
3301 4892 3369 4962 τῇ
3422 4887 3628 4943 πτώσει
3654 4884 3820 4958 ταύτῃ

2181 4979 2272 5034 καὶ
2331 4977 2582 5059 χιλιάδες
2634 4979 2883 5055 τέσσαρες
2942 4977 3078 5035 λαοῦ
3131 4978 3221 5034 καὶ
3283 4985 3373 5034 ωο¹
3432 4975 3642 5064 ἄνδρες..
3675 4973 3827 5034 Οἱδὶ

1609 5097 1975 5155 XYLANDBI
2011 5101 2098 5154 ET
2138 5099 2358 5155 GOARI
2395 5099 2617 5155 NOTAE.

486 5231 612 5302 (24),
643 5225 1019 5302 Ἐξοκιονιτῶν
1081 5241 1210 5302 non
1257 5240 1561 5295 assequor.
1601 5223 1876 5302 _Conjicio
1937 5239 2068 5302 eum

417 5295 651 5358 Arianis
705 5295 974 5356 fortassis
1033 5298 1254 5369 templa
1307 5303 1471 5352 extra
1527 5295 1764 5369 urbem_
1786 5301 1842 5350 et
1883 5295 2066 5369 quasi

415 5375 673 5444 privatos
703 5378 1030 5428 conventus
1077 5367 1442 5444 permisisse.
1476 5369 1652 5444 sane
1676 5367 1832 5444 infra
1880 5367 1940 5422 in

414 5437 672 5515 cephoro
726 5444 998 5500 Generali
1049 5437 1273 5515 mentio
1331 5440 1396 5515 ﬁt
1437 5440 1756 5515 cujusdam
1789 5437 2067 5515 improbit

414 5510 676 5572 cremitze
707 5516 948 5582 Nicolai,
983 5514 1082 5585 qui
1119 5515 1178 5568 in
1209 5513 1488 5585 Erocinio
1519 5510 1752 5585 degens
1792 5510 2067 5585 impieta-

416 5593 538 5642 tem
569 5580 944 5658 imperatoris
976 5580 1216 5658 j'uveirit-
1267 5583 1410 5658 Ἑξω
1457 5580 2064 5658 κιόνιὸνηοοιιιιίωίιιιι

417 5676 549 5732 quas
584 5654 752 5732 extra
776 5659 872 5726 sit,
905 5654 1015 5732 aut
1041 5655 1438 5732 columellam,
1473 5654 1546 5732 ad
1586 5655 1834 5732 verbum
1863 5656 2054 5732 notat.

413 5720 556 5792 ΧΠ..
587 5757 658 5774 --
705 5720 886 5788 Extra
925 5726 1136 5785 urbem
1179 5720 1432 5799 regiam'
1455 5725 1532 5782 ad
1580 5725 1914 5783 colamnam
1961 5720 2064 5794 ἔξω

2177 5221 2381 5277 κιόνιον
2417 5222 2656 5292 dictam,
2719 5240 2754 5279 a
2807 5239 2923 5295 qua
2979 5223 3156 5278 vicini
3223 5219 3579 5292 ἐξωκιονιται,
3630 5198 3826 5277 Arian1

2179 5295 2494 5351 ecclesiam
2543 5296 2798 5352 retinere
2845 5296 3120 5366 permissi
3168 5296 3575 5352 morabantur.
3610 5295 3828 5349 Auctor

2178 5368 2334 5422 infra
2364 5385 2421 5440 p.
2443 5371 2578 5440 ‘552.
2612 5370 2786 5423 Goan.

2247 5433 2610 5510 (25)Ἰιληροῖ
2657 5470 2726 5479 -
2777 5433 3020 5504 ἐποίησε.
3085 5439 3324 5494 Veritati
3373 5442 3564 5494 textus
3598 5435 3832 5510 fidelior

2175 5505 2302 5566 haec
2333 5505 2529 5566 versio
2548 5511 2843 5582 quadrat.,
2873 5510 3114 5565 Absolvit
3137 5513 3304 5582 etiam
3325 5527 3512 5566 aream
3533 5505 3829 5582 fregieegllti

2175 5579 2785 5654 cisternszupema‘m)
2817 5598 3044 5654 eamque
3085 5581 3357 5653 majorem
3379 5579 3830 5654 reddidz't’,_Vixit

2173 5649 2553 5782 autemlllus—
2565 5653 2671 5712 sub
2692 5649 2886 5720 Leone
2908 5649 2970 5710 et
2991 5649 3222 5712 Zenone
3245 5654 3527 5727 magister
3545 5651 3825 5709 militum".

2224 5741 2352 5781 om.

2224 5741 2352 5781 0A3.
