4126 6296
305 390 424 456 m

1446 390 1998 458 HISTORIARUM
2041 391 2194 455 ί]οΜ
2206 395 2576 462 PENDIUM.

3599 405 3722 467 που

309 527 571 594 σωθέντες
626 525 825 609 ἔφυγον
881 533 958 597 εἷς
1008 534 1103 596 τὰς
1159 530 1337 595 ἄλλας
1387 531 1599 594 πόλεις,
1659 525 1962 620 Γέγονεδὲ

2089 537 2290 604 pestas,
2323 536 2470 592 adeo
2501 541 2570 592 ut
2595 539 2857 596 universi
2885 541 3013 598 sine
3055 543 3270 620 calceis
3319 544 3718 617 supplicatum

308 621 398 674 καὶ
456 622 672 699 χειμὼν
735 623 901 696 μέγας
962 622 1051 676 καὶ
1116 623 1438 697 βαρύτατος,
1528 621 1604 682 ὡς
1671 619 1966 675 λιτανεύειν

313 710 522 772 πάντας
552 707 916 771 ἀνυποδέτους
987 711 1105 784 μετ’
1163 708 1417 784 ὀδυρμῶν
1474 714 1714 766 πυκνῶν.
1763 709 1965 787 Ἐφάνη

317 797 374 855 δέ
401 820 509 854 τινι
567 796 810 864 θεοσεϐεῖ
865 801 1133 874 ἀνθρώπῳ
1173 800 1226 856 ἐν
1286 801 1523 874 ὁράματι
1583 800 1750 854 εἰπεῖν
1807 802 1965 852 πᾶσιν

315 889 407 945 ’ἱνα
460 889 834 967 ἐπιγράψωσιν
887 890 962 952 εἰς
1019 891 1086 946 τὰ
1144 889 1414 966 ὑπέρθυρα
1471 886 1670 944 αὺτῖυνο
1737 887 1970 962 Χριστὸς

324 980 654 1052 μεθ’-ἡμῶν,
723 986 906 1048 στῆτε.
948 978 1052 1038 Καὶ
1111 978 1310 1034 τούτου
1349 980 1435 1051 [Ρ.
1496 980 1622 1051 369]
1675 978 1967 1051 γενομένου

318 1066 446 1140 ἔστη
480 1070 513 1137 ἡ
547 1067 682 1142 όργὴ
725 1072 824 1122 τοῦ
881 1073 1037 1124 Θεοῦ.
1093 1068 1200 1124 Καὶ
1247 1066 1412 1124 πάλιν
1443 1068 1471 1121 ὁ
1505 1065 1760 1142 βασιλεὺς
1810 1066 1901 1120 καὶ
1931 1067 1967 1135 ἡ

317 1157 600 1231 Αύγοῦστα
629 1153 820 1212 πολλὰ
848 1153 1198 1230 ἐδωρήσαντο
1251 1159 1516 1231 χρήματα
1567 1155 1644 1216 εἰς
1694 1153 1968 1209 ἀνακαινι-

317 1245 454 1318 σμὸν
486 1245 902 1322 τῆςἈντιόχου
931 1246 1168 1315 πόλεως,
1221 1246 1311 1302 καὶ
1366 1243 1752 1319 μετωνόλασαν
1802 1242 1970 1314 αὐτὴν

321 1333 646 1394 Θεούπολιν,

387 1424 578 1498 Τούτῳ
605 1428 684 1497 τῷ
713 1421 818 1480 ἔτει
871 1429 1180 1500 Σαμαρῖται
1231 1425 1321 1480 καὶ
1372 1421 1633 1482 Ἰουδαῖοι
1666 1420 1716 1478 ἐν
1752 1420 1966 1478 Παλαι·

321 1514 473 1589 στίνῃ
537 1513 766 1590 βασιλέα
820 1515 942 1570 τινὰ
993 1512 1287 1572 Ἰουλιανὸν
1375 1510 1619 1588 ἔστεψαν,
1688 1513 1780 1569 καὶ
1837 1510 1974 1568 κατᾶ

317 1603 654 1678 Χριστιανῶν
714 1601 861 1658 ὅπλα
916 1604 1232 1674 κινήσαντες
1311 1602 1552 1678 ἁρπαγὰς
1628 1603 1719 1657 καὶ
1775 1600 1974 1682 φόνους

316 1693 410 1748 καὶ
468 1691 832 1768 ἐμπρησμοὺς
891 1691 1224 1768 εἰργάσαντο·
1286 1693 1439 1756 οὕςὸ
1470 1692 1599 1753 Θεὸς
1659 1689 1970 1766 παρέδωκεν

321 1781 400 1846 εἷς
439 1786 628 1857 χεῖρας
691 1783 1093 1850 Ἰουστινιανοῦ,
1160 1780 1250 1836 καὶ
1307 1785 1505 1842 πάντας
1560 1779 1823 1856 ἀφανίσας
1878 1780 1971 1834 τὸν

2080 622 2200 676 sint
2235 627 2529 696 progressi
2555 644 2689 683 cum
2713 630 2904 685 crebis
2925 634 2974 702 ej
2986 632 3261 688 ulatibus.
3296 635 3457 689 Tunc
3479 635 3725 705 quidam

2077 711 2172 781 pie
2211 717 2388 768 Deum
2416 715 2617 770 colens
2649 717 2823 772 homo
2855 719 3080 775 visione
3127 721 3470 777 admonitus
3520 728 3609 779 est
3657 728 3727 779 ut

2080 801 2358 856 omnibus
2397 804 2764 876 praeciperet,
2819 808 2903 860 uti
2954 810 3358 879 superioribus
3406 810 3722 868 domorum

2077 906 2318 945 suarum
2349 893 2620 963 postibus
2647 894 3064 962 inscriberent,
3088 899 3353 954 Christus
3383 901 3721 968 nobiscum,

2081 984 2250 1037 state.
2286 982 2404 1036 Hoc
2434 982 2586 1038 facto
2613 983 2701 1038 ira
2726 985 2823 1038 Dei
2849 985 3087 1042 resedit.
3119 989 3372 1042 Rursum
3397 1005 3633 1061 quoque
3664 995 3724 1045 et

2079 1069 2402 1140 imperator
2431 1076 2490 1126 et
2507 1073 2770 1144 Augusta
2799 1073 3050 1129 multum
3074 1077 3339 1146 pecuniaa
3369 1077 3562 1149 largiti
3587 1084 3728 1135 sunt

2078 1157 2152 1212 ad
2183 1157 2674 1216 instaurationem
2707 1163 3051 1230 Antiochia),
3084 1164 3257 1235 eique
3288 1182 3507 1222 nomen
3535 1169 3724 1223 Theo-

2078 1246 2232 1318 polis
2251 1247 2618 1306 indiderunt.

2153 1428 2373 1484 Eodem
2403 1445 2562 1485 anno
2593 1430 2944 1486 Samaritani
2976 1437 3035 1486 et
3079 1431 3266 1487 Judaei
3321 1432 3383 1488 in
3433 1433 3731 1490 Palestina.

2081 1517 2398 1586 quemdam
2419 1519 2720 1574 lulianum
2742 1519 2904 1592 regia
2920 1536 3139 1575 corona
3150 1525 3428 1577 ornatum
3446 1521 3558 1576 sibi
3575 1539 3727 1594 prm-

2079 1605 2384 1661 fecerunt:
2417 1608 2718 1678 armisque
2745 1615 2951 1665 contra
2981 1609 3344 1666 Christianos
3375 1612 3525 1666 641
3560 1628 3726 1668 sum-

2079 1696 2197 1767 ptis
2229 1697 2465 1768 rapinas
2486 1704 2544 1754 et
2565 1698 2841 1754 incendia
2867 1700 3199 1756 ediderunt.
3224 1702 3337 1755 Hos
3355 1702 3726 1758 Justinianus

2081 1788 2258 1841 aDeo
2289 1787 2399 1842 sibi
2458 1790 2520 1844 in
2578 1806 2788 1844 manus
2839 1791 3087 1846 traditos
3137 1792 3436 1847 occisione
3487 1791 3725 1863 delevit,

326 1870 626 1928 Ἰουλιανὸν
655 1871 1037 1948 ἀπεκεφάλισε.
1085 1870 1188 1927 Καὶ
1246 1869 1380 1943 μετᾶ
1427 1871 1519 1924 τὸν
1568 1867 1812 1944 διωγμὸν
1861 1873 1969 1924 τῶν

2089 1876 2429 1947 lulianoque
2460 1884 2635 1950 caput
2655 1881 2996 1951 amputavit.
3022 1880 3164 1935 lnde
3187 1881 3400 1936 Graecas
3421 1882 3727 1955 religionis

320 1958 610 2031 Ἑλλήνων
641 1960 732 2016 καὶ
761 1960 940 2030 πάσης
973 1959 1252 2036 αἱρέσεως,
1311 1960 1401 2014 καὶ
1457 1959 1593 2032 μετὰ
1642 1960 1705 2014 τὸ
1754 1959 1972 2024 τεθῆναι

332 2047 512 2126 δόγμα
569 2048 960 2120 ὲλληνίζοντας
1023 2050 1097 2122 μὴ
1147 2046 1528 2112 πολιτεύεσθαι
1581 2049 1618 2119 ἢ
1648 2048 1972 2124 αἱρετικοὺς,

323 2139 373 2194 εἰ
409 2140 486 2212 μὴ
535 2138 737 2212 μόνους
786 2137 913 2200 τοὺς
969 2134 1290 2210 ὀρθοδόξους
1344 2137 1720 2212 Χριστιανοὺς,
1777 2140 1976 2212 προθε-

331 2228 494 2301 σμίαν
543 2225 738 2283 δίδωσι
784 2232 902 2288 τοῖς
952 2226 1224 2288 τοιοότοις
1284 2224 1362 2288 εἷς
1419 2225 1748 2304 ἐπιστροφὴν
1805 2229 1974 2302 τριῶν

336 2321 548 2392 μηνῶν.

397 2411 493 2479 Τῷ
524 2404 572 2462 δ’
608 2400 715 2462 ἔτει
746 2404 912 2482 ἐφάνη
947 2406 1202 2480 κομήτης
1235 2401 1398 2480 μέγας
1443 2405 1535 2460 καὶ
1589 2399 1845 2482 φοϐερὸς,
1898 2403 1975 2466 εἷς

325 2497 388 2552 τὸ
421 2494 638 2550 δυτικὸν
704 2495 868 2568 μέρος
917 2494 1149 2568 πέμπων
1202 2492 1291 2548 ἐπὶ
1344 2493 1410 2548 τὰ
1464 2492 1575 2549 ἅνω
1633 2493 1725 2556 τὰς
1783 2494 1974 2548 ἑαυτοῦ

333 2586 571 2655 ἀκτῖνας,
629 2583 687 2640 δν
733 2578 923 2659 ἔλεγον
981 2579 1314 2657 λαμπαδίαν·
1373 2582 1463 2638 καὶ
1515 2576 1695 2656 ἔμεινε
1736 2580 1971 2656 λάμπων

335 2671 424 2728 ἐπὶ
451 2673 656 2748 ἠμέρας
688 2671 880 2730 εἶ’κοσι.

402 2766 493 2836 Τῷ
548 2764 585 2818 ε’
637 2761 737 2817 ἔτει
791 2762 1008 2839 γέγονεν
1066 2765 1100 2832 ἡ
1158 2761 1414 2836 ἀνταρσία
1502 2765 1600 2816 τοῦ
1676 2760 1974 2836 λεγομένου

328 2850 470 2908 Νίκα
502 2853 636 2926 (26),
661 2853 754 2906 καὶ
785 2846 1006 2924 ἔστεψαν
1040 2853 1093 2905 οἱ
1149 2856 1256 2906 τῶν
1308 2848 1501 2923 δήμων
1559 2850 1784 2926 βασιλέα
1813 2852 1976 2905 Ὑπά-

327 2961 444 2997 τιον
475 2943 567 2997 τὸν
602 2948 834 3018 συγγενῆ
870 2941 1226 2998 Ἀναστασίου
1255 2944 1352 2994 τοῦ
1387 2938 1676 3015 βασιλέως.
1737 2942 1972 3010 Ἐκαύθη

327 3027 386 3085 δὲ
416 3029 559 3086 πολὺ
595 3029 757 3105 μέρος
784 3037 883 3100 τῆς
937 3029 1172 3097 πόκεως,
1205 3028 1240 3098 ἢ
1280 3049 1337 3083 τε
1393 3027 1623 3103 Μεγάλη
1674 3029 1978 3100 Ἐκκλησία

327 3119 419 3174 καὶ
478 3120 546 3175 τὰ
603 3123 830 3194 χαρτῷα
887 3119 1059 3187 αὐτῆς
1099 3115 1441 3190 δικαιώματα
1491 3117 1582 3172 καὶ
1622 3120 1657 3188 ἡ
1707 3115 1979 3193 πρόσοδος

327 3215 495 3278 πᾶσα,
523 3205 560 3278 ἤ
594 3229 652 3263 τε
703 3205 859 3284 Ἀγία
915 3206 1126 3282 Εἰρήνη
1188 3209 1298 3282 (27)
1352 3206 1444 3262 καὶ
1501 3208 1552 3261 οἱ
1593 3207 1828 3278 ξενῶνες,
1861 3207 1891 3263 ’ὃ
1919 3228 1979 3262 τε

335 3303 435 3354 τοῦ
469 3297 710 3370 Σαμψὼν
741 3297 832 3351 καὶ
876 3297 904 3350 ὁ
957 3292 1258 3362 Εὐϐούλου,
1314 3296 1448 3368 μετὰ
1493 3299 1602 3350 τῶν
1659 3295 1975 3372 ἀρρώστων,

341 3387 428 3440 καὶ
457 3386 518 3440 τὸ
547 3387 880 3462 προσκήνιον
916 3388 1015 3450 τῆς
1051 3384 1342 3460 βασιλικῆς
1374 3387 1486 3458 (28)
1525 3384 1614 3439 καὶ
1650 3385 1714 3440 τὸ
1763 3386 1982 3462 Αὐγου-

345 3479 526 3529 σταῖον
554 3476 690 3548 (29),
720 3472 810 3529 καί
839 3476 873 3543 ἠ
908 3473 1282 3548 χαλκόστιγος
1301 3477 1395 3528 τοῦ
1416 3473 1707 3546 παλατίου,
1733 3474 1768 3544 ἢ
1795 3471 1980 3529 ἔκτοτε

339 3563 429 3618 καί
476 3567 565 3617 νῦν
624 3561 808 3638 χαλκῆ
869 3563 1329 3639 προσαγορεύεται
1389 3560 1478 3617 διὰ
1527 3564 1589 3618 τὸ
1637 3563 1698 3618 ἐκ
1752 3563 1976 3638 χαλκῶν

336 3655 591 3729 κεράμων
644 3653 1082 3732 κεχρυσωμένων
1141 3653 1454 3727 ἐστεγάσθαι
1514 3651 1703 3724 αὐτήν.
1780 3654 1980 3725 Ἐκάη-

337 3763 430 3797 σαν
461 3741 519 3797 δὲ
546 3742 636 3797 καὶ
668 3744 720 3797 οἱ
752 3740 848 3797 δύο
878 3737 1114 3815 ἔμϐολοι
1179 3748 1342 3816 μέχρι
1400 3747 1498 3797 τοῦ
1555 3743 1747 3820 φόρου.
1805 3743 1866 3799 Ὁ
1923 3741 1982 3798 δὲ

335 3831 470 3896 λαὸς
497 3831 585 3886 καὶ
629 3831 720 3886 τὸν
786 3830 1013 3907 βασιλέα
1063 3832 1441 3903 ἰουστινιανὸν
1500 3831 1980 3905 ἀναθεματίζοντες

333 3917 644 4000 ἐφύϐριζον.
700 3927 852 3984 Ἦτις
909 3920 1160 3994 ἀνταρσία
1235 3919 1442 3991 ἐπαύθη
1518 3919 1606 3975 διὰ
1660 3919 1979 3996 Βελισαρίου

335 4011 428 4066 καὶ
462 4007 721 4066 Μούνδου
749 4010 840 4064 καὶ
875 4013 1084 4085 Ναρσῆ,
1110 4009 1412 4064 ἀνελόντων
1461 4009 1538 4065 λε’
1589 4007 1848 4084 χιλιάδας
1890 4011 1979 4064 καὶ

334 4100 499 4155 αὐτὸν
531 4100 803 4155 Ὑπάτιον.
837 4096 1072 4168 Τότεδῆ
1134 4098 1434 4173 ἐνεπρήσθη
1483 4098 1575 4154 καὶ
1621 4099 1686 4154 τὸ
1739 4097 1978 4173 ὀκτάγω·

336 4209 426 4242 νον
454 4187 635 4242 καὶτὸ
667 4185 892 4262 λοετρὸν
922 4191 1020 4240 τοῦ
1068 4182 1318 4262 Σεϐἡρου
1361 4188 1424 4242 τὸ
1473 4185 1768 4262 λεγόμενον
1823 4188 1979 4260 Ζεύξ-

336 4295 528 4344 ιππος,
561 4275 610 4330 ἐν
643 4274 940 4348 ᾦποικίλη
984 4297 1066 4338 τις
1125 4275 1192 4345 ἦν
1253 4276 1454 4351 θεωρία
1506 4278 1596 4330 καὶ
1651 4277 1976 4352 λαμπρότης

331 4369 570 4438 τεχνῶν,
608 4370 718 4419 τῶν
747 4385 807 4420 τε
850 4366 1152 4440 μαρμάρωε
1206 4365 1298 4419 καὶ
1356 4364 1525 4429 λίθων
1583 4366 1674 4420 καὶ
1728 4363 1979 4443 ψηφίδων

329 4453 423 4506 καί
455 4453 677 4508 εἰκόνων
708 4451 796 4508 διὰ
826 4452 1044 4528 χαλκοῦ
1073 4454 1457 4526 πεποιημένων
1491 4458 1600 4508 τῶν
1642 4453 1732 4508 ἀπ’
1784 4454 1977 4517 αἰῶνος

318 4542 534 4623 (ἀνδρῶν
580 4539 732 4619 ἔργα,
797 4546 960 4616 μόνον
997 4549 1076 4618 τῷ
1119 4546 1195 4616 μὴ
1254 4550 1505 4620 παρεῖναι
1557 4544 1743 4608 αὐταῖς
1794 4547 1975 4625 ψυχὰς

2082 1968 2141 2018 et
2169 1965 2420 2021 aliarum
2450 1967 2767 2024 haeresium
2799 1975 3119 2025 sectatores
3145 1976 3492 2042 persecutus
3514 1976 3604 2026 est
3626 1989 3641 2040 ;
3665 1977 3726 2028 et

2081 2053 2209 2126 lege
2240 2055 2359 2110 lata
2389 2072 2463 2111 ne
2491 2057 2624 2128 quis
2656 2059 2869 2113 Graecae
2898 2058 3203 2132 religionis
3245 2063 3346 2114 aut
3406 2059 3722 2115 haereticus

2079 2158 2206 2197 rem
2236 2144 2536 2215 publicam
2566 2151 2816 2218 gereret,
2849 2147 2952 2202 sed
2983 2147 3301 2202 Christiani
3324 2151 3573 2215 tantum,
3603 2148 3724 2203 illis

2079 2231 2378 2288 trimestre
2407 2238 2641 2306 tempus
2671 2234 2746 2290 ad
2777 2235 3246 2306 resipiscendum
3267 2236 3652 2307 praescripsit.

2152 2417 2322 2468 Anno
2355 2418 2566 2484 quarto
2589 2419 2818 2470 cometa
2840 2431 3087 2486 magnus
3109 2420 3168 2470 et
3191 2415 3473 2470 terribilis
3495 2415 3557 2469 in
3584 2429 3724 2486 par-

2085 2507 2200 2558 tem
2251 2501 2557 2557 occiduam
2613 2509 2888 2574 spectans
2934 2504 3252 2574 radiosque
3299 2519 3437 2558 suos
3488 2519 3730 2564 rursum

2082 2591 2380 2660 emittens,
2415 2607 2592 2662 quem
2623 2607 2657 2646 a
2683 2591 2830 2647 facis
2858 2592 3045 2664 ﬁgura
3086 2591 3446 2663 lampadiam
3495 2596 3727 2662 vocant,

2081 2679 2249 2734 fulsit
2277 2695 2383 2750 per
2415 2679 2540 2734 dies
2568 2679 2659 2733 20.

2154 2769 2368 2832 Quinto
2399 2784 2554 2822 anno
2587 2768 2796 2824 seditio
2829 2769 2958 2837 fuit,
3000 2769 3092 2824 cui
3155 2785 3190 2824 a
3235 2773 3459 2824 tessera
3506 2785 3729 2824 nomen

2082 2862 2173 2912 est
2194 2859 2354 2925 Nica,
2380 2857 2440 2912 id
2459 2863 2568 2925 est,
2598 2859 2796 2914 Vince.
2824 2859 3077 2930 Populus
3099 2859 3258 2913 enim
3283 2858 3616 2914 diademate
3639 2858 3729 2912 in-

2083 2946 2340 3017 signibat
2354 2947 2667 3016 Hypatium
2685 2947 2976 3002 Anastasii
3000 2945 3376 3018 imperatoris
3394 2951 3731 3016 cognatum.

2083 3033 2478 3105 Conﬂagravit
2509 3039 2648 3089 tunc
2679 3051 2894 3106 magna
2914 3035 3078 3089 urbis
3093 3051 3253 3105 pars,
3277 3035 3548 3105 Magnum
3571 3035 3735 3088 Tem-

2083 3123 2270 3194 plum,
2307 3128 2365 3176 et
2395 3123 2614 3177 chartas
2649 3122 2777 3192 ejus
2809 3123 3251 3194 privilegiorum
3301 3137 3369 3177 ac
3412 3121 3736 3192 redituum,

2086 3217 2212 3268 tum
2244 3213 2456 3268 Sancta
2480 3214 2623 3278 Pax,
2664 3218 2722 3267 et
2752 3213 3010 3283 hospitia
3038 3211 3488 3284 peregrinorum
3513 3227 3548 3266 a
3567 3211 3735 3266 Sam-

2007 3276 2052 3342 θ
2091 3321 2234 3358 sone
2265 3309 2324 3358 et
2350 3303 2578 3358 Eubulo
2609 3304 2845 3359 condita
2871 3320 3007 3359 cum
3028 3304 3174 3374 ipsis
3199 3303 3476 3370 inﬁrmis,
3496 3319 3736 3374 prosce-

2085 3394 2248 3448 nium
2259 3411 2371 3465 que
2394 3393 2590 3466 regias,
2618 3399 2675 3448 et
2690 3395 3091 3466 Augustaaum,
3113 3398 3170 3447 et
3189 3392 3394 3463 palatii
3413 3392 3737 3447 chalcoste-

2085 3499 2185 3553 ges
2215 3499 2352 3554 pars
2380 3499 2394 3549 ;
2428 3502 2560 3555 qum
2591 3501 2662 3539 ex
2696 3501 2763 3539 eo
2796 3483 3094 3554 hodieque
3126 3497 3281 3536 τοι-οδ.
3312 3481 3529 3536 dicitur
3574 3480 3737 3552 quod

2082 3571 2296 3644 tegulis
2328 3573 2497 3627 aereis
2529 3578 2587 3626 et
2618 3573 2908 3627 inauratis
2940 3577 3068 3626 erat
3097 3575 3270 3626 tecta.
3303 3571 3446 3624 Bina
3489 3586 3726 3640 quoque

2081 3667 2275 3716 rostra
2303 3661 2613 3716 combusta
2643 3667 2783 3716 sunt
2832 3677 3018 3730 usque
3070 3659 3144 3714 ad
3195 3660 3413 3714 forum.
3465 3658 3728 3728 Populus

2083 3756 2280 3804 autem
2331 3751 2750 3805 exsecrabatur
2794 3749 3196 3804 Iustinianum
3247 3752 3305 3800 et
3349 3745 3727 3800 contumeliis

2084 3838 2400 3894 afﬁciebat.
2435 3840 2938 3909 Compescuerunt
2969 3853 3098 3892 eam
3125 3836 3481 3891 seditionem
3506 3834 3729 3890 Belisa-

2082 3929 2206 3982 rius
2226 3929 2468 3984 Dundus
2489 3934 2547 3982 et
2565 3929 2798 3994 Narses,
2823 3927 3150 3981 interfectis
3171 3941 3304 3980 cum
3328 3925 3456 3995 ipso
3479 3924 3728 3996 Hypatio

2083 4017 2350 4072 millibus
2372 4017 2681 4071 hominum
2704 4019 2789 4070 35.
2811 4019 2970 4072 Tunc
2992 4021 3049 4070 et
3070 4016 3428 4086 Octagonum
3453 4006 3722 4069 iccendio

2084 4112 2175 4160 est
2229 4106 2630 4176 absumptum,
2681 4111 2740 4160 et
2795 4105 2947 4160 048
2995 4104 3275 4159 balneum
3321 4103 3515 4158 Severi
3569 4101 3729 4172 quod

2081 4195 2356 4266 Zeuxippi
2389 4211 2606 4249 nomen
2638 4195 2840 4267 gessit,
2874 4194 2934 4248 in
2965 4211 3080 4264 quo
3111 4193 3335 4248 varium
3369 4193 3563 4247 inerat
3592 4207 3732 4262 spe—

2083 4283 2381 4338 ctaculum
2410 4289 2733 4354 utrumque
2765 4283 3066 4354 splendor.
3097 4282 3322 4352 Quippe
3352 4281 3436 4335 ibi
3480 4280 3725 4334 fuerunt

2082 4373 2278 4427 omnis
2307 4373 2495 4426 aetatis
2529 4388 2710 4443 opera
2741 4388 2805 4426 ev
2835 4387 3152 4437 marmore,
3186 4371 3364 4434 saxis,
3411 4368 3728 4440 lapidibus,

2083 4478 2258 4533 opere
2291 4461 2614 4527 tessellato,
2655 4467 2710 4515 et
2762 4478 2930 4515 aerem
2983 4460 3301 4532 imagines;
3355 4458 3571 4529 quibus
3618 4457 3732 4511 hoc

2081 4567 2268 4606 unum
2300 4551 2504 4605 deerat
2533 4551 2691 4621 quod
2722 4552 2934 4606 animm
2966 4567 3087 4604 non
3110 4551 3567 4604 ineranteorum
3582 4563 3732 4618 quos

327 4637 436 4688 τῶν
465 4632 520 4696 ἐς
552 4634 645 4696 οὓς
701 4632 970 4708 ἐγένοντο.
1033 4632 1286 4704 Εἷστήνει
1342 4638 1629 4710 τοιγαροῦν
1695 4635 1829 4708 μετὰ
1863 4640 1970 4691 τῶν

2089 4657 2162 4695 eae
2201 4640 2557 4695 referebant.
2613 4641 2771 4695 Inter
2815 4639 3116 4712 praecipua
3161 4638 3262 4694 illa
3315 4643 3373 4692 et
3423 4637 3732 4710 ingenium

335 4720 616 4796 ἐξαιρέτων
643 4724 734 4778 καὶ
763 4726 888 4778 νοῦν
918 4717 1348 4798 ύπερόαινόετων
1405 4723 1620 4778 τούτωκ
1665 4723 1755 4778 καὶ
1794 4725 1978 4798 ’Όμη-

2091 4729 2435 4803 superantia
2463 4745 2643 4800 opera
2672 4730 2864 4785 stabat
2885 4735 2943 4785 et
2964 4730 3277 4796 Homerus,
3299 4727 3496 4801 qualis
3515 4726 3730 4795 fuerat,

1532 4853 1897 4910 XYLANDRI
1935 4857 2021 4913 ET
2060 4859 2275 4914 GOARI
2315 4859 2538 4913 ΝΟΤίΕ.

402 4966 513 5038 (26)
550 4966 633 5038 Ei:
661 4966 953 5038 corruptis
984 4965 1341 5038 etiobscnris
1371 4967 1744 5038 Theophanis
1783 4970 1975 5026 verbis

329 5037 516 5113 series
534 5035 620 5089 rei
630 5036 831 5113 colligi
842 5035 952 5092 tur.
987 5037 1076 5113 Ad
1099 5038 1406 5092 Circenses
1426 5035 1595 5093 ludos
1617 5041 1974 5113 quandoque

326 5107 594 5180 paofecto
621 5107 976 5180 Iustiniano,
1010 5110 1168 5164 inter
1225 5115 1469 5164 caeteras
1517 5107 1974 5168 acclamationes

323 5177 583 5252 populus
613 5177 790 5232 etiam
818 5181 917 5232 τοῦ
951 5180 1106 5252 βίκσς
1157 5187 1216 5252 tu
1268 5183 1454 5252 vincas
1502 5181 1726 5250 Latine,
1778 5185 1974 5240 Graece

321 5251 874 5324 vigaLapprecatus‘
897 5251 987 5306 est
1012 5269 1053 5324 ;ﬂ
1083 5251 1515 5324 confestimque
1567 5256 1974 5324 gravaminum

321 5322 435 5396 sibi
456 5322 758 5396 illatorum
781 5322 1164 5396 Calepodium
1189 5321 1504 5392 quemdam
1530 5321 1696 5379 reum
1720 5327 1976 5396 postula-

316 5394 397 5448 vit
425 5393 498 5448 ad
533 5395 884 5464 pmnam.Ex
907 5395 1290 5449 Prasinorum
1323 5399 1522 5448 autem
1546 5400 1604 5449 et
1628 5393 1974 5453 Venetorum

319 5465 430 5519 sibi
457 5464 681 5536 jugiter
709 5466 975 5536 adversis
1006 5465 1249 5519 vocibus
1279 5482 1398 5519 non
1432 5465 1665 5520 modico
1715 5471 1975 5524 tumultu

319 5533 630 5610 e_xor‘to,ai
668 5540 776 5610 τῷν
825 5533 1022 5605 δήμῶν
1071 5537 1362 5590 factiones
1411 5536 1750 5610 deAquibus
1800 5557 1976 5610 supe-

315 5608 468 5681 rius,
522 5608 838 5681 Hypatium
900 5611 1321 5681 imperatorem
1368 5607 1814 5681 exclamarunt,
1872 5607 1974 5681 qui

321 5678 518 5750 nihilo,
546 5679 741 5733 secius
772 5694 909 5750 cum
936 5679 1212 5750 plurimis
1242 5678 1650 5750 partitionibus
1681 5678 1972 5748 Helisei-ii,

323 5749 524 5806 Mundi
557 5755 618 5804 et
644 5748 906 5805 Narsetis
936 5749 1117 5804 armis
1165 5748 1375 5804 in'illa
1418 5750 1709 5806 seditione
1757 5753 1975 5810 misere

2088 4973 2414 5029 exstinctus
2445 4977 2554 5028 est.
2589 4975 2765 5030 Cosa.

2159 5047 2270 5120 {27)
2303 5046 2530 5120 Clarius
2561 5047 2772 5120 Sancta,
2800 5047 2981 5120 Irenes
3012 5041 3496 5120 templum-Com:
3659 5108 3670 5120 .

2159 5111 2267 5186 (28)
2303 5119 2644 5187 Suggestum
2689 5117 2973 5170 elevatius
3023 5111 3172 5169 atrio
3220 5111 3499 5187 anteriori
3548 5111 3727 5187 regias

2085 5178 2528 5258 ἀοίίιιιίδελῖοὶέἃι
2558 5189 2936 5247 Simocattai,
2997 5190 3045 5253 1,
3095 5181 3394 5258 προαύλιον
3444 5178 3731 5256 περιφανὲς

2083 5257 2173 5310 καὶ
2206 5254 2484 5330 περίδοξον
2512 5259 2865 5326 προσκήνιον.
2899 5259 3071 5330 ΟΟΑΒ.

2158 5321 2596 5414 ‘22)ISinioc'at'a
2625 5347 2664 5394 ι,
2699 5321 2786 5414 ξΟ,
2820 5329 3185 5414 sc‘ribit‘esse
3214 5323 3506 5413 ᾀνάκτκρον
3556 5321 3613 5414 ἐν
3657 5325 3736 5393 τῷ

2093 5395 2336 5487 μεγάλῳ,
2370 5397 2603 5488 Θαλάμῳ
2658 5404 2738 5470 τῷ
2763 5395 2942 5489 (πρὸξ⁹
2978 5401 3046 5486 τῇ
3110 5396 3338 5486 μεγίστῇ
3413 5395 3519 5449 τῶν
3586 5395 3737 5483 βασι-

2085 5467 2249 5523 λείων
2279 5469 2446 5540 αυλῃ.
2480 5476 2846 5541 Αυγουσταιος
2897 5489 2923 5522 o
2992 5488 3094 5541 αρα
3143 5489 3324 5537 ουτος,
3370 5471 3734 5538 κατονομάζε-

2086 5493 2249 5523 Λειων
2279 5493 2446 5540 αυΑῃ.
2480 5493 2846 5542 Λυγουσταιος
2897 5493 2923 5522 Ο
2992 5493 3094 5541 αρα
3143 5493 3324 5537 ουτος,
3370 5493 3734 5538 κατονομαςε·

2082 5561 2191 5594 ται.
2226 5545 2267 5596 Ε
2301 5543 2537 5613 regione
2571 5549 2697 5597 erat
2741 5543 3040 5605 columna,
3094 5547 3148 5594 et
3203 5541 3495 5613 columnae
3541 5544 3736 5594 statua

2083 5613 2799 5741 izstétianisuperposita,
2833 5614 2904 5668 de
2956 5629 3073 5685 qua
3121 5613 3216 5685 hic
3266 5612 3532 5685 ejusdem
3578 5626 3736 5666 anno

2162 5733 2169 5741 .
2253 5701 2382 5742 on.
