4124 6312
429 387 552 448 ’107

1819 385 2141 448 GEORGII
2185 387 2522 450 CEDRENI

3723 388 3829 455 708

433 519 557 592 cogi
566 517 1163 587 tabundus,manibus
1178 517 1465 572 consertis
1477 516 1633 572 infra
1645 520 1872 588 pectus,
1896 517 2060 573 barba

2197 536 2309 591 ρος,
2342 517 2533 579 ὁποῖος
2573 519 2658 587 ἦν,
2692 518 2935 592 συνάγων
2969 517 3059 572 οὸν
3089 521 3235 588 νοῦν,
3262 516 3341 573 τὼ
3387 522 3540 593 χεῖρε
3590 519 3829 591 συζεύξας

435 609 563 665 sine
596 607 759 662 cultu
792 606 1090 661 demissa:
1126 606 1322 678 capilli
1355 607 1565 677 capitis
1588 607 1992 677 mquales,rari
2016 607 2088 662 ab

433 704 688 767 utraque
710 696 1009 767 sincipitis
1033 695 1416 766 parte,facies
1439 712 1558 766 prie
1579 696 1745 749 senio
1762 695 1991 751 hirsuta
2020 713 2088 752 ac

435 787 592 843 curis
624 786 694 841 de
722 787 1016 852 universo,
1052 801 1230 840 nasus
1252 784 1326 839 ad
1345 785 1604 856 reliquas
1625 791 1823 856 partes
1846 803 2088 857 propor-

434 879 596 934 tione
629 879 866 949 aaquali,
902 877 1056 932 oculi
1081 877 1382 949 palpebris
1401 877 1588 944 afﬁxi,
1616 877 1697 932 ita
1717 882 1783 932 ut
1813 879 1951 932 ι)ωοὶ
1972 879 2086 933 for-

428 984 589 1024 mam
621 985 744 1039 praa
769 983 831 1022 se
859 967 1103 1033 ferrent,
1135 967 1371 1036 qualem
1397 983 1531 1020 eum
1557 966 1740 1021 fuisse
1767 966 1925 1022 fama
1947 968 2082 1024 fert.

431 1058 619 1130 Supra
661 1058 922 1112 tunicam
956 1056 1198 1128 palliolo
1230 1062 1357 1111 erat
1386 1056 1658 1126 amictus,
1691 1061 1750 1112 et
1791 1057 1864 1112 ad
1913 1057 2082 1113 basin

431 1147 586 1202 infra
609 1146 790 1218 pedes
823 1147 950 1217 ejus
983 1145 1176 1201 lorum
1209 1145 1507 1216 quoddam
1531 1161 1760 1200 aeneum
1787 1150 1913 1201 erat
1942 1147 2083 1202 sub-

420 1236 648 1308 jectum
662 1236 1048 1306 .Erantporro
1066 1251 1243 1288 aeneae
1259 1234 1550 1289 columnaa
1568 1235 1835 1290 omnium
1851 1237 2082 1306 sapien-

429 1325 533 1390 tia,
565 1324 751 1395 poesi,
789 1330 914 1378 arte
956 1323 1213 1386 dicendi,
1276 1339 1342 1378 ac
1390 1323 1738 1377 fortitudine
1784 1325 2078 1380 clarorum

425 1414 707 1469 virorum.
743 1413 886 1468 Cum
920 1413 1013 1467 his
1042 1412 1221 1484 periit
1250 1413 1427 1467 etiam
1452 1412 1663 1467 domus
1684 1413 2079 1483 quaelumina-

424 1503 581 1558 rium
601 1508 1030 1557 nocturnorum
1054 1502 1286 1566 dicitur,
1321 1506 1524 1572 utpote
1543 1501 1837 1574 fastigium
1852 1502 2076 1558 habens

415 1593 680 1666 ligneum
707 1611 720 1660 ;
755 1593 816 1647 in
848 1609 964 1664 quo
998 1608 1140 1663 opes
1173 1598 1342 1646 erant
1373 1608 1579 1645 eorum
1621 1592 1721 1662 qui
1749 1592 2074 1648 sericorum

415 1683 934 1755 pretiosorumque
961 1685 1019 1735 et
1048 1697 1192 1736 auro
1211 1681 1567 1735 intextorum
1589 1681 2072 1737 vestimentorum

419 1771 1477 1841 exercebantmercaturam.Denique
1501 1771 1695 1824 omnis
1713 1771 1876 1825 urbis
1893 1770 2074 1826 decor

423 1862 525 1931 qui
557 1861 849 1932 superiori
883 1859 1160 1914 incendio
1194 1859 1587 1931 superfuerat,
1629 1865 1770 1914 tunc
1821 1859 2068 1916 interiit.

419 1949 642 2006 Eodem
659 1967 816 2004 anno
851 1965 1100 2021 magnus
1129 1948 1242 2003 fuit
1271 1949 1580 2003 stellarum
1613 1947 1936 2016 discursus,
1985 1949 2069 2004 ita

419 2045 488 2095 ut
525 2056 734 2094 omnes
766 2043 1246 2109 perterrerentur
1277 2053 1344 2092 ac
1373 2037 1675 2093 dicerent:
1708 2039 1854 2092 Ecce
1886 2038 2067 2094 stellas

415 2131 671 2185 cadunt:
702 2128 1004 2184 nescimus
1035 2128 1180 2198 quid
1213 2127 1289 2182 sit
1318 2126 1604 2183 futurum.

2101 1905 2148 1970 B

2202 606 2400 661 ὑπὸτά
2431 608 2640 680 στέρνα.
2696 607 2792 662 Καὶ
2851 608 3055 682 πώγων
3122 605 3289 662 αὐτοῦ
3345 606 3536 670 ἁπλῶς
3601 610 3826 683 καθεῖτο,

2198 695 2314 770 θρίξ
2345 717 2404 752 τε
2435 695 2523 750 ἐπὶ
2553 702 2653 766 τῆς
2707 695 2952 773 κεφαλῆς
2998 695 3166 769 ὁμοία
3223 695 3277 750 ἐν
3342 701 3457 758 τοῖς
3513 697 3828 771 ἑκατέρωθεν

2193 791 2291 841 τοῦ
2353 787 2661 862 βρέγματος
2745 786 3107 861 ἀραιουμένη,
3195 789 3586 866 τετριχωμένῳ
3653 785 3711 844 δὲ
3759 796 3828 863 τῷ

2194 879 2480 951 προσώπῳ
2518 879 2716 952 γήρατι
2753 875 2844 932 καὶ
2874 882 2992 938 ταῖς
3028 877 3160 951 ὑπὲρ
3207 881 3304 932 τοῦ
3345 877 3541 939 παντὸς
3593 878 3825 955 φροντίσι

2194 966 2277 1040 ῥὶς
2320 965 2413 1038 μέν
2471 966 2812 1039 ἧννμετρίως
2869 961 3074 1044 ἔχουσα
3137 966 3274 1038 πρὸς
3333 967 3558 1034 ἅπαντα,
3617 966 3826 1040 ὄμματα

2193 1055 2251 1112 δὲ
2277 1057 2597 1130 συνημμένα
2627 1060 2744 1110 τοῖν
2775 1053 3096 1130 βλεφάροιν,
3155 1055 3272 1109 οἷον
3322 1055 3410 1110 καὶ
3444 1055 3472 1109 6
3500 1055 3622 1130 περὶ
3673 1056 3825 1113 αὐτοῦ

2192 1145 2360 1220 λόγος
2417 1143 2554 1220 ἔχει,
2617 1145 2820 1222 τυφλὸν
2873 1142 3222 1220 ἐμφαίναντα.
3269 1139 3629 1215 Ἀνεῦέϐλητο
3661 1143 3718 1200 δὲ
3745 1146 3825 1202 καὶ

2188 1229 2479 1309 τριϐώνιον
2520 1231 2608 1287 ἐπὶ
2667 1236 2886 1310 χιτῶνι,
2940 1231 3031 1286 καὶ
3061 1234 3146 1304 [Ρ.
3181 1235 3304 1304 370]
3363 1233 3488 1287 ὅσον
3543 1233 3621 1295 εἷς
3676 1235 3821 1309 βάσιν

2187 1324 2318 1395 ἱμάς
2349 1344 2433 1383 τις
2476 1319 2722 1397 ’χαλκοῦς
2773 1325 2888 1382 τοῖς
2942 1321 3100 1376 ποσὶν
3168 1321 3436 1376 ὑπέκειτο·
3507 1321 3716 1392 Στῆλαι
3772 1321 3824 1379 δὲ

2185 1414 2320 1482 ἦσαν
2365 1411 2424 1466 έκ
2473 1409 2688 1485 χαλκοῦ
2753 1411 3120 1483 πεποιημέναι
3173 1416 3281 1466 τῶν
3337 1415 3518 1491 σοφῶν
3584 1412 3822 1468 ἀπάντων

2183 1506 2291 1557 τῶν
2327 1499 2554 1576 ὑψηλῶν
2587 1499 2676 1555 καὶ
2706 1504 2952 1571 ποιητῶν
2979 1499 3071 1556 καὶ
3122 1497 3396 1576 ῥητόρων,
3450 1501 3538 1557 καὶ
3583 1501 3699 1558 ὅσοι
3745 1501 3822 1558 ἐπ’

2183 1588 2371 1666 ἀνδρίᾳ
2397 1590 2643 1665 ἐγένοντο
2675 1585 2985 1659 διαϐόητοι.
3027 1591 3230 1668 ’ῼχετο
3259 1589 3436 1646 τοίνυν
3497 1589 3591 1645 σὺν
3615 1593 3824 1655 τούτοις

2181 1680 2271 1734 καὶ
2305 1681 2332 1735 6
2367 1680 2426 1734 ἐκ
2454 1684 2564 1735 τῶν
2596 1679 2790 1757 φώτων
2819 1683 2927 1734 τῶν
2966 1679 3102 1734 κατά
3156 1678 3252 1742 τάς
3297 1680 3522 1755 ἑσπέρας
3571 1679 3822 1754 λαμπτή-

2182 1787 2289 1837 ρων
2324 1765 2755 1839 ἐπικαλούμενος
2788 1766 2960 1838 οἶκος,
3009 1761 3101 1821 ἅτε
3141 1766 3234 1821 τὸν
3279 1766 3476 1846 ὄροφον
3531 1769 3616 1822 καὶ
3667 1767 3823 1829 αὐτὸς

2181 1856 2240 1911 ἐκ
2269 1855 2444 1927 ξύλων
2478 1852 2643 1933 ἔχων,
2678 1856 2729 1910 έν
2764 1855 2810 1928 ᾧ
2839 1858 2895 1911 αἱ
2941 1856 3244 1931 περιουσίαι
3291 1861 3399 1911 τῶν
3449 1856 3819 1930 ἐμπορευομέ-

2177 1967 2285 2000 νων
2314 1944 2381 1998 τά
2408 1965 2468 1999 τε
2488 1945 2688 2018 σηρικά
2716 1944 2805 1999 καὶ
2837 1942 3115 2014 πολυτελῆ
3146 1944 3236 1999 καὶ
3297 1946 3667 2020 χρυσόπαστα.
3719 1945 3818 2002 Καὶ

2178 2038 2284 2090 πᾶυ
2311 2034 2374 2088 τὸ
2413 2031 2621 2096 κάλλος
2677 2039 2776 2101 τῆς
2833 2033 3068 2099 πόλεως,
3125 2035 3255 2106 ὅπερ
3313 2035 3416 2089 ὑπὸ
3470 2040 3567 2091 τοῦ
3625 2036 3816 2108 πρώην

2139 2172 2147 2177 .
2183 2121 2430 2201 μεγάλου
2463 2122 2795 2200 ἐμπρησμοῦ
2825 2122 3173 2200 κατελείφθη,
3209 2121 3479 2181 ἀπώλετο.
3529 2127 3620 2196 Τῷ
3670 2127 3818 2198 αὐτῷ

410 2211 516 2274 ἔτει
575 2218 798 2292 γέγονεν
855 2216 1093 2290 ἀστέρων
1149 2212 1353 2289 δρόμος
1408 2213 1605 2288 πολὺς,
1663 2213 1801 2270 ὥστε
1856 2212 2058 2274 πάντας
2117 2211 2513 2284 ἐκπλήττεσθαι
2589 2213 2679 2268 καὶ
2741 2209 2924 2288 λέγειν
2976 2213 3083 2283 ὅτι,
3143 2210 3286 2270 Ἰδοὺ
3339 2215 3391 2269 οἱ
3447 2212 3670 2289 ἀστέρες
3732 2216 3816 2270 πί-

413 2325 630 2362 πτουσισ
662 2307 715 2359 τί
755 2303 858 2378 ἄρα
887 2302 1034 2359 ἔσται
1065 2306 1165 2358 οὐκ
1194 2301 1447 2377 οἵδαμεν.

487 2398 638 2452 649
672 2396 855 2451 Annis
886 2400 916 2451 6
949 2402 1007 2451 et
1035 2400 1064 2450 '7
1100 2395 1418 2451 Belisarius
1473 2395 1698 2451 bellum
1757 2396 1818 2451 in
1866 2395 2065 2451 Africa

416 2487 614 2560 gessit,
642 2485 800 2556 quod
825 2485 1144 2556 Procopius
1160 2485 1540 2539 Caesariensis
1563 2489 1692 2539 octo
1723 2485 1891 2540 libris
1920 2501 2064 2540 con-

415 2575 672 2647 scripsit.
700 2575 942 2646 Subegit
962 2574 1375 2645 Carthaginem
1396 2579 1452 2628 et
1471 2574 1619 2628 alios
1644 2574 1860 2629 multos
1881 2591 2060 2646 p0pu-

411 2664 503 2720 los
533 2681 548 2734 ;
583 2665 1076 2734 Gilimerumque.
1110 2680 1245 2718 cum
1278 2664 1326 2718 is
1357 2664 1418 2717 in
1450 2669 1712 2718 montem
1771 2664 2059 2719 Numidia:

405 2755 711 2826 Pappuam
743 2753 1127 2825 confugisset,
1157 2753 1464 2808 obsidione
1498 2753 1901 2820 circumvenit,
1927 2753 2059 2808 reli-

407 2849 620 2915 ctoque
651 2842 726 2898 ad
757 2859 884 2897 eam
920 2843 1130 2908 Phara,
1159 2841 1370 2913 Cpolin
1401 2842 1596 2896 rediit.
1633 2840 1892 2905 Gilimer,
1924 2859 2058 2898 cum

405 2932 471 2988 in
493 2931 764 2988 hibernis
793 2932 1130 2986 miserrime
1152 2931 1391 2994 viveret,
1423 2947 1456 2985 a
1485 2931 1676 2986 Phara
1706 2947 1810 3002 per
1831 2931 2058 2986 litteras

408 3021 558 3093 petit
585 3027 652 3076 ut
681 3020 792 3076 sibi
825 3020 1021 3075 mittat
1050 3036 1286 3090 panem,
1322 3021 1629 3091 spongiam
1661 3025 1718 3074 et
1748 3020 2055 3079 citharam.

407 3113 553 3167 Nam
585 3110 741 3182 apud
772 3110 1100 3164 Maurusios
1130 3126 1326 3180 neque
1356 3109 1558 3164 vinum
1615 3126 1807 3179 neque
1859 3109 2058 3164 oleum

405 3216 600 3270 neque
631 3200 996 3253 frumentum
1018 3197 1232 3253 colitur
1258 3215 1271 3252 :
1298 3198 1588 3253 hordeum
1612 3203 1839 3252 tantum
1864 3203 1921 3253 et
1938 3198 2056 3269 oly-

403 3305 502 3343 ras
535 3288 692 3342 elixa
720 3287 910 3340 instar
930 3303 1209 3356 pecorum
1238 3287 1441 3341 edunt.
1475 3288 1674 3342 Pharae
1695 3286 1891 3342 animo
1915 3304 2053 3358 pen-

405 3375 958 3443 dente,tabellarius
973 3375 1233 3428 ostendit
1250 3375 1596 3430 Gilimerum
1611 3392 1826 3446 cupere
1837 3392 2054 3447 panem

405 3464 605 3520 videre
633 3480 700 3518 ac
729 3468 986 3535 gustare,
1021 3463 1269 3534 spongia
1299 3469 1497 3517 autem
1529 3463 1602 3518 ad
1633 3463 2054 3535 abstergendas

405 3555 495 3610 uti
524 3554 822 3620 lacrimas,
856 3553 1144 3607 citharam
1178 3553 1481 3622 requirere
1531 3553 1604 3608 ad
1648 3553 2052 3611 decantandas

406 3661 546 3701 suas
577 3642 870 3699 miserias.
907 3643 1039 3696 Haec
1071 3658 1206 3696 cum
1237 3641 1555 3696 audivisset
1603 3643 1845 3711 Pharas,
1894 3645 2052 3716 gravi

406 3734 610 3790 dolore
642 3737 837 3787 motus
868 3749 936 3787 ac
966 3732 1243 3786 humanae
1261 3731 1512 3785 fortunae
1535 3730 1791 3787 ludibria
1812 3732 2056 3788 subsan-

401 3840 573 3887 nans,
609 3822 812 3877 omnia
838 3821 943 3875 illa
973 3821 1027 3876 ei
1060 3821 1242 3877 misit.
1276 3823 1501 3876 Rursus
1532 3821 1854 3892 imperator
1901 3823 2051 3878 Beli-

401 3915 626 3968 sarium
651 3912 856 3966 ducem
883 3911 1066 3965 mittit
1088 3926 1223 3966 cum
1247 3910 1508 3964 exercitu
1531 3910 1756 3982 ingenti
1779 3917 1833 3966 et
1863 3911 2051 3968 classe

402 4018 618 4074 magna
650 4007 706 4055 et
736 4001 863 4054 auri
887 4000 938 4053 vi
969 4000 1042 4054 ad
1063 3999 1483 4054 debellandum
1509 4000 1800 4055 Vandalos
1823 4002 2050 4056 etsubi-

399 4089 658 4163 gendam
687 4089 967 4144 Africam.
1014 4087 1186 4158 lsque
1243 4087 1588 4156 calliditate,
1637 4089 1954 4160 prudentia
1995 4097 2055 4147 et

400 4179 752 4235 fortitudine
784 4177 1086 4249 praeclaris
1109 4193 1270 4244 usus,
1287 4176 1537 4232 Africam
1562 4177 2056 4252 subegit,Gilime-

399 4283 654 4338 rumque
686 4267 746 4322 in
776 4270 1128 4337 potestatem
1155 4281 1320 4321 suam
1345 4265 1650 4322 redactum
1674 4284 1808 4324 cum
1821 4269 2053 4342 magnis

402 4357 614 4428 opibus
643 4355 850 4426 Cpolin
881 4354 1148 4410 abduxit.
1202 4355 1604 4425 Triumphavit
1654 4357 1716 4410 in
1771 4358 1959 4425 Circo,
1995 4363 2055 4413 et

401 4445 778 4502 consulatum
813 4444 993 4515 gessit
1024 4443 1086 4496 in
1116 4443 1282 4498 urbe.
1325 4444 1483 4498 Adeo
1527 4449 1728 4499 autem
1774 4452 2052 4518 acceptus

403 4535 519 4590 fuit
543 4533 904 4598 Justiniano,
938 4536 1003 4586 ut
1035 4531 1082 4585 is
1127 4549 1405 4602 percusso
1460 4550 1704 4589 nummo
1752 4535 1812 4589 in
1868 4536 2054 4592 altera

2244 2396 2334 2463 Τῷ
2367 2394 2408 2462 ζ’
2461 2394 2551 2447 καὶ
2605 2395 2646 2462 ζ’
2685 2391 2789 2448 ἔτει
2845 2394 2912 2449 τὰ
2975 2397 3077 2447 τοῦ
3133 2391 3456 2466 Βελισαρίου
3511 2395 3811 2468 στρατήγή-

2175 2502 2318 2555 ματα
2347 2483 2483 2537 κατά
2513 2477 2718 2551 Λιϐύην
2753 2481 3016 2556 ἐγένοντο,
3076 2483 3231 2536 ἅτινα
3284 2481 3592 2556 Προκόπιος
3623 2484 3650 2538 6
3685 2485 3813 2540 Και-

2171 2571 2360 2647 σαρεὺς
2391 2572 2444 2626 έν
2474 2577 2526 2643 η’
2559 2567 2803 2647 βιϐλίοις
2845 2571 3238 2647 συνεγράψατο.
3292 2572 3466 2635 Οὗτος
3513 2573 3613 2643 τήν
3664 2576 3813 2648 Καρ-

2169 2659 2384 2739 χηδόνα
2411 2663 2686 2736 κρατήσας
2715 2662 2805 2716 καὶ
2839 2658 2984 2716 ἄλλα
3005 2658 3128 2732 ἔθνη
3163 2658 3370 2729 πολλὰ,
3408 2661 3501 2716 τὸν
3544 2659 3600 2717 δὶ
3657 2661 3815 2718 Γιλί-

2172 2771 2311 2824 μερα
2340 2750 2576 2829 φυγόντα
2617 2749 2692 2811 εἷς
2744 2745 3044 2821 Νουμιδίας
3090 2749 3153 2803 τὸ
3193 2749 3320 2822 ὅρος
3369 2747 3664 2803 Παππούαν
3715 2769 3814 2804 πε-

2171 2839 2516 2914 ριεστοίχισε.
2551 2837 2874 2894 Καταλιπών
2903 2858 2962 2892 τε
2988 2837 3080 2892 τὸν
3115 2837 3295 2912 Φαράν
3357 2836 3430 2899 εἷς
3485 2836 3808 2912 πολιορκίαν

2169 2929 2375 2983 ἐκείνου
2404 2927 2647 2997 είσῆλςεν
2699 2925 2750 2983 έν
2810 2925 3398 2986 Σωνσταντινουπόλει,
3447 2927 3508 2984 Ὁ
3549 2924 3607 2981 δὲ
3657 2925 3812 2982 Γιλί-

2171 3037 2270 3093 μερ
2301 3015 2550 3078 ἐλεεινῶς
2582 3015 2988 3090 χειμαζόμενος
3027 3018 3219 3092 γράφει
3269 3019 3347 3086 τῷ
3386 3017 3592 3090 Φαράν,
3646 3016 3809 3088 ἀξιῶν

2165 3105 2477 3184 πεμφθῆναί
2507 3106 2559 3159 οἱ
2591 3104 2750 3178 ἄρτον
2810 3103 2899 3158 καὶ
2953 3104 3189 3180 σπόγγον
3239 3103 3328 3158 καὶ
3382 3104 3628 3179 κιθάραν⁴
3679 3106 3809 3180 μαρ’

2166 3191 2393 3256 ἐκείνοις
2423 3194 2524 3269 γὰρ
2551 3198 2671 3254 τοῖς
2700 3192 3063 3269 Μαυρουσίοις
3094 3189 3218 3247 οὔτε
3248 3192 3394 3256 οἶνος
3443 3188 3570 3247 οὔτε
3615 3189 3802 3247 ἔλαιον

2167 3280 2292 3339 οὔτε
2322 3289 2469 3345 σῖτος
2515 3287 2862 3358 γεωργεῖται,
2921 3282 3067 3338 ἀλλά
3117 3281 3303 3354 κριθάς
3349 3282 3438 3336 καὶ
3481 3281 3682 3356 ὀλύρας
3727 3282 3803 3344 ὡς

2160 3369 2342 3445 ἄλογα
2391 3376 2502 3442 ζῷα
2547 3369 2679 3446 ἑφθὰ
2728 3369 3038 3438 σιτίζονται.
3071 3369 3134 3424 ⁸0
3191 3366 3248 3423 δὲ
3305 3370 3490 3446 Φαρὰς
3550 3369 3802 3444 διηπόρει

2158 3458 2283 3533 περὶ
2313 3459 2540 3527 τούτων,
2588 3445 2696 3522 ἕως
2729 3459 2756 3513 6
2784 3459 2883 3527 τὴν
2931 3454 3227 3527 ἐπιστολὴν
3275 3445 3507 3531 κομίσας
3555 3455 3656 3537 ἔφη
3717 3459 3801 3514 ὃτι

2160 3544 2323 3621 ἄρτον
2360 3548 2452 3620 μὲν
2483 3545 2735 3620 ἐπιθυμεῖ
2763 3545 3054 3622 γεύσασθαι
3084 3546 3171 3600 καὶ
3208 3542 3364 3614 ἰδεῖν,
3415 3547 3506 3601 τὸν
3564 3548 3802 3621 σπόγγον

2161 3635 2220 3692 δὲ
2251 3635 2338 3693 διὰ
2363 3638 2427 3692 τὸ
2474 3639 2544 3693 τὰ
2591 3635 2798 3712 δάκργα
2852 3637 3275 3710 ἀπομάττεσθαι,
3321 3638 3418 3706 τήν
3459 3634 3516 3692 δὲ
3558 3637 3800 3712 κιθάραν,

2160 3726 2310 3790 ὅπως
2336 3726 2430 3788 τὰς
2456 3727 2737 3804 συμφορὰς
2782 3725 2951 3780 αὐτοῦ
3009 3722 3403 3800 έκτραγῳδοίη.
3463 3729 3648 3783 Ταῦτα
3686 3733 3802 3782 Φα-

2161 3817 2256 3890 ρᾶς
2313 3816 2566 3883 ἀκούσας,
2625 3815 2998 3890 περιαλγήσας
3057 3837 3116 3870 τε
3153 3814 3240 3870 καί
3297 3817 3396 3885 τήν
3456 3815 3802 3890 ἀνθρωπίνην

2159 3907 2333 3982 τύχην
2366 3905 2982 3981 ἐκμυκτηρίσας,πάντα
3029 3903 3309 3979 ἐξέπεμψε.
3362 3904 3537 3962 Πάλιν
3585 3904 3642 3962 δὲ
3689 3906 3804 3976 ἐξα-

2158 3994 2434 4052 πέστειλεν
2468 3996 2495 4049 6
2528 3993 2784 4071 βασιλεὺς
2809 3995 2900 4049 τὸν
2955 3992 3276 4068 Βελισάριον
3324 3995 3623 4070 στρατηγὸν
3671 3998 3814 4067 μετά

2159 4084 2405 4155 πλήθοτς
2436 4083 2805 4159 ἀναριθμήτου
2861 4083 2954 4137 καὶ
3006 4081 3220 4138 πλοίων
3269 4082 3358 4137 καὶ
3407 4087 3616 4159 χρυσοῦ
3669 4082 3816 4139 πολ-

2161 4173 2263 4230 λοῦ
2293 4171 2748 4245 καταπολεμῆσαι
2783 4168 3134 4242 Οὐανδήλους
3165 4172 3256 4227 καὶ
3289 4173 3551 4251 Ἀφρικὴν
3612 4172 3819 4248 ἐκπορ-

2159 4267 2336 4336 θῆσαι·
2371 4263 2430 4324 ὅς
2461 4263 2724 4342 ἀγχινοίᾳ
2769 4261 2860 4316 καὶ
2919 4262 3181 4341 φρονήσει
3236 4261 3326 4316 καὶ
3385 4259 3580 4336 ἀνδρίᾳ
3638 4265 3817 4318 πάντα

2158 4353 2507 4426 λη’ίσάμενες,
2539 4351 2628 4406 καὶ
2689 4348 2919 4425 Γιλίμερ
2981 4349 3213 4423 ἐγκρατῆ
3266 4351 3658 4424 ποιησάμενος,
3717 4353 3816 4408 ἀν-

2157 4446 2360 4518 ήγαγεν
2386 4441 2437 4496 έν
2475 4445 2544 4514 τῇ
2573 4438 2732 4494 πόλει
2769 4440 2903 4512 μετά
2943 4436 3185 4494 πλούτου
3216 4437 3432 4495 πολλοῦ
3461 4439 3552 4495 καὶ
3584 4439 3814 4517 ἐθριάμ-

2157 4528 2342 4587 ϐευσεν
2374 4530 2426 4585 ἐν
2457 4534 2536 4601 τῷ
2569 4529 2804 4600 ἱππίκῶ,
2856 4527 3111 4584 ῦπατείαν
3165 4529 3398 4596 ποιήσαν
3458 4532 3567 4602 (30)
3626 4528 3678 4584 έν
3733 4535 3805 4602 τῇ
3857 4531 3860 4536 ’

394 4627 564 4694 parte
599 4637 682 4684 se,
718 4620 778 4674 in
809 4620 996 4674 altera
1017 4626 1184 4691 parte
1209 4620 1554 4676 Belisarium
1576 4629 1870 4679 armatum
1883 4626 2050 4680 afﬁn-

2171 4622 2342 4692 τόΛει,
2395 4617 2535 4674 ὣστε
2593 4616 2968 4674 Ἰουστινιανὸν
3025 4613 3422 4689 ἀποδεξάμενον
3478 4618 3528 4673 ἐν
3579 4619 3670 4689 μὲν
3717 4622 3799 4689 τῷ

397 4708 1112 4779 xerit,cuminscriptione
1130 4709 1237 4764 hac
1261 4725 1274 4762 :
1309 4709 1624 4764 Belisarius
1647 4713 2046 4769 Romanorum

398 4799 596 4854 drcus.
612 4797 924 4851 Enimvero
941 4797 1252 4864 invidia,ut
1278 4797 1427 4852 solet
1449 4797 1624 4854 rebus
1648 4803 2046 4872 prosperrime

2155 4711 2233 4768 ἑνὶ
2269 4711 2418 4786 μέρει
2466 4713 2564 4764 τοῦ
2623 4709 2960 4780 νομίσματος
3021 4706 3206 4762 ἑαυτὸν
3263 4705 3571 4782 ἐγχαράξαι,
3628 4705 3680 4762 έν
3739 4705 3803 4762 δὲ

2159 4805 2239 4873 τῷ
2274 4795 2441 4876 ένέρῳ
2475 4795 2793 4871 Βελισάριον
2829 4792 3084 4866 ἔνοπλον,
3133 4795 3225 4850 καὶ
3273 4794 3586 4872 ἐπιγράψαι’
3642 4795 3806 4852 Βελι-

1594 4950 1953 5010 XYLANDRI
1993 4955 2078 5013 ET
2117 4953 2331 5012 GOARI
2373 4952 2594 5009 ΝΟΤΔΕ.

467 5111 582 5181 (30)
613 5109 800 5181 Supra
832 5108 1109 5181 annotavi
1165 5103 1418 5181 ὑπατείαν
1439 5124 1553 5181 pro
1590 5125 1837 5165 numere
1887 5111 2046 5181 quod

397 5178 605 5252 consul
635 5178 857 5252 populo
888 5179 1054 5234 daret
1082 5178 1241 5252 poni,
1264 5179 1553 5252 principio
1574 5178 2045 5236 Iustiniani—611a-

393 5252 540 5306 τείαν
572 5249 796 5308 διδόναι.
831 5253 1043 5306 Verum
1080 5249 1136 5304 id
1160 5251 1254 5304 hic
1283 5249 1474 5306 locum
1503 5253 1801 5322 quomodo
1833 5253 2048 5309 habeat

399 5330 501 5378 aut
521 5341 638 5394 non
657 5322 1458 5394 habeatintelliges.Zonaras
1471 5322 1541 5376 de
1556 5324 1666 5378 hac
1678 5342 1740 5378 re
1761 5325 1860 5380 ita:
1881 5323 2044 5380 Βελε-

399 5393 584 5466 σάριος
616 5391 671 5448 δὲ
712 5394 798 5447 καὶ
857 5391 1108 5453 ὑπατείας
1164 5391 1614 5466 ἡξίιυτοηΑρυό
1668 5397 2041 5466 Procopium.

397 5463 498 5536 qui
523 5466 923 5521 Gilimericum
951 5467 1058 5519 hoc
1079 5463 1546 5535 negotiumlibro
1572 5466 1715 5520 Belli
1745 5463 2040 5523 Van—dalici

394 5537 591 5609 priore
619 5537 954 5609 doscripsit,
985 5537 1086 5609 ita,
1123 5536 1357 5609 legitur,
1403 5536 1800 5609 _Volaterrano
1857 5541 2044 5594 inter-

392 5605 557 5682 prete
585 5625 598 5662 :
635 5630 662 5658 ‹‹
696 5605 878 5682 Paulo
909 5605 1352 5682 post_BeliSario
1386 5605 1658 5682 decretus
1702 5609 2041 5681 triumphus

389 5677 556 5740 inore
589 5679 992 5750 antiquorum.
1024 5678 1168 5734 Nam
1199 5677 1406 5733 consul
1439 5677 1626 5734 factus
1687 5685 1797 5749 est,
1849 5677 2037 5741 curuli

2157 5109 2299 5165 sella
2327 5106 2592 5183 humeris
2623 5107 3279 5183 captivorumginvectus
3304 5116 3601 5183 argentea,
3625 5128 3809 5167 zonas

2155 5196 2372 5255 aureas
2394 5179 2657 5255 aliasque
2689 5195 2720 5233 e
2752 5179 2958 5249 spoliis
2988 5179 3398 5255 Vandalorunf
3415 5182 3652 5237 divitias
3704 5201 3810 5255 po-

2195 5253 2294 5308 ulo
2318 5249 2966 5320 dispersit,quanquam
2983 5268 3108 5306 rem
3130 5269 3341 5308 novam
3363 5254 3557 5309 facere
3586 5249 3805 5312 visu-5.»

2195 5272 2294 5308 Illo
2318 5272 2966 5320 utspersu..quauquam
2983 5272 3108 5306 rem
3130 5272 3341 5308 novam
3363 5272 3557 5309 Iacere
3586 5272 3805 5312 νιειιδ.»

2154 5272 2294 5379 ξίγι.
2321 5354 2382 5362 -
2413 5322 2766 5396 Consulatum
2797 5325 2968 5396 gessit
2989 5325 3048 5377 in
3077 5325 3229 5391 urbe,
3263 5326 3555 5396 expressit
3585 5325 3816 5396 than-

2155 5397 2293 5463 der;
2325 5393 2483 5450 unde
2512 5393 2754 5466 etimale
2785 5394 2904 5466 agit
2955 5393 3363 5466 interpretem.
3414 5397 3502 5452 Ad
3541 5393 3811 5454 auctoris

2153 5473 2452 5522 mentem:
2487 5465 2753 5537 militibus
2793 5465 3133 5533 donativum,
3184 5467 3392 5537 populo
3445 5470 3806 5536 congiarium

2151 5539 2454 5596 distribuit,
2487 5535 2574 5588 vel
2605 5541 2811 5608 uetusto
2857 5537 3144 5608 consulum
3185 5535 3340 5592 inore
3382 5535 3680 5608 pecuniam
3740 5541 3808 5594 in

2143 5607 2853 5699 propuluzuusgqrsit}
2869 5607 2943 5699 de
2962 5610 3237 5699 nummis
3263 5607 3403 5682 ejus,
3445 5610 3805 5667 victoriatis.

2171 5676 2305 5736 Ωστε
2334 5676 2734 5743 Ἰουστινιανόν,
2763 5683 2874 5734 etc.
2904 5679 3080 5736 Gom.
