4126 6296
455 309 568 374 ’711

1796 305 2119 371 GEORGII
2161 307 2478 373 CEDREN
2486 310 2510 373 1

3735 310 3867 375 71!
3911 337 3914 340 ·

450 449 739 520 exivitque
761 447 1060 520 processio
1077 445 1345 518 atemplo
1369 445 1598 502 Sanctae
1611 444 1939 500 Anastasis)
1955 460 2075 502 cun

2204 442 2458 515 κλησίας,
2487 444 2577 501 καὶ
2607 443 2826 516 ἐξῆλθεν
2859 447 2894 516 ἡ
2927 445 3056 516 λιτή
3081 449 3193 520 (35)
3218 446 3324 504 ἀπὸ
3351 453 3450 518 τῆς
3481 445 3671 522 Ἀγίας
3699 449 3862 506 Ἀνα-

452 540 785 613 patriarcha
807 538 1163 608 imperatore
1193 541 1250 591 et
1279 536 1521 608 populo.
1556 537 1601 589 A
1624 535 1718 589 die
1740 551 1855 604 quo
1879 535 2100 590 contla-

453 632 737 698 gravernt,
771 643 955 699 usque
989 626 1062 682 ad
1093 625 1549 692 dedicationem,
1584 623 1768 695 elapsi
1801 629 1938 678 sunt
1960 624 2101 679 anni

457 723 508 782 5,
546 734 778 774 menses
803 717 886 781 11,
921 716 1046 771 dies
1072 719 1157 770 10.
1189 718 1332 770 Nam
1358 731 1513 770 anno
1533 714 1604 770 ab
1631 713 1856 785 origine
1892 714 2098 768 mundi

448 810 606 868 6008,
636 806 960 861 indictione
996 807 1080 868 t5,
1113 806 1178 859 23
1211 803 1305 859 die
1338 802 1640 858 Februarii
1672 801 1912 865 mensis,
1945 803 2093 856 hora

444 897 636 967 prima
657 895 794 962 dici,
820 893 1313 952 instaurationem
1339 892 1523 964 Magni
1545 891 1768 962 Templi
1793 907 2100 963 aggressus

451 990 540 1042 est
574 983 962 1064 Justinianus.

515 1257 686 1309 Anno
717 1250 1072 1308 duodecimo
1099 1249 1328 1322 Bulgari
1359 1249 1422 1306 in
1454 1247 1702 1319 Mysiam
1752 1251 2098 1318 eruperunt,

441 1358 700 1414 agroque
732 1344 956 1397 vastato
1001 1338 1223 1396 milites
1279 1337 1729 1394 interfecerunt.
1788 1338 1906 1392 Hoc
1961 1353 2097 1394 cum

441 1429 828 1486 inaudivisset
856 1430 1114 1485 Acumus
1147 1429 1393 1484 Hunnus
1450 1426 1666 1499 Illyrici
1722 1442 1846 1492 rex,
1887 1432 2094 1482 contra

436 1536 537 1576 eos
567 1535 703 1574 cum
742 1518 929 1589 copi-is
961 1533 1233 1589 egressus
1264 1519 1664 1571 Romanorum
1715 1531 1776 1570 se
1808 1515 2094 1570 exercitui

441 1607 1173 1679 conjunxit,magnamque
1206 1605 1584 1676 Bulgarorum
1617 1610 1869 1676 stragem
1889 1604 2094 1660 edidit.

439 1700 731 1755 Victorem
757 1697 894 1754 inde
929 1713 1204 1752 securum
1231 1696 1332 1751 alii
1365 1694 1597 1767 Bulgari
1616 1694 1806 1750 adorti
1827 1700 2096 1750 suntma-

2210 534 2444 594 στάσεως
2480 535 2615 606 μετᾶ
2649 538 2748 588 τοῦ
2803 536 3149 614 πατριάρχου
3179 535 3270 590 καὶ
3314 539 3410 591 τοῦ
3459 534 3731 611 βασιλέως
3763 537 3858 592 σὺν

2205 626 2283 693 τῷ
2313 621 2451 694 λαῷ.
2511 624 2648 680 Ἀπὸ
2706 620 2764 677 δὲ
2817 631 2918 694 τῆς
2975 627 3186 697 ἡμέρας
3244 631 3346 694 τῆς
3401 624 3643 688 καύσεως
3683 628 3858 696 αὐτῆς

2211 711 2376 786 μέχρι
2407 717 2514 767 τῶν
2548 711 2835 786 έγκαινίων
2885 710 2976 784 ἔτη
3012 715 3050 768 ε’
3111 721 3278 786 μῆνες
3333 715 3397 768 ια’
3445 715 3534 769 καὶ
3587 714 3785 789 ἡμέραι
3821 715 3851 769 ι’

2205 808 2510 874 παρῆλθον
2555 801 2606 857 έν
2647 803 2752 878 γὰρ
2801 804 2928 876 τῷί
2981 804 3082 878 γςη“
3136 799 3246 860 ἔτει
3300 802 3408 859 ἀπὸ
3466 805 3689 866 κτίσεως
3750 807 3852 860 κό-

2208 911 2349 964 σμου
2379 893 2510 964 (36),
2545 889 2885 956 ίνδικτιῶνος
2943 894 3022 962 ιε’,
3076 896 3144 966 τῇ
3202 895 3286 967 κγ’
3336 897 3439 948 τοῦ
3481 889 3856 969 Φεϐρουαρίου

2210 980 2405 1052 μηνὸς,
2431 978 2548 1054 ὥρᾳ
2579 981 2770 1056 πρώτῃ
2826 988 2927 1051 τῆς
2983 980 3214 1054 ἡμέρας,
3279 983 3377 1051 τὴν
3435 990 3534 1052 τῆς
3596 983 3857 1061 Μεγάλης

2207 1069 2535 1140 Ἑκκλησίας
2591 1068 2966 1144 ἆνοικῠδομήν
3022 1069 3223 1147 ἤρξατο
3276 1076 3455 1128 ποιεῖν
3541 1073 3858 1130 Ἰουστινια-

2201 1160 2314 1223 νός.

2275 1253 2364 1321 Τῷ
2401 1249 2469 1325 ιβ’
2500 1247 2603 1305 ἔτει
2634 1249 2859 1323 ἐξῆλθον
2898 1252 2950 1306 οἱ
3001 1249 3306 1325 Βούλγαροι
3361 1252 3435 1314 είς
3493 1252 3594 1320 τήν
3647 1251 3856 1310 Μυσίαν

2202 1340 2293 1394 καὶ
2325 1339 2594 1416 ἠφάνισαν
2625 1342 2720 1402 τὰς
2776 1342 2989 1415 χώρας,
3047 1342 3137 1395 καὶ
3189 1342 3316 1406 τοὺς
3373 1343 3704 1416 στρατιώτας
3769 1341 3861 1396 αὖ-

2200 1431 2309 1482 τῶν
2374 1427 2710 1485 ἀπέκτειναν.
2773 1429 3034 1491 Ἀκούσας
3112 1426 3170 1484 δὲ
3250 1430 3278 1483 6
3361 1435 3458 1485 τοῦ
3539 1428 3854 1504 Ἰλλυρικοῦ

2204 1513 2461 1588 βασιλεὺς
2494 1514 2705 1588 Ἀκοὺμ
2759 1518 2786 1571 ὁ
2845 1514 3048 1578 Οὖννος
3104 1514 3302 1586 ἐξῆλθε
3330 1519 3445 1572 κατ’
3501 1518 3698 1588 αὐτῶν,
3760 1521 3849 1575 καὶ

2203 1604 2384 1681 μιγεὶς
2431 1610 2548 1666 τοῖς
2612 1605 2909 1678 Ῥωμαίοις
2957 1601 3119 1680 ἔκοψε
3175 1605 3302 1670 τοὺς
3367 1606 3722 1681 Βουλγάρούς
3776 1607 3853 1670 εἰς

2195 1691 2440 1760 πλῆθος.
2474 1693 2601 1748 Εἶτα
2633 1694 2708 1755 ὡς
2765 1693 2871 1748 ἀπὸ
2929 1693 3083 1764 νίκης
3124 1694 3602 1769 ἀμεριμνήσαντας
3656 1695 3851 1761 αὐτοὺς

436 1804 668 1858 gnaque
687 1787 847 1842 caade
860 1784 1628 1855 affecerunt,capitibusque
1643 1789 1700 1837 et
1721 1783 1847 1854 ipso
1867 1787 2075 1838 Acumc

2199 1781 2533 1856 εὑρίσκουσιν
2568 1781 2733 1838 ἄλλοι
2766 1783 3096 1859 Βούλγαροι,
3126 1784 3216 1838 καὶ
3276 1785 3536 1859 σφάζουσι
3588 1783 3716 1840 λαὸν
3750 1807 3854 1841 πο-

431 1877 584 1932 652
615 1875 785 1946 potiti
817 1875 877 1930 in
905 1890 1073 1930 suam
1105 1874 1322 1930 reversi
1356 1878 1494 1930 sunt
1525 1871 1834 1928 ditionem.
1864 1871 2085 1928 Eodem

429 1981 585 2020 anno
619 1965 907 2022 Chosroes
967 1963 1344 2020 Antiochiam
1404 1978 1701 2034 magnam,
1761 1963 2083 2032 Apameam

441 2053 707 2124 aliasque
737 2052 914 2111 urbes
946 2053 1122 2124 cepit.

502 2236 667 2290 Anno
699 2233 760 2286 13
795 2232 1074 2289 Romanis
1107 2248 1168 2288 se
1217 2231 1524 2302 conjunxit
1579 2229 1829 2286 Mundus
1861 2230 2084 2301 Gepida

430 2322 695 2388 natione,
731 2320 890 2376 illius
917 2321 1156 2385 Giesmi,
1186 2320 1426 2390 regulus
1456 2319 1676 2374 Sirmii.
1707 2319 2085 2391 Quemimpe-

431 2416 593 2466 rator
623 2409 1054 2467 humanissime
1087 2426 1221 2464 cum
1253 2409 1370 2464 filio
1403 2407 1531 2479 ejus
1562 2411 1877 2463 tractatum
1903 2407 2083 2480 Illyri-

433 2515 621 2569 coque
652 2497 998 2569 praifectum
1020 2496 1264 2551 dimisit.
1295 2498 1356 2552 Ei
1394 2496 1452 2550 in
1487 2496 1782 2567 Illyricum
1823 2497 2081 2552 venienti

436 2587 758 2642 multitudo
815 2586 1199 2658 Bulgarorum
1227 2585 1501 2648 occurrit,
1537 2602 1684 2655 quos
1708 2586 1808 2640 ille
1845 2586 2078 2654 devicit,

438 2675 864 2746 melioremque
888 2675 1253 2745 captivorum
1285 2678 1512 2746 partem
1531 2674 1737 2745 Cpolin
1762 2674 1926 2729 misit
1949 2675 2079 2746 ;qui

434 2765 507 2820 ab
539 2766 895 2836 imperatore
942 2782 1050 2836 per
1105 2764 1444 2820 Armeniam
1503 2764 1767 2819 Lazicam
1816 2769 1875 2818 et
1931 2764 2078 2820 alias

429 2855 706 2926 regiones
736 2859 874 2908 sunt
905 2853 1175 2926 dispersi.
1209 2852 1431 2908 Exinde
1463 2851 1578 2907 alta
1610 2869 1721 2924 pax
1756 2853 1815 2908 in
1833 2853 2080 2908 Thracia

434 2944 567 3012 fuit,
601 2962 736 3000 cum
769 2961 944 3016 porro
1005 2943 1197 2998 Hunni
1255 2943 1587 2999 Danubium
1647 2943 1903 2998 transire
1956 2959 2076 2998 non

421 3033 726 3089 auderent.

2198 1868 2315 1938 λῦν,
2346 1871 2433 1925 καὶ
2463 1872 2558 1934 τὰς
2584 1872 2822 1949 κεφαλὰς
2852 1872 2942 1927 καὶ
2973 1873 3064 1927 τὸν
3115 1872 3324 1947 Ἀκοὺμ
3372 1873 3691 1948 ἐκράτησαν,
3757 1875 3846 1930 καὶ

2195 1958 2521 2035 ἐπέστρεψαν
2553 1962 2630 2023 εἰς
2660 1963 2758 2030 τήν
2790 1965 2975 2036 χώραν
3001 1961 3197 2017 αὐτῶν.
3224 1967 3314 2035 Τῷ
3344 1960 3401 2018 δὲ
3432 1963 3577 2034 αὐτῷ
3606 1958 3714 2019 ἔτει
3746 1985 3844 2018 πα-

2196 2045 2418 2122 ρέλαϐεν
2473 2051 2502 2105 6
2548 2051 2798 2126 Χοσρόης
2845 2052 3188 2127 Ἀντιόχειαν
3247 2053 3348 2122 τὴν
3423 2050 3674 2130 μεγάλην
3751 2053 3843 2108 καὶ

2193 2138 2496 2212 ’Δπαμειαν
2529 2141 2618 2194 καὶ
2651 2139 2830 2215 ἑτέρας
2863 2141 3076 2203 πόλεις.

2267 2231 2352 2300 [Ρ.
2380 2231 2506 2302 372]
2545 2231 2640 2302 Τῷ
2702 2228 3134 2305 τρισκαιδεκάτῳ
3192 2224 3298 2286 ἔτει
3362 2227 3671 2304 προσερβύη
3705 2231 3839 2287 Ῥω-

2196 2317 2380 2388 μαίοις
2440 2316 2692 2382 Μοῦνδος
2765 2319 2826 2376 ἐκ
2909 2319 3098 2397 γένους
3189 2325 3298 2375 τῶν
3377 2317 3663 2390 Γηπέδων,
3720 2321 3840 2382 υἱὸς

2194 2410 2446 2478 Γιεσμοῦ,
2700 2413 2796 2464 τοῦ
2893 2409 3148 2482 Σιρμίουο
3246 2409 3336 2464 καὶ
3412 2407 3598 2464 πολλὰ
3675 2408 3834 2464 αὐτὸν

2190 2493 2694 2572 φιλοτιμησάμενος
2755 2498 2783 2552 ὁ
2862 2497 3117 2574 βασιλεὺς
3181 2499 3271 2553 καὶ
3316 2499 3406 2554 τὸν
3473 2499 3588 2553 υἱὸν
3647 2499 3838 2572 αὐτοῦ,

2187 2585 2421 2654 ποιήσας
2449 2605 2507 2640 τε
2537 2584 2700 2640 αὐτὸν
2741 2585 3119 2662 στρατηλάτην
3174 2591 3272 2643 τοῦ
3336 2586 3648 2662 Ἰλλυρικοῦ
3701 2590 3838 2662 (3'7),

2188 2671 2452 2728 ἀπέλυσεν
2484 2673 2664 2731 αὐτόν.
2699 2676 2802 2733 Καὶ
2854 2676 2906 2732 έν
2958 2681 3036 2731 τῶ
3095 2676 3490 2751 παραγενέσθαι
3545 2675 3708 2732 αὐτὸν
3765 2677 3840 2739 εἷς

2185 2761 2248 2816 τὸ
2282 2760 2590 2836 Ἰλλυρικὸν
2622 2763 2814 2834 ἐξῆλθε
2842 2767 2959 2820 κατ’
2990 2767 3157 2821 αὐτοῦ
3209 2765 3426 2834 πλῆθος
3481 2763 3835 2842 Βουλγάρων.

2189 2851 2290 2908 Καὶ
2371 2852 2597 2917 τούτους
2663 2853 2946 2919 παντελῶς
3023 2853 3304 2925 ἐκνικήσας
3381 2857 3480 2925 τήν
3561 2854 3829 2930 κρείττονα

2187 2940 2574 3015 αἶχμαλωσίαν
2605 2943 2679 3005 εἰς
2716 2943 3294 2999 Κωνσταντινούπολιν
3351 2941 3689 2999 ἀποστέλλει·
3733 2941 3822 3004 οὕς

2189 3031 2502 3105 ὁβασιλεὺς
2558 3031 2633 3093 είς
2680 3031 2968 3105 ’Δρμινίαν
3027 3034 3118 3087 καὶ
3176 3032 3250 3093 εἷς
3318 3034 3557 3103 Λαζικὴν
3622 3031 3709 3086 καὶ
3771 3031 3824 3086 έν

423 3119 644 3183 λοιποῖς
676 3116 844 3184 ἔθνεσι
874 3119 1240 3196 κατέσπειρεν.
1275 3122 1498 3175 Ἐκτοτε
1533 3120 1720 3195 βαθεῖα
1751 3117 1942 3192 εἰρήνη
1977 3119 2028 3174 ἒν
2059 3124 2127 3194 τῇ
2161 3119 2342 3195 Θρᾴκῃ
2364 3120 2571 3196 γέγονε,
2607 3123 2803 3194 μηκέτι
2832 3121 3172 3196 τολμώντων
3199 3126 3306 3178 τῶν
3339 3117 3558 3180 Ούννων
3590 3127 3829 3198 περᾶσαι

425 3212 517 3266 τὸν
550 3205 834 3265 ΔάνουΕιν·

491 3304 664 3356 Anno
698 3302 764 3354 14
821 3301 1107 3356 Chosroes
1164 3303 1477 3356 Persarum
1540 3318 1642 3356 rex
1699 3305 1972 3372 quartam
2011 3300 2073 3355 in

2257 3301 2347 3374 Τῷ
2383 3297 2447 3354 ιδ’
2472 3303 2580 3356 ἒτει
2612 3301 2855 3376 Χοσρὸης
2895 3302 2922 3356 ὁ
2955 3307 3060 3357 τῶν
3096 3305 3313 3376 Περσῶν
3350 3299 3608 3375 βασιλεὺς
3639 3303 3829 3376 τετάρ-

423 3393 826 3447 Romanorum
850 3389 1608 3461 ditionemimpressionem
1630 3391 1795 3456 fecit;
1821 3406 2075 3460 cumque

421 3480 484 3534 in
508 3480 898 3550 Comagenem
931 3479 1312 3550 pervenisset,
1334 3479 1707 3534 Palaestinam
1727 3485 1785 3534 et
1801 3480 2072 3534 Hieroso-

424 3568 646 3640 lymam
669 3573 869 3639 petere
902 3568 1127 3622 statuit.
1162 3568 1526 3622 Justinianus
1554 3585 1620 3623 eo
1665 3568 1898 3640 cognito
1920 3567 2070 3622 Beli-

419 3659 641 3714 sarium
670 3675 739 3713 ex
770 3658 1084 3714 Occidente
1143 3663 1264 3712 tum
1321 3673 1624 3712 reversum
1683 3662 1889 3712 contra
1937 3673 2072 3712 eum

415 3751 615 3805 mittit.
632 3752 686 3805 Is
718 3750 954 3822 publice
981 3750 1284 3822 dispositis
1315 3749 1481 3820 equis
1511 3767 1653 3804 usus
1684 3765 1897 3821 magna
1918 3749 2070 3804 cele-

427 3840 600 3894 ritate
633 3839 706 3903 ad
736 3840 1018 3911 Euphrati
1050 3840 1298 3906 vicinam
1335 3839 1636 3910 regionem
1675 3839 1958 3909 pervenit.
1986 3837 2070 3892 Ibi

415 3945 549 3983 cum
581 3928 975 3995 intellexisset
998 3926 1548 4003 Orientiscustcdes
1563 3933 1738 3997 atque
1761 3927 2070 3997 praefectos

417 4017 476 4072 in
512 4016 758 4071 urbibus
790 4017 852 4071 in
883 4034 1030 4087 quas
1061 4017 1534 4088 con‘fugeaantse
1551 4015 1877 4085 continere,
1909 4021 1968 4092 et
1995 4016 2068 4072 ab

417 4104 490 4159 iis
513 4110 859 4160 moneretur
873 4104 1277 4160 custodienda:
1304 4104 1853 4176 Hierapolioperam
1879 4104 2067 4171 daret,

418 4211 525 4265 per
555 4195 783 4249 litteras
825 4211 925 4250 eos
985 4195 1201 4250 acriter
1256 4194 1585 4266 objurgavit
1634 4211 1646 4248 :
1687 4212 1807 4250 non
1841 4200 2068 4250 rectum

415 4299 545 4337 esse
562 4283 664 4337 uni
685 4283 815 4337 urbi
842 4283 1074 4338 tuenda)
1091 4285 1384 4338 intentum
1400 4283 1519 4354 pati
1532 4283 1808 4338 uthostes
1823 4283 2067 4354 impune

407 4369 467 4424 in
495 4373 820 4426 Romanam
845 4371 1130 4426 ditionem
1155 4377 1501 4442 grassentur
1522 4371 1816 4440 urbesque
1833 4371 2066 4444 imperii

408 4463 659 4524 vastent.
693 4460 806 4512 Per
858 4459 1137 4514 virtutem
1188 4459 1431 4518 interire
1490 4458 1889 4528 praestabilius
1937 4476 2066 4515 esse

408 4546 560 4602 653
596 4565 774 4617 quam
805 4539 1058 4618 turpiter
1097 4537 1318 4620 absque
1359 4565 1570 4620 pugna)
1629 4549 1890 4620 periculo
1951 4564 2069 4606 ser'

404 4636 529 4690 vari
556 4651 568 4689 :
601 4652 721 4690 non
754 4636 914 4690 enim
948 4637 1057 4692 hoc
1076 4645 1234 4693 recte
1267 4637 1647 4702 salutem,sed
1667 4638 2062 4709 proditionem

2183 3411 2285 3458 την
2343 3386 2602 3460 εἰσϐολήν
2662 3391 2737 3453 εἰς
2809 3393 2910 3459 τήν
2964 3391 3256 3463 Ῥωμαίων
3333 3398 3434 3463 γῆν
3511 3391 3830 3460 ἐποιήσατο.

2179 3477 2386 3542 Ἐλθὼν
2421 3476 2478 3533 δὲ
2517 3479 2595 3542 εἰς
2625 3482 2726 3550 τήν
2759 3485 3093 3554 Κομαγηνῶν
3128 3479 3315 3555 χώραν
3343 3481 3478 3536 κατὰ
3533 3478 3834 3536 Παλαιστί-

2175 3587 2271 3636 νης
2298 3566 2387 3619 καὶ
2415 3567 2808 3640 Ἱεροσολύμων
2845 3565 3102 3624 διενοεῖτο
3163 3574 3386 3644 χωρεῖν.
3444 3569 3830 3632 Ἰουστινιανὸς

2178 3653 2256 3723 δὲ,
2285 3659 2447 3710 τοῦτο
2474 3657 2678 3727 μαθὼν,
2715 3655 3033 3730 Βελισάριον
3066 3656 3221 3720 αὖθις
3267 3657 3327 3712 ἐκ
3363 3662 3470 3712 τῶν
3527 3657 3827 3732 Ἐσπερίων

2179 3743 2485 3813 ἐληλυθότα
2511 3747 2630 3800 κατ’
2655 3745 2822 3799 αὐτού
2852 3742 3111 3821 ἔπεμψεν.
3137 3748 3196 3804 Ὀ
3224 3744 3280 3802 δὲ
3305 3746 3502 3808 ’ίπποις
3536 3744 3832 3820 δημοσίοις

2180 3830 2370 3894 έπίϐἆς
2400 3833 2559 3908 τάχει
2589 3833 2786 3888 πολλὼ
2818 3833 2895 3898 είς
2947 3837 3046 3903 τήν
3082 3835 3456 3910 Εὐφρατησίαν
3493 3840 3599 3910 (38)
3648 3837 3834 3913 ἀφίκε-

2177 3944 2260 3979 το.
2305 3923 2570 3984 Ἀκούσας
2603 3919 2659 3978 δὲ
2695 3926 2822 3986 τοὺς
2848 3931 2948 3993 τῆς
2977 3925 3277 3993 Ἀνατολῆς
3297 3924 3543 4000 φύλακας
3572 3925 3663 3980 καὶ
3694 3925 3827 3990 τοὺς

2180 4009 2519 4085 στρατηγοὺς
2551 4009 2601 4066 έν
2631 4016 2752 4073 ταῖς
2806 4011 3001 4068 πόλεσι
3058 4015 3465 4093 καταφυγόντας
3511 4014 3674 4083 εἶναι,
3732 4014 3824 4068 καὶ

2173 4100 2332 4156 αὐτὸν
2393 4099 2480 4156 ἐπὶ
2531 4099 2929 4178 παραφυλακῆν
3016 4102 3515 4177 προσκαλουμένων
3576 4104 3827 4179 Ἱεραπό-

2175 4189 2338 4257 λεως,
2368 4188 2486 4245 λίαν
2533 4189 2758 4252 τούτους
2820 4193 2848 4246 6
2891 4188 3203 4264 Βελισάριος
3264 4191 3674 4264 κατεμέμψατο,
3730 4195 3824 4247 καὶ

2171 4281 2362 4358 γράφει
2415 4278 2477 4333 ού
2528 4276 2739 4334 δίκαιον
2793 4279 2928 4334 εἶναι
2981 4279 3104 4353 μίαν
3160 4280 3322 4334 πόλιν
3382 4279 3673 4353 φυλάττειν
3730 4281 3822 4336 καὶ

2173 4368 2300 4431 τοὺς
2330 4366 2562 4442 ἐχθροὺς
2598 4367 2808 4441 ἀφιέναι
2851 4367 2938 4422 ἐπὶ
2977 4369 3076 4436 τὴν
3125 4373 3230 4423 τῶν
3285 4368 3574 4441 Ῥωμαίων
3635 4369 3821 4444 χώραν

2176 4458 2311 4530 μετὰ
2339 4455 2550 4511 ἀδικίας
2587 4455 2828 4531 βαδίζειν
2858 4456 2947 4511 καί
2977 4459 3072 4518 τὰς
3137 4465 3237 4526 τῆς
3295 4457 3573 4533 βασιλείας
3627 4458 3818 4520 πόλεις

2173 4546 2550 4619 λυμαίνεσθαι.
2590 4545 2660 4601 Εὗ
2705 4546 2804 4620 γὰρ
2856 4543 2966 4600 ἶ¹στε
3023 4544 3104 4600 ὅτι
3159 4548 3220 4602 τὸ
3265 4548 3379 4619 μετ’
3431 4547 3629 4620 ἀρετῆς
3683 4547 3812 4601 ἄπο-

2172 4635 2411 4692 λωλέναι
2465 4638 2563 4689 τοῦ
2617 4638 2878 4698 σεσῶσθαι
2923 4636 3172 4710 ἀμαχητὶ
3243 4633 3521 4697 δυσκλεῶς
3573 4633 3805 4706 ἄμεινον’

407 4723 696 4797 appellari
729 4724 940 4780 merito
963 4743 1157 4798 posse.
1192 4725 1360 4783 Nulla
1374 4742 1508 4799 ergo
1533 4727 2069 4799 morainterposita

2193 4728 2236 4783 ιύ
2265 4728 2366 4802 γὰρ
2406 4723 2467 4778 ἄν
2497 4723 2767 4799 σωτηρίας
2812 4727 2972 4779 τοῦτο
3030 4723 3288 4795 κληθείη,
3348 4724 3496 4781 ἀλλᾶ
3553 4721 3811 4801 προδοσία

1595 4817 1955 4874 XYLANDRI
1994 4823 2082 4877 ET
2120 4818 2363 4879 GOARlI
2403 4816 2621 4871 NOTAE.

477 4913 589 4983 (35)
623 4913 772 4968 Usus
805 4929 933 4968 sum
967 4913 1101 4968 trite
1159 4913 1443 4969 vocabulo
1470 4913 1767 4984 processio,
1801 4931 1916 4985 quo
1949 4933 2060 4972 no-

405 4989 565 5045 tatur
595 4991 830 5055 caterva
861 5002 1063 5041 eorum
1086 4986 1185 5056 qui
1217 4985 1526 5057 pontiﬁces
1576 4986 1637 5040 in
1684 4985 2057 5057 solemnitate

404 5065 510 5112 aut
540 5057 779 5127 publica
808 5055 1240 5128 supplicatione
1301 5057 1781 5128 subsequuntur;
1809 5055 1935 5126 λιτή
1970 5067 2060 5116 est

401 5129 463 5203 in
496 5125 715 5203 Gi‘aeco.
750 5125 893 5183 XYL.
923 5125 989 5169 ἒ-
1055 5125 1306 5196 Ἐξῆλθεν
1367 5125 1518 5193 λιτή-
1545 5128 1659 5203 απὸ
1715 5134 1814 5203 τῆς
1866 5125 2056 5203 Ἀγίας

402 5199 790 5260 Ἀναστάσεως.
874 5203 1212 5255 Postremus
1272 5207 1330 5256 et
1381 5201 1715 5272 praacipuus
1787 5202 1848 5256 in
1930 5199 2055 5258 inde

405 5287 572 5343 sacra
602 5271 930 5327 dedicanda
960 5273 1130 5339 ritus,
1165 5279 1254 5327 est
1311 5271 1610 5327 saerarum
1665 5272 2054 5343 reliquiarum

403 5340 566 5415 inea
595 5343 906 5413 depositio.
935 5346 1067 5412 Has,
1102 5346 1336 5415 praeviis
1357 5344 1746 5400 dedicationis
1774 5340 2055 5402 cleremo-

402 5411 518 5465 niis
542 5411 689 5481 jam_
726 5411 1061 5481 absolutis,
1095 5411 1164 5471 ex
1219 5416 1409 5472 vicina
1465 5417 1738 5483 ecclesia,
1800 5417 2053 5474 solemni

404 5499 720 5552 processus
752 5487 961 5541 ordine
990 5487 1051 5541 in
1100 5505 1307 5543 recens
1353 5494 1758 5543 consecratam
1793 5488 2056 5545 inferunt

402 5554 700 5630 G_raaci._ln
728 5557 1053 5611 dedicanda
1087 5561 1283 5628 itaque
1344 5561 1572 5614 Sanctae
1629 5559 1858 5630 Sophim
1901 5567 2053 5617 tem-

399 5624 498 5697 plo
528 5630 589 5678 et
605 5625 829 5681 Sanctia
855 5624 1282 5696 Anastasimkle
1299 5647 1417 5702 quo
1429 5624 2056 5702 superius;processio-

2169 4918 2261 4974 nis
2295 4929 2512 4986 pompa
2543 4928 2679 4967 cum
2711 4911 2981 4982 reliquiis
3012 4913 3277 4984 profecta
3307 4919 3414 4970 est.
3458 4915 3633 4969 Gom.

2238 4988 2351 5057 (36)
2403 4987 2468 5040 In
2524 5000 2775 5057 numero
2825 5001 3119 5057 annorum
3189 4986 3340 5041 forte
3419 5002 3542 5042 cum
3588 4986 3817 5041 Zonara

2166 5055 2480 5132 legendum
2510 5055 2775 5132 ,<_|_J.:pr9_
2823 5075 2863 5122 ,ς
2892 5055 2963 5124 η’,
3031 5057 3438 5130 quadraginta,
3500 5073 3620 5112 non
3679 5062 3812 5112 octo

2167 5128 2307 5187 anni
2341 5144 2518 5198 supra
2549 5129 2708 5182 6000.
2738 5128 2876 5181 XYL.

2237 5204 2343 5271 (37)
2377 5197 2497 5254 Non
2529 5201 2870 5268 praefectum,
2921 5197 3021 5253 sed
3076 5202 3399 5270 magistrum
3457 5201 3700 5255 militum
3754 5199 3816 5255 in

2165 5273 2422 5346 Illyrico:
2452 5272 2626 5324 Gem.

2234 5341 2346 5416 (38)
2380 5343 2498 5416 Hoc
2529 5341 3124 5416 estcommagenem.
3183 5343 3274 5398 Sic
3326 5343 3650 5414 Procopius
3703 5342 3817 5396 hac

2165 5411 2292 5488 ipsa
2315 5411 2376 5470 in
2425 5411 2743 5467 llistorial.
2799 5430 2842 5488 in
2898 5411 3035 5468 Belli
3092 5417 3335 5480 Persici;
3397 5411 3695 5488 Post—quam
3755 5415 3816 5467 in

2164 5487 2648 5553 Commagenorum
2686 5487 2985 5553 regionem,
3045 5502 3212 5556 quam
3263 5487 3688 5556 Euphratesiam
3717 5500 3819 5539 vo-

2162 5567 2312 5625 cant,
2343 5558 2598 5612 Chosroes
2623 5558 2890 5628 pervenit,
2921 5557 3327 5628 etc.,quod,et
3345 5557 3542 5628 ipsum
3566 5571 3815 5612 sensum

2159 5623 2422 5695 secutus,
2439 5632 2582 5684 ante
2609 5623 2716 5700 pro
2744 5623 3018 5683 ἐλθόντων
3035 5623 3154 5704 legi
3167 5623 3521 5692 ἐλθώνίᾶϊι..
