4124 6312
442 370 562 428 ’719

1801 366 2121 428 GEORGII
2165 366 2503 428 GEDRENI

3740 378 3845 437 720

437 504 603 574 plum
633 499 1072 573 Apostolorum,
1104 497 1494 569 reliquimque
1524 497 1799 568 Andreas,
1833 500 2001 555 Lucas
2033 516 2058 555 e

2202 497 2382 553 καίνια
2408 501 2505 553 τοῦ
2535 503 2667 553 ναοῦ
2696 502 2805 554 τῶν
2837 499 3042 575 Ἀγίων
3074 500 3428 559 Ἀποστόλων
3456 507 3547 560 καὶ
3597 507 3632 576 ἠ
3690 508 3843 562 κατά-

432 590 725 647 Timothei
756 586 1164 661 apostolorum
1212 586 1517 658 depositas.

504 772 676 825 Anno
699 769 766 823 24
799 769 1014 823 missus
1047 773 1135 823 est
1159 768 1370 822 Narses
1411 766 1808 822 cubicularius
1840 769 2084 823 Romam

436 860 510 916 ad
540 857 958 915 debellandum
974 857 1264 913 Gothos.N
1270 872 1364 910 am
1380 862 1512 927 post
1525 862 1820 927 receptam
1840 858 2084 911 Romam

440 966 476 1004 a
524 947 805 1004 Belisario
871 946 1041 1002 Gothi
1098 945 1293 1000 denuo
1343 944 1707 999 rebellarant
1759 945 2086 1016 urbemque

438 1043 819 1111 occuparant.
874 1036 1041 1091 Nona
1072 1034 1211 1090 Julii
1241 1034 1336 1088 die
1370 1033 1652 1089 terribilis
1688 1039 1885 1089 motus
1917 1038 2086 1089 terras

435 1130 551 1185 fuit
578 1144 686 1199 per
707 1127 1046 1183 universam
1069 1124 1466 1187 Palaastinam,
1497 1122 1795 1191 Arabiam,
1830 1125 2088 1194 Mesopo-

436 1218 702 1287 tamiam,
726 1215 956 1288 Syriam
990 1220 1047 1269 et
1075 1212 1457 1280 Phazniciam,
1478 1212 1579 1282 qui
1615 1212 1816 1266 multis
1839 1212 2086 1267 urbibus

435 1306 654 1363 damna
681 1304 885 1360 intulit
923 1302 1373 1376 permultosque
1406 1301 1686 1356 mortales
1709 1301 1988 1372 perdidit.
2020 1302 2084 1355 In

429 1395 576 1451 urbe
609 1411 740 1465 quae
773 1395 1015 1464 Botryos
1045 1392 1180 1463 (hoc
1232 1396 1323 1447 est
1378 1391 1522 1460 uvae)
1576 1390 1813 1458 dicitur,
1874 1406 2089 1462 magna

426 1501 565 1559 pars
594 1482 813 1538 montis
847 1481 948 1552 qui
981 1481 1129 1535 mari
1149 1480 1402 1551 adjacet,
1430 1479 1672 1533 nomine
1709 1479 2088 1550 Lithoproso-

424 1589 554 1644 pos,
609 1570 812 1627 avulsa
858 1570 918 1623 in
952 1585 1113 1623 mare
1170 1568 1392 1623 decidit
1449 1584 1850 1640 magnumque
1889 1568 2087 1623 effecit

423 1667 683 1734 portum,
717 1659 923 1715 multis
969 1658 1201 1731 magnis
1259 1657 1508 1713 navibus
1565 1657 1928 1729 recipiendis
1958 1657 2084 1711 ido-

423 1767 626 1816 neum,
659 1766 797 1805 cum
828 1754 965 1803 ante
1019 1747 1161 1802 urbs
1219 1764 1288 1802 ea
1343 1753 1520 1818 portu
1559 1747 1868 1803 caruisset.
1930 1750 2084 1801 Mare

426 1854 664 1911 quoque
700 1839 762 1892 in
789 1836 973 1893 altum
1000 1835 1246 1891 recessit
1275 1835 1347 1890 ad
1374 1835 1536 1891 mille
1570 1852 2078 1907 passus,rursum-

424 1944 541 1999 que
570 1928 670 1982 Dei
696 1927 870 1999 jussu
920 1925 1176 1982 reﬂuxit.
1236 1926 1496 1997 Augusto
1555 1941 1763 1980 mense
1830 1924 2076 1979 nuntius

422 2018 610 2072 Roma
638 2016 711 2071 de
731 2015 978 2071 victoria
1000 2013 1258 2070 Narsetis
1290 2014 1505 2069 allatus
1545 2019 1655 2083 est,
1687 2030 1902 2084 nempe
1957 2015 2073 2068 Ro-

422 2120 653 2174 manos,
681 2119 815 2176 rege
839 2103 1026 2158 Totila
1054 2103 1269 2170 occiso,
1312 2104 1559 2158 Romam
1607 2102 1925 2173 recepisse.

2193 598 2336 651 θεσις
2393 590 2500 641 τῶν
2562 586 2729 660 ἁγίωι
2814 584 3087 663 λειψάνων
3143 589 3432 665 Ἀνδρέου,
3472 598 3677 666 Λουκᾶ,
3756 596 3842 650 καὶ

2191 677 2469 748 Τιμοθέου
2494 680 2599 730 τῶν
2627 675 2976 735 ἀποστόλων.

2262 764 2358 836 Τῷ
2388 761 2470 818 κδ’
2528 761 2634 820 ἔτει
2686 764 2933 844 ἐπέμφθη
3023 769 3248 843 Ναρσῆς
3310 773 3339 825 ὁ
3393 767 3841 849 κουϐικουλάριος

2192 851 2267 924 εἰς
2323 853 2543 926 Ῥώμην
2624 853 2944 926 πολεμῆσαι
3032 858 3120 930 [Ρ.
3207 862 3333 933 376]
3408 867 3526 922 τοῖς
3604 863 3841 927 Γότθοις.

2195 943 2330 1015 μετά
2384 943 2487 1019 γὰρ
2542 944 2606 999 τὸ
2661 951 2926 1014 κρατῆσαι
3013 947 3183 1015 αὗτὴν
3266 949 3625 1025 Βελισάριον,
3686 953 3840 1009 πάλιν

2192 1031 2557 1100 ἐπανέστησαν
2618 1034 2670 1087 οἱ
2724 1034 2916 1089 Γότθοι
2975 1035 3066 1090 καὶ
3135 1035 3438 1112 ἐκράτησαν
3523 1041 3716 1113 αὐτήν.
3764 1047 3838 1117 Τῇ

2193 1118 2243 1175 δέ
2280 1122 2323 1184 θ’
2350 1125 2447 1175 τοῦ
2480 1121 2714 1177 Ἰουλίου
2744 1125 2917 1197 μηνὸς
2974 1122 3181 1200 ἐγένετο
3238 1130 3458 1208 σεισμὸς
3508 1125 3738 1208 φοϐερὸς
3791 1131 3839 1187 ἐν

2191 1209 2334 1283 πάσῃ
2364 1214 2431 1283 τῇ
2468 1211 2821 1288 Παλαιστίνῃ,
2852 1215 2942 1269 καὶ
2987 1212 3242 1289 Ἀραϐίᾳ,
3293 1204 3384 1273 καὶ
3432 1204 3838 1296 Μεσοποταμίᾳι

2191 1297 2281 1353 καὶ
2306 1297 2496 1373 Συρίᾳ,
2526 1300 2617 1354 καὶ
2648 1301 2902 1375 Φοινίκῃ,
2931 1302 3020 1358 καὶ
3053 1301 3256 1360 ἔπαθον
3282 1305 3473 1369 πόλεις
3501 1307 3837 1378 πολλαί,καὶ

2193 1387 2455 1441 ἀπέθανον
2487 1387 2788 1463 ἀνθρώπων
2814 1389 3002 1462 πλήθη
3053 1391 3260 1451 πολλά.
3322 1397 3410 1452 Ἐν
3470 1394 3528 1452 δὲ
3580 1402 3649 1472 τῇ
3680 1398 3834 1471 πόλε,

2191 1474 2430 1550 Βότρυος
2461 1475 2775 1548 ἀπεσπάσθη
2809 1477 2868 1533 ἐκ
2894 1483 2990 1534 τοῦ
3018 1482 3417 1557 παρακειμένου
3474 1491 3544 1560 τῇ
3594 1486 3830 1563 θαλάσσῃ

2192 1562 2351 1639 ὄρους
2372 1569 2467 1619 τοῦ
2499 1563 2802 1640 λεγομένου
2843 1569 3277 1644 Λιθοπροσώπου
3312 1575 3474 1646 μέρος
3528 1573 3694 1643 πολὺ,
3746 1562 3829 1631 καὶ

2191 1653 2427 1732 εἰσήχθη
2486 1653 2561 1716 εἷς
2617 1654 2717 1723 τὴν
2775 1655 3073 1727 θάλασσαν,
3130 1661 3219 1714 καὶ
3286 1663 3578 1718 ἀπετέλεσε
3643 1664 3835 1739 λιμένα

2194 1741 2378 1818 μέγαν,
2410 1742 2485 1804 ὡς
2515 1741 2855 1818 εἷ’σέρχεσθαι
2912 1745 2965 1800 ἐν
3017 1746 3164 1803 αὖτῶ
3219 1750 3392 1806 πλοῖα
3445 1750 3631 1808 πολλὰ
3687 1775 3831 1827 παμ-

2194 1830 2420 1919 μεγέθη·
2454 1831 2559 1905 πρὸ
2588 1833 2690 1907 γάρ
2713 1832 2910 1889 τούτου
2944 1833 3043 1890 οὐκ
3072 1837 3193 1912 εἶχε
3249 1836 3463 1912 λιμένα.
3523 1843 3728 1919 ⁸Ἐφυγε
3778 1841 3835 1899 δὲ

2185 1917 2487 1989 ἡθάλασσα
2517 1920 2593 1983 εἰς
2618 1921 2680 1975 τὸ
2736 1921 2976 1997 πέλαγος
3037 1925 3223 1999 μίλιον
3274 1925 3351 1998 ἕν,
3401 1928 3490 1983 καὶ
3549 1917 3712 1986 πάλιν
3764 1937 3829 2007 τῇ

2179 2012 2277 2063 τοῦ
2302 2014 2436 2063 Θεοῦ
2479 2007 2723 2064 κελεύσει
2778 2010 3143 2085 ἀποκατέστη.
3204 2017 3296 2089 Τῷ
3351 2017 3646 2093 Αὐγούστῳ
3708 2042 3813 2094 μην

2181 2096 2353 2166 ἦλθον
2434 2096 2670 2153 ἐπινίκια
2728 2099 2833 2155 ἀπὸ
2890 2101 3113 2176 Ῥώμης
3195 2108 3293 2159 τοῦ
3347 2111 3562 2182 Ναρσῆ,
3611 2109 3686 2171 ὡς
3745 2109 3829 2165 ὅτὶ

419 2186 647 2268 ἔσφαξαν
682 2192 733 2245 οἱ
761 2194 1031 2262 Ῥωμαῖοι
1060 2190 1150 2246 τὸν
1188 2190 1329 2265 ῥῆγα
1362 2187 1615 2247 Τώτιλαν
1649 2190 1738 2243 καὶ
1764 2187 1962 2245 ἔλαϐον
1990 2190 2089 2258 τήν
2121 2186 2366 2260 Ῥώμην.

487 2291 657 2337 Anno
706 2285 773 2336 25
831 2281 993 2352 Cpoli
1051 2286 1248 2336 actum
1304 2280 1418 2335 fuit
1493 2297 1727 2335 sacrum
1792 2280 2067 2350 quintum

414 2371 847 2427 mcumenicum
895 2371 1236 2439 concilium,
1298 2372 1399 2424 165
1452 2369 1724 2425 Patribus
1801 2369 2068 2424 collectis

408 2460 518 2516 sub
550 2459 755 2531 Vigilio
787 2459 1164 2514 sanctissimo
1212 2461 1412 2514 Romaa
1467 2475 1642 2530 papa,
1700 2459 1803 2529 qui
1860 2458 2064 2513 libello

404 2564 605 2604 veram
647 2547 825 2603 ﬁdem
857 2547 1136 2603 asseruit.
1165 2546 1539 2603 Praefuerunt
1572 2547 1895 2619 Eutychius
1914 2549 2065 2619 Cpo-

401 2636 500 2702 lis,
533 2636 932 2709 Apollinarius
969 2636 1367 2703 Alexandria,
1410 2637 1673 2692 Domnus
1732 2637 2064 2691 Antiochia

402 2727 690 2798 episcopi,
742 2731 802 2781 et
848 2726 1101 2782 vicarius
1160 2725 1703 2797 Hierosolymitani.
1764 2728 1878 2781 Res
1934 2731 2066 2781 acta

403 2820 612 2870 contra
641 2815 895 2886 impium
948 2815 1227 2869 Severum
1284 2814 1677 2887 Acephalum.
1711 2814 1894 2869 Abest
1950 2814 2065 2870 hoc

401 2904 721 2961 concilium
750 2921 783 2959 a
822 2909 1032 2975 quarto
1064 2904 1219 2959 660
1237 2903 1412 2959 annis
1446 2906 1566 2958 111.
1599 2908 1747 2959 Acta
1763 2902 1941 2958 etiam
1964 2920 2060 2958 res

403 3000 494 3049 est
521 2999 731 3050 contra
759 2992 1069 3049 vecordem
1102 2993 1413 3065 Origenem
1446 2998 1505 3048 et
1559 3009 1660 3047 eos
1692 2992 1793 3064 qui
1843 2993 2058 3064 impias

406 3085 537 3155 ejus
568 3083 881 3154 opiniones
910 3082 1326 3151 sectabantur;
1352 3098 1606 3153 quorum
1630 3080 1745 3136 fuit
1773 3081 2058 3153 Didymus

403 3188 595 3227 caacus
626 3177 686 3226 et
715 3171 1015 3242 Evagrius,
1052 3171 1155 3241 qui
1187 3170 1412 3225 dudum
1444 3170 1772 3226 ﬂoruerant
1805 3187 1872 3225 ac
1904 3169 2058 3240 capi-

400 3260 529 3316 tula
553 3276 659 3315 sua
693 3260 1017 3315 ediderant.
1053 3261 1118 3314 In
1169 3259 1259 3313 his
1314 3261 1648 3315 Graecarum
1706 3259 2054 3331 opinionum

2244 2276 2338 2348 Τῷ
2366 2276 2444 2330 κε’
2499 2272 2606 2331 ἔτει
2663 2284 2763 2348 τῆς
2836 2277 3116 2354 βασιλείας
3177 2283 3560 2339 Ἰουστινιανοῦ
3604 2282 3820 2362 γέγονεν

2174 2367 2209 2435 ἡ
2252 2366 2379 2441 ἁγία
2408 2366 2499 2421 καὶ
2549 2366 2904 2442 οἷ’κουμενική
2959 2371 2997 2424 ε’
3055 2369 3278 2436 σύνοδος
3343 2378 3449 2429 τῶν
3508 2376 3608 2450 ρξε’
3657 2378 3822 2451 άγίων

2178 2456 2430 2528 ΙΙατέρων
2486 2454 2537 2509 ἐν
2619 2459 3215 2531 Κωνσταντινουπόλει,
3274 2460 3360 2518 ἐπὶ
3421 2463 3672 2539 Βιγιλίου
3728 2470 3825 2521 τοῦ

2175 2540 2485 2630 ἁγίωτάτου
2543 2545 2697 2600 πάπα
2742 2547 2988 2620 Ῥώμης,
3045 2545 3133 2603 διὰ
3186 2546 3452 2607 λιϐέλλου
3507 2555 3609 2622 τήν
3660 2555 3824 2630 ὀρθὴν

2171 2629 2352 2686 πίστιν
2410 2637 2729 2709 τηροῦντος
2802 2636 2868 2704 ἧς
2924 2634 3158 2709 ἠγοῦντο
3214 2639 3483 2716 Εὐτύχιος
3546 2645 3829 2699 Κωνσταν-

2170 2719 2567 2793 τινουπὸλεως,
2628 2723 3015 2800 Ἀπολινάριος
3090 2726 3501 2804 Ἀλεξανδρείας
3576 2733 3667 2787 καὶ
3725 2733 3826 2789 Δό-

2178 2831 2310 2897 μνος
2344 2812 2698 2888 Ἀντιοχείας,
2732 2818 3123 2890 τοποτηρητής
3174 2814 3232 2873 δὲ
3299 2818 3571 2895 Εὐτύχιος
3599 2822 3824 2897 Ἱεροσο-

2173 2896 2365 2985 λύμων
2402 2902 2534 2973 (41),
2563 2902 2701 2958 κατά
2755 2897 3004 2979 Σεϐηρου
3059 2910 3156 2960 τοῦ
3211 2907 3517 2985 ’Λκεφάλου
3548 2911 3635 2965 καί
3672 2896 3814 2965 δυσ-

2169 2982 2380 3051 σεϐοὖς.
2417 2988 2642 3069 Ἀπέχει
2685 2987 2743 3046 δὲ
2770 2998 2870 3061 τῆς
2923 2990 2967 3047 δ’
3025 2992 3252 3051 συνόδου
3311 2982 3404 3069 ἔτη
3476 3000 3574 3074 ρβ’.
3633 2996 3805 3055 Ἀλλὰ

2165 3074 2256 3129 καὶ
2312 3078 2448 3131 κατά
2501 3083 2598 3132 τοῦ
2656 3080 3006 3156 παράφρονος
3061 3083 3370 3159 Ὠριγένους
3438 3089 3531 3142 καὶ
3585 3091 3689 3142 τῶν
3745 3088 3814 3143 τὰ

2167 3163 2373 3220 ἐκείνου
2404 3161 2571 3235 ἀσεϐῆ
2631 3164 2903 3243 δόγματα
2937 3167 3354 3246 διαδεξαμένων,
3416 3173 3656 3250 Διδύμου
3720 3181 3816 3231 τοῦ

2162 3253 2269 3309 ἀπὸ
2301 3255 2566 3330 ὀμμάτων
2600 3260 2709 3331 (42)
2739 3257 2829 3313 καὶ
2858 3257 3151 3339 Εὐαργίου,
3199 3269 3307 3318 τῶν
3336 3264 3508 3321 πάλαι
3538 3267 3816 3339 ἀκμασάν-

399 3364 548 3403 ansa
577 3353 833 3419 arrepta,
857 3348 1071 3419 quibus
1101 3348 1439 3403 animarum
1492 3349 1553 3404 in
1584 3348 1700 3403 alia
1730 3355 1908 3419 atque
1934 3348 2054 3404 alia

2172 3363 2295 3413 των,
2354 3346 2443 3399 καὶ
2498 3351 2605 3400 τῶν
2664 3346 2982 3412 ἐκτεθέντων
3032 3354 3156 3425 παρ’
3206 3352 3392 3416 αὐτοῖς
3472 3353 3813 3433 κεφαλαίων,

396 3454 647 3509 corpora
694 3438 982 3493 transitus
1032 3438 1305 3510 ﬁngitur,
1362 3437 1739 3511 nugabantur
1820 3438 2053 3494 animas

394 3528 742 3600 corporibus
781 3533 1048 3599 tempore
1087 3544 1216 3583 esse
1246 3526 1498 3598 priores,
1532 3527 1714 3582 finem
1745 3526 2052 3599 suppliciis

389 3615 541 3681 fore,
572 3633 694 3672 non
754 3617 964 3672 iisdem
1023 3633 1134 3672 nos
1191 3621 1632 3672 resurrecturos
1681 3616 2047 3703 corporibus,

392 3706 695 3762 daemonas
754 3708 817 3762 in
877 3706 1172 3773 integrum
1216 3706 1559 3761 restitutum
1608 3706 1726 3772 iri;
1786 3706 2049 3778 paradisi

390 3796 675 3851 vocabulo
708 3796 870 3851 aliud
900 3796 1114 3864 notari,
1148 3812 1344 3866 neque
1372 3795 1656 3851 sensilem
1700 3794 2049 3867 paradisum

389 3885 573 3940 fuis'se
606 3903 641 3941 a
663 3886 779 3940 Deo
813 3884 1138 3952 conditum,
1191 3900 1386 3956 neque
1441 3884 1731 3939 Adamum
1762 3901 2047 3941 carneum

390 3973 574 4027 fuisse
608 3973 890 4028 efﬁctum.
926 3974 1024 4028 Has
1055 3973 1369 4044 opiniones
1392 3990 1526 4029 cum
1558 3974 1902 4044 aliquandiu
1924 3974 2048 4029 fere

392 4059 726 4130 latuissent,
782 4060 1022 4116 tandem
1082 4061 1144 4115 in
1197 4060 1645 4116 multitudinem
1724 4066 2049 4134 eruperunt

391 4150 731 4221 multosque
790 4149 1222 4206 ecclesiasticos
1276 4150 1576 4206 vitiarunt.
1636 4152 1838 4221 Itaque
1903 4156 2046 4207 tunc

388 4236 684 4293 damnatae
715 4244 773 4294 et
803 4239 1150 4310 proscriptm
1183 4243 1341 4293 sunt.
1400 4238 1774 4294 Theodorum
1808 4256 2044 4311 quoque

388 4329 760 4399 Mopsuestia
794 4328 1162 4399 episc0pum,
1181 4332 1607 4399 praeceptorem
1632 4329 1880 4383 Nestorii
1914 4330 2044 4401 ejus

385 4417 484 4487 qui
522 4416 785 4471 Judaicis
836 4415 1139 4470 erroribus
1223 4431 1505 4487 germana
1554 4417 1760 4480 sensit,
1794 4423 1852 4472 et
1926 4418 2042 4473 lbae

387 4505 698 4575 epistolam
745 4504 1195 4572 damnaverunt,
1258 4510 1317 4559 et
1372 4505 1646 4576 quaedam
1703 4507 2039 4561 Theodoriti

384 4593 516 4664 Cyri
549 4593 810 4664 episcopi
841 4592 1143 4664 opuscula,
1178 4594 1515 4665 conscripta
1562 4595 1841 4650 adversus
1893 4596 2035 4650 duo-

383 4681 575 4737 decim
606 4681 867 4754 capitula
894 4682 1053 4737 beati
1082 4682 1301 4753 Cyrilli.

454 4948 807 5007 Litterarum
837 4967 1013 5022 porro
1043 4949 1358 5006 Justiniani
1418 4948 1488 5004 ad
1531 4948 1849 5004 concilium
1902 4949 2028 5005 haec

381 5044 473 5095 est
493 5040 827 5097 sententia:
862 5040 943 5095 De
974 5040 1225 5111 Origene
1248 5043 1307 5094 et
1334 5037 1407 5093 iis
1438 5037 1538 5109 qui
1579 5037 1651 5092 ab
1709 5038 1841 5109 ejus
1890 5044 2030 5094 sunt

377 5134 539 5186 secta
563 5145 807 5202 operam
837 5127 1133 5196 dedimus,
1157 5128 1393 5200 justum
1441 5142 1571 5182 esse
1625 5126 2027 5199 intelligentes

372 5222 440 5273 ut
471 5224 736 5274 sanctam
768 5217 871 5273 Dei
901 5216 1413 5289 apostolicamque
1433 5215 1759 5272 Ecolesiam
1783 5233 1817 5272 a
1836 5217 2026 5273 turbis

372 5323 643 5363 securam
656 5311 1214 5380 praestemus,utque
1229 5323 1299 5362 ea
1323 5322 1453 5377 quae
1477 5322 1832 5378 quocunque
1845 5306 2022 5362 modo

2159 3429 2212 3486 ἐν
2243 3433 2330 3494 οἷς
2356 3432 2674 3510 ἐληρῴδουν
2706 3440 3088 3517 προϋπάρχειν
3115 3440 3211 3501 τάς
3240 3442 3422 3517 ψυχὰς
3478 3429 3586 3499 τῶν
3621 3446 3817 3519 σωμά-

2157 3543 2265 3578 των
2307 3521 2358 3593 ἐξ
2388 3522 2733 3596 Ἑλληνικῶν
2766 3528 3088 3602 ὁρμώμενοι
3119 3527 3409 3608 δογμάτων
3462 3535 3564 3603 τήν
3611 3556 3817 3610 μετεμ-
3860 3596 3867 3599 _

2158 3611 2411 3690 χύχωσιν
2444 3610 2801 3688 δοξαζόντων,
2832 3617 2991 3680 τέλος
3022 3640 3080 3674 τε
3119 3627 3218 3691 τῆς
3250 3620 3550 3695 κολάσεως,
3599 3626 3692 3679 καὶ
3747 3627 3822 3680 τὰ

2158 3698 2381 3772 σώματα
2429 3704 2589 3776 ἡμῶν
2649 3706 2724 3778 μή
2784 3705 3091 3763 ἀνίστασθαι
3140 3710 3207 3764 τά
3259 3709 3392 3765 αύτά
3442 3710 3494 3766 έν
3546 3716 3616 3786 τῇ
3684 3715 3814 3769 ἀνα-

2157 3789 2358 3859 στάσει,
2390 3791 2479 3845 καῖ
2511 3796 2746 3861 τὴντῶν
2796 3791 3073 3869 δαιμόνων
3140 3799 3215 3862 εἰς
3268 3800 3330 3855 τὸ
3380 3799 3613 3876 ἀρχαῖον
3672 3802 3818 3859 ἀπο-

2152 3878 2497 3953 κατάστασιν,
2523 3882 2615 3936 τὸν
2671 3879 2728 3937 δὲ
2783 3882 3106 3958 παράδεισον
3165 3886 3657 3965 ἀλληγορούντων,
3717 3892 3814 3948 καὶ

2156 3968 2231 4040 μή
2265 3976 2579 4045 γεγενῆσθαι
2636 3973 2779 4044 μήτε
2838 3974 2970 4029 εἶναι
3022 3976 3125 4031 ὑπὸ
3175 3981 3273 4032 τοῦ
3332 3983 3465 4033 Θεοῦ
3524 3980 3812 4053 αἰσθητὸν,

2154 4058 2296 4128 μήτε
2354 4056 2406 4110 ἐν
2465 4059 2622 4134 σαρκὶ
2678 4059 2986 4132 πλασθῆναι
3042 4066 3135 4120 τὸν
3196 4064 3398 4140 Ἀδὰμ.
3461 4073 3653 4126 ’Άτινα
3709 4068 3813 4125 δό-

2146 4166 2327 4220 γματα
2355 4145 2460 4210 ἓως
2493 4148 2696 4224 χρόνου
2755 4151 2817 4206 τὸ
2868 4150 3036 4208 πλέον
3097 4152 3410 4230 ἐκρύπτετο,
3473 4159 3549 4221 εἷς
3589 4158 3812 4230 πλῆθος

2149 4231 2207 4289 δὲ
2246 4232 2557 4292 ἐπιδιδόντα
2585 4238 2676 4293 καὶ
2735 4238 2988 4304 πολλοὺς
3045 4250 3145 4314 τῆς
3203 4244 3537 4319 Ἐκκλησίας
3598 4247 3812 4323 λυμαι-

2145 4324 2344 4396 νόμενα
2424 4333 2719 4400 τηνικαῦτα
2795 4331 3210 4401 στηλιτευθέντα
3285 4336 3808 4411 ἀνεθεματίσθησαν.

2145 4416 2268 4504 ΪΕ-τι
2343 4413 2400 4504 δέ
2477 4418 2568 4473 καὶ
2642 4421 2779 4475 κατὰ
2843 4419 3128 4498 Θεοδώρου
3212 4430 3311 4480 τοῦ
3396 4428 3808 4504 Μοψουεστίας,

2144 4500 2476 4561 διδασκάλου
2530 4509 2818 4584 γεγονότος
2866 4515 2963 4566 τοῦ
3021 4514 3319 4588 Νεστορίου
3367 4520 3463 4571 τοῦ
3506 4500 3811 4575 ’Ἰουδαιό-ζ

2143 4613 2361 4670 φρονος,
2444 4595 2827 4669 ἀνεθεμάτισαν
2904 4602 3038 4672 μετὰ
3101 4609 3202 4673 τῆς
3290 4603 3593 4679 λεγομένης
3679 4605 3810 4664 Ἴϐα
3870 4660 3875 4663 .

2064 4715 2112 4778 D
2143 4681 2437 4778 ἐπιστολῆς
2467 4772 2477 4778 Δ
2510 4687 2600 4740 καί
2683 4707 2842 4778 τινων
2928 4691 3373 4767 συγγραμμάτων
3441 4693 3807 4770 Θεοδωρητου

2136 4775 2233 4825 τοῦ
2290 4769 2590 4828 ἐπισκόπου
2632 4774 2835 4851 Κύρου,
2895 4779 3310 4858 συγγραφέντων
3366 4783 3505 4839 κατά
3560 4769 3668 4840 τῶν
3727 4778 3808 4862 ιβ’

2136 4860 2448 4936 κεφαλαίων
2479 4867 2578 4918 τοῦ
2613 4864 2882 4940 μακαρίου
2916 4866 3215 4943 Κυρίλλου.

2209 4949 2287 5006 Τὸ
2310 4946 2388 5041 δὲ-
2437 4953 2671 5041 γράμμα
2725 4958 2823 5009 τοῦ
2886 4957 3160 5030 βασιλέως
3218 4960 3599 5018 Ἰουστινιανοῦ
3656 4965 3802 5041 πρὸς

2138 5038 2236 5106 τήν
2295 5037 2450 5112 ἁγίαν
2512 5038 2737 5096 σύνοδον
2791 5044 3041 5124 περιέχει
3102 5046 3275 5111 οὕτως
3352 5050 3482 5124 Περὶ
3544 5073 3640 5126 μεν
3696 5037 3799 5110 οὖν

2138 5127 2443 5219 Ὢριγένους
2501 5129 2591 5184 καὶ
2636 5136 2761 5219 Δτῶν
2808 5133 3134 5213 ὁμοφρόνων
3190 5135 3356 5194 αὐτοῦ
3432 5140 3641 5213 σπουδὴ
3700 5145 3801 5219 γέ-

2133 5236 2289 5292 γονεν
2320 5218 2479 5290 ἡμῖν,
2512 5219 2598 5274 καὶ
2633 5213 2776 5277 ἔστιν
2817 5221 3095 5300 ἀτάραχον
3155 5227 3254 5297 τὴν
3315 5227 3471 5304 ἁγίαν
3509 5236 3608 5286 τοῦ
3657 5213 3803 5289 Θεοῦ

2132 5303 2622 5377 καὶάποστολικὴν
2661 5308 2992 5381 Ἐκκλησίαν
3049 5303 3501 5396 διαφυλάττεσθαι
3563 5317 3782 5378 δίκαιον

1556 5404 1913 5461 XYLANDRI
1952 5406 2040 5460 ET
2078 5405 2318 5462 GOARII
2359 5407 2582 5463 ΝΟΤᾸΞ.

443 5529 555 5603 (41)
588 5530 861 5602 Eutychii
894 5547 1133 5603 _nomen
1191 5530 1558 5587 inculcatum
1603 5530 1806 5603 omisi.
1843 5531 2029 5586 Locus

369 5597 461 5657 est
489 5597 801 5673 suspectus
857 5601 931 5656 ob
980 5618 1184 5673 vocem
1240 5599 1620 5673 τοποτηρηταὶ
1677 5597 1754 5673 δέ.
1814 5603 2025 5657 Eusto-

366 5673 543 5730 chius
570 5672 639 5730 eo
671 5678 941 5744 tempore
970 5672 1086 5728 fuit
1110 5673 1423 5745 episcopus
1462 5672 2026 5744 Hierosolymorum.

2142 5530 2283 5586 Vide
2315 5532 2625 5657 Evagrium
2659 5550 2731 5599 Iv,
2766 5538 2833 5591 38
2868 5558 2882 5603 ;
2913 5538 3158 5611 Niceph.
3190 5557 3321 5612 xvn,
3347 5545 3436 5599 2‘7.
3472 5544 3610 5599 XYL.

2210 5601 2322 5657 (42)
2358 5605 2420 5657 Vl
2469 5619 2500 5657 e
2526 5605 2918 5657 Niceohorum
2952 5627 3030 5657 nr-
3065 5615 3150 5657 1⁸7-
3185 5610 3318 5657 Χγπ..

2210 5601 2322 5673 (42)
2358 5601 2500 5657 Vide
2526 5601 2921 5677 Nicephorum
2952 5627 3032 5677 ix,
3056 5601 3150 5667 l7.
3183 5601 3319 5668 Χηῖ
