4126 6296
298 399 422 460 ’121
1453 394 1927 458 HISTORIARL'

2094 395 2590 460 OMPENDIUM.
3604 407 3723 467 722

3202 486 3235 501 θ.

302 531 400 584 καὶ
429 531 498 586 τα
537 535 620 606 [Ρ.
681 533 806 604 377]
856 531 1106 586 ὁπωσοῦν
1161 523 1506 607 ἀναφυόμενα
1562 531 1630 601 τῇ
1689 523 1931 601 ὁρθοδόξι

2097 525 2321 582 idversa
2367 535 2544 584 rectas
2577 531 2713 586 ﬁdei
2744 533 2889 588 σοι
2925 541 3291 591 enascuntur
3318 537 3726 596 condemnen-

303 619 489 676 πίστει
550 620 761 676 ἐναντία
811 618 1246 693 κατακρίνεσθαι.
1304 617 1454 674 Ἐπεὶ
1503 620 1683 671 τοίνυν
1734 612 1932 690 διέγνω

2105 632 2194 671 ur.
2219 617 2365 671 Cum
2398 634 2535 690 ergo
2558 628 2926 692 compertum
2957 622 3283 681 habeamus
3304 643 3433 683 esse
3465 630 3731 687 Hieroso-

310 730 435 765 σται
483 712 621 782 ἡμῖν
676 707 751 771 ὥς
806 729 950 771 τινες
1001 706 1052 762 ὲν
1107 702 1514 781 Ἰεροσολύμοις
1571 705 1671 760 εἰσὶ
1733 723 1939 779 μοναχο

2098 705 2251 775 ymis
2302 708 2593 777 quosdam
2642 711 2967 766 monachos
3022 713 3328 781 nimirum,
3361 717 3460 787 qui
3506 719 3724 791 Pytha-

312 796 588 869 δήπουθεν
647 798 933 871 Πυθαγόρᾳ
986 796 1076 852 καὶ
1137 794 1386 850 Πλάτωνι
1443 794 1531 849 καὶ
1582 792 1835 869 Ὠριγένει
1887 798 1941 865 τῤ

2093 810 2248 865 goraa,
2309 797 2593 861 Platonis,
2655 798 3043 872 Origenisque
3112 803 3450 875 Adamantii
3508 807 3722 880 impios

306 886 662 961 Ἀδαμαντίῳ
711 888 803 942 καὶ
861 891 931 961 τῇ
988 886 1196 941 τούτων
1270 880 1554 956 δυσσεϐείᾳ
1607 884 1697 938 καὶ
1781 881 1935 938 πλάνη

2092 897 2304 939 errores
2351 891 2655 942 sectentur
2702 893 2879 959 atque
2927 890 3197 961 doceant,
3254 894 3721 954 existimavimus

300 976 842 1039 κατακολουθοῦντες
898 976 986 1031 καὶ
1075 972 1437 1039 διδάσκοντες,
1520 971 1631 1028 δεῖν
1698 972 1929 1045 ᾠήθημε

2090 987 2275 1028 turam
2314 980 2373 1028 et
2418 974 2867 1046 inquisitionem
2900 978 2970 1033 de
3014 979 3087 1034 iis
3117 980 3538 1052 adhibendam,
3574 1003 3649 1042 ne
3680 988 3719 1043 ii

309 1064 578 1145 φροντίδα
625 1066 715 1121 καὶ
773 1067 997 1135 ζήτησιν
1027 1066 1359 1133 ποιήσασθαι
1416 1062 1536 1135 περῖ
1587 1061 1817 1129 τούτων,
1869 1059 1938 1115 ’ίνι

2084 1060 2139 1115 td
2160 1065 2487 1117 extremum
2513 1064 2868 1120 Grmcanicis
2894 1068 3353 1135 etﬁManichaicis
3378 1073 3500 1128 suis
3522 1074 3713 1146 impo-

313 1159 391 1229 μὴ
444 1155 631 1211 τέλεον
700 1152 791 1209 διὰ
849 1161 950 1223 τῆς
1021 1151 1359 1222 Ἑλληνικῆς
1441 1151 1532 1206 καὶ
1613 1153 1942 1227 Μανιχαϊκῆι

2088 1152 2246 1204 ituris
2295 1152 2514 1207 multos
2561 1154 2832 1225 perdant.
2885 1158 3024 1210 Nam
3074 1162 3142 1212 ut
3186 1157 3260 1213 de
3299 1161 3501 1216 multis
3531 1180 3717 1234 pauca

304 1245 522 1315 ἀπάτης
598 1245 778 1300 αὗτῶν
838 1241 1085 1304 πολλοὺς
1142 1240 1505 1298 ἀπολέσωσι..
1537 1240 1765 1315 Λέγουσι
1832 1242 1933 1315 γὰρ

2090 1255 2623 1311 :ommemoremus,
2644 1248 2876 1299 mentes
2906 1246 3076 1299 aiunt
3093 1245 3275 1303 fuisse
3293 1249 3638 1307 innumeras
3661 1260 3719 1308 et

294 1334 389 1389 *ἕνα
415 1334 473 1390 ἐκ
501 1339 607 1390 τῶν
634 1332 863 1390 πολλῶν
921 1330 1086 1409 ὀλίγα
1157 1331 1642 1405 μνημονεύσωμεν,
1703 1332 1786 1385 ὅτι
1843 1330 1923 1385 νόε

2085 1328 2328 1384 nominis
2357 1334 2976 1404 expertes,omniaque
2998 1336 3227 1391 ratione
3258 1337 3507 1407 prmdita
3532 1357 3714 1396 unum

298 1426 437 1493 ἦσαν
471 1421 603 1499 δίχα
633 1423 835 1480 παντὸς
863 1422 1103 1496 ἀριθμοῦ
1150 1441 1209 1475 τε
1245 1421 1337 1475 καὶ
1370 1420 1661 1493 ὀνόματος,
1694 1420 1769 1483 ὡς
1797 1418 1919 1475 ἐνάδ

2085 1434 2193 1471 esse
2223 1417 2500 1490 idemque
2532 1420 2864 1477 substantia
2894 1429 2950 1477 et
2992 1424 3274 1493 efﬁcacia,
3316 1427 3714 1500 facultateque

298 1518 522 1569 πάντων
554 1514 684 1567 εἶναι
718 1517 826 1567 τῶν
858 1511 1098 1586 λογικῶν
1147 1514 1216 1584 τῇ
1272 1509 1563 1578 ταυτότητι
1619 1516 1719 1578 τῆς
1775 1509 1927 1564 οὐσία

2084 1505 2136 1559 td
2168 1507 2351 1561 Deum
2399 1508 2650 1563 Verbum
2685 1515 2743 1565 et
2771 1512 3112 1582 cognitione
3145 1520 3348 1571 omnia
3377 1518 3563 1573 unita.
3599 1520 3713 1575 Has

298 1601 391 1657 καῖ
434 1602 711 1679 ἐνεργείας
735 1601 826 1656 καὶ
857 1606 926 1675 τῇ
962 1597 1184 1672 δυνάμει
1223 1602 1292 1673 τῇ
1322 1599 1458 1674 πρὸς
1511 1598 1603 1653 τὸν
1660 1599 1787 1653 Θεὸν
1849 1600 1923 1653 Λό

2083 1600 2313 1665 nentes,
2346 1614 2481 1652 cum
2515 1600 2732 1654 amoris
2765 1617 2831 1655 ac
2862 1603 3384 1674 contemplationis
3410 1607 3512 1661 Dei
3544 1610 3712 1664 satie-

297 1713 397 1767 γον
429 1692 619 1745 ὲνώσει
650 1711 711 1745 τε
740 1690 830 1745 καὶ
858 1690 1076 1767 γνώσει.
1113 1690 1214 1745 Καί
1246 1689 1321 1752 ὡς
1376 1688 1536 1762 κόρον
1597 1688 1772 1743 αὐτῶν
1804 1686 1922 1762 λαμ

2081 1700 2149 1739 as
2180 1700 2279 1739 eas
2310 1687 2566 1757 cepisset
2603 1704 2710 1758 pro
2742 1704 2808 1743 eo
2859 1696 2926 1744 ut
2954 1692 3174 1762 qumvis
3217 1694 3404 1761 magis
3442 1696 3710 1754 minusve

298 1775 577 1835 ϐανόντων
602 1787 705 1847 τῆς
736 1779 878 1840 θείας
917 1779 1136 1853 ἀγάπης
1180 1779 1268 1833 καὶ
1330 1776 1578 1851 Θεωρίας,
1637 1778 1772 1831 κατὰ
1828 1777 1925 1832 ἀνα

2082 1789 2120 1827 n
2152 1773 2413 1829 deterius
2464 1776 2813 1845 desciverat,
2861 1780 2949 1833 vel
2978 1781 3271 1837 crassiora
3302 1782 3389 1837 vel
3437 1788 3708 1843 tenuiora

297 1868 487 1944 λογίαν
519 1876 621 1937 τῆς
651 1868 738 1923 ἐπὶ
768 1869 831 1923 τὸ
879 1873 1065 1943 χεῖρον
1122 1866 1348 1922 ἑκάστου
1403 1873 1613 1942 τροπῆς
1673 1865 1926 1941 λεπτομει

2078 1879 2309 1933 :orpora
2356 1864 2523 1919 indui
2565 1871 2741 1936 atque
2789 1869 3034 1924 nomina
3082 1871 3301 1940 sortiri,
3346 1877 3523 1944 atque
3568 1875 3707 1932 inde

296 1959 519 2033 ρὲστερα
575 1958 612 2028 ἢ
662 1959 752 2012 καὶ
801 1958 1082 2032 παχύτερα
1136 1958 1365 2028 σώματα
1439 1956 1805 2035 ἀμφιάσασθαι
1862 1979 1925 2013 κα

2078 1950 2403 2007 :ualestibus
2441 1958 2501 2008 et
2538 1953 2904 2011 administris
2936 1957 3318 2015 facultatibus
3349 1977 3477 2017 esse
3506 1963 3707 2036 subje-

294 2047 542 2120 όνόματα
566 2047 980 2122 κληρώσασθαι,
1033 2047 1311 2102 κάντεῦθεν
1365 2047 1462 2107 τὰς
1522 2046 1808 2120 οὐρανίους
1863 2069 1923 2102 κα

2079 2045 2209 2096 :tas.
2246 2044 2444 2112 Ipsum
2463 2042 2608 2098 adeo
2628 2043 2833 2109 solem,
2857 2045 3063 2102 lunam
3086 2052 3143 2102 et
3164 2049 3389 2120 stellas,
3421 2068 3556 2106 cum
3579 2053 3708 2124 ipsa

301 2136 682 2212 λειτουργικὰς
742 2137 1043 2205 ὑποστῆναι
1100 2133 1377 2208 δυνάμεις.
1435 2132 1613 2191 Ἀλλᾶ
1674 2137 1782 2207 μήν
1861 2157 1929 2191 κα

2077 2145 2300 2200 quoque
2330 2130 2392 2185 in
2422 2132 2698 2188 rationali
2730 2133 2844 2189 ista
2873 2135 3099 2192 unitate
3125 2144 3347 2206 essent,
3379 2142 3706 2198 mutatione

296 2224 464 2295 ἥλιον
505 2226 595 2280 καὶ
628 2223 864 2296 σελήνην
893 2225 983 2280 καὶ
1040 2225 1169 2288 τοὺς
1223 2223 1468 2299 ἆστέρας,
1521 2224 1612 2278 καὶ
1668 2224 1802 2279 αὐτὰ
1850 2232 1917 2294 τῆ

2077 2233 2124 2271 ιι
2153 2218 2414 2274 deterius
2454 2218 2607 2276 facta
2655 2221 2715 2277 id
2746 2223 2992 2294 cmpisse
3032 2241 3163 2280 esse
3193 2227 3349 2297 quod
3390 2234 3547 2285 sunt.
3597 2233 3706 2286 Eas

288 2315 461 2381 αὐτῆς
492 2320 601 2371 τῶν
630 2315 875 2390 λογικῶν
907 2313 1095 2377 ἐνάδος
1122 2310 1270 2383 ὅντα,
1303 2312 1363 2369 ἐκ
1416 2320 1517 2382 τῆς
1544 2312 1631 2369 ἐπὶ
1682 2315 1748 2369 τὰ
1777 2313 1917 2389 χείρι

2075 2322 2194 2360 vero
2251 2313 2483 2363 mentes
2543 2310 2605 2364 in
2662 2311 2879 2381 quibus
2927 2312 3030 2367 Dei
3075 2329 3246 2369 amor
3285 2317 3472 2387 magis
3525 2319 3704 2374 etiam

286 2411 502 2479 τροπῆς
589 2408 753 2459 τοῦτο
836 2404 1108 2480 γεγονεναι
1191 2403 1323 2477 ’ὅπερ
1400 2400 1524 2459 εἶσί.
1587 2401 1666 2457 Τὰ
1746 2400 1805 2457 δὲ
1862 2402 1915 2458 ἐπ

2071 2397 2309 2463 refrixit,
2378 2400 2610 2455 animas
2676 2401 2879 2467 factas,
2913 2408 2971 2458 et
3034 2405 3426 2461 crassioribus
3498 2408 3700 2477 qualia

291 2493 489 2548 πλεῖον
549 2500 649 2563 τῆς
709 2493 853 2553 θείας
933 2492 1274 2567 ἀποψυγέντα
1330 2488 1530 2565 λογικὰ
1591 2491 1772 2566 ψυχὰς
1827 2493 1920 2547 ὀνο

2073 2491 2264 2542 nostra
2319 2493 2459 2543 sunt
2513 2489 2859 2560 corporibus
2915 2490 3177 2547 immitti.
3237 2494 3376 2558 Qua)
3432 2511 3570 2550 vero
3628 2495 3702 2553 ad

298 2587 568 2654 μασθῆναι
621 2581 711 2636 καὶ
764 2581 984 2653 σώμασι
1045 2579 1376 2656 παχυτέροις
1459 2585 1576 2641 τοῖς
1630 2582 1749 2635 καθ’
1801 2582 1927 2653 ἠμᾶι

2078 2580 2391 2631 extremum
2439 2578 2842 2647 perversitatis
2890 2580 3182 2649 venerint,
3210 2597 3311 2637 eas
3358 2583 3586 2656 frigidis
3638 2601 3707 2641 ac

294 2667 663 2744 ἐμϐληθῆναι.
696 2674 780 2730 Τὰ
811 2670 870 2728 δὲ
898 2672 988 2727 ἐπὶ
1039 2672 1103 2727 τὸ
1154 2669 1316 2744 ἄκρον
1373 2675 1474 2737 τῆς
1521 2671 1709 2733 κακίας
1742 2671 1920 2743 ἐληλα

2079 2664 2398 2736 :aliginosis
2472 2665 2655 2720 inseri
2733 2667 3102 2738 corporibus,
3180 2686 3328 2741 quos
3405 2671 3708 2729 daemonas

297 2762 434 2815 κότα
484 2765 717 2837 ψυχροῖς
773 2762 863 2817 καὶ
923 2766 1171 2841 ζοφεροῖς
1223 2757 1498 2829 ἐνδεθῆναι
1564 2760 1799 2833 σώμασι,
1855 2783 1925 2817 κα

2079 2758 2286 2807 rocant.
2334 2755 2416 2808 Ex
2460 2754 2728 2826 angelico
2759 2756 3009 2826 proinde
3053 2761 3210 2813 statu
3257 2759 3603 2830 animalem,
3638 2780 3708 2818 ex

293 2846 562 2923 δαίμονας
616 2851 981 2923 ὀνομασθῆναι
1034 2849 1318 2925 γενόμενα.
1379 2849 1483 2905 Καὶ
1514 2847 1599 2903 ὅτι
1648 2848 1699 2920 ἐξ
1730 2849 1921 2926 ἀγγελι

2083 2842 2303 2897 mimali
2343 2842 2740 2899 dmmonicum
2781 2844 2909 2899 fieri
2960 2851 3020 2900 et
3065 2847 3417 2903 humanum.
3459 2851 3542 2906 De
3588 2857 3712 2907 tota

290 2945 396 3007 γῆς
432 2939 528 3011 μὶν
556 2938 930 3000 καταστάσεως
969 2940 1181 3018 ψυχική
1250 2937 1449 3012 γίνεται
1507 2938 1853 3005 κατάστασις,
1889 2939 1919 2994 ἐς

2088 2935 2256 2985 .utem
2287 2931 2514 2987 unitate
2543 2933 2821 2987 mentium
2851 2950 3034 2989 unam
3066 2934 3361 2991 duntaxat
3382 2939 3717 3008 perstitisse

291 3023 351 3081 δὲ
380 3032 483 3094 τῆς
513 3030 759 3106 ψυχικῆς
791 3023 1167 3100 δαιμονιώδης
1214 3045 1271 3081 τε
1309 3025 1399 3080 καὶ
1450 3025 1784 3099 ἀνθρωπίνη.
1815 3027 1920 3082 Ἐνι

2085 3026 2387 3086 mmotam,
2411 3038 2608 3093 neque
2629 3023 2702 3077 ab
2729 3039 2929 3079 amore
2951 3031 3011 3079 et
3030 3025 3185 3081 682
3207 3028 3714 3106 contemplatione

288 3112 350 3170 δὲ
410 3103 759 3188 μόνον-νοῦν
810 3112 871 3169 ὲκ
925 3115 1106 3184 πάσης
1157 3121 1260 3185 τῆς
1310 3110 1498 3175 ἒνάδος
1548 3118 1657 3169 τῶν
1708 3113 1916 3188 λογικῶ

2088 3109 2157 3164 Dei
2206 3127 2443 3182 passam
2473 3127 2537 3166 se
2571 3111 2819 3167 abduci:
2872 3129 3002 3168 eam
3054 3130 3183 3170 esse
3231 3115 3554 3187 Christum,
3605 3103 3717 3191 qui

282 3202 590 3275 ἆκλόνητον
658 3209 838 3278 μεῖναι
895 3203 985 3258 καὶ
1042 3203 1297 3273 ἀκίνητον
1360 3209 1463 3271 τῆς
1513 3203 1659 3267 θείας
1725 3202 1907 3278 ἀγάπη

2085 3201 2221 3254 )eus
2272 3204 2332 3254 et
2386 3200 2564 3255 homo
2623 3200 2823 3258 fuerit.
2881 3201 3197 3258 Afﬁrmant
3234 3204 3413 3260 etiam
3464 3223 3714 3279 corpora

407 3255 874 3368 tangatis;
898 3255 1154 3369 ’ἱρισέέιξ
1174 3255 1466 3367 "satis;
1519 3255 1919 3368 ganges;

2706 3255 2737 3256 ρ
2810 3255 2821 3258 -
2882 3255 3194 3258 nmmo“-
3240 3255 3413 3260 _--__
3468 3255 3713 3279 ---τη-

2084 3304 2308 3357 prorsus
2327 3288 2595 3357 interire,
2614 3289 2928 3361 ipsumque
2944 3291 3137 3362 primo
3159 3292 3476 3350 Dominum
3498 3312 3713 3368 corpus

291 3382 587 3459 γεγονέναι.
651 3383 755 3440 Καὶ
827 3383 910 3438 ὅτι
993 3381 1270 3454 παντελής
1328 3383 1437 3438 ἐστι
1520 3388 1629 3438 τῶν
1685 3384 1920 3456 σωμάτω

2086 3391 2238 3430 mum
2270 3374 2581 3447 abjecisse,
2608 3382 2666 3431 et
2693 3376 2754 3431 id
2780 3394 2988 3433 omnes
3020 3379 3294 3436 homines
3324 3381 3553 3449 facere;
3581 3400 3715 3439 rur-

295 3469 579 3545 ἆναίρεσις,
626 3470 791 3526 αὐτοῦ
870 3475 967 3526 τοῦ
1022 3470 1221 3546 Κυρίου
1274 3470 1504 3546 πρώτου
1560 3471 1924 3545 ἀποτιθεμένοι

2081 3480 2317 3535 sumque
2348 3481 2556 3521 omnes
2576 3465 2637 3521 in
2660 3466 2953 3522 unitatem
2982 3467 3179 3524 redire
3209 3485 3277 3525 ac
3306 3476 3537 3528 mentes
3561 3473 3710 3530 fieri.

296 3559 361 3616 τὸ
419 3557 557 3616 ἴδιον
613 3564 773 3634 σῶμα
828 3561 919 3615 καὶ
974 3565 1085 3616 τῶν
1140 3558 1356 3615 λοιπῶν
1396 3561 1665 3617 ἁπάντων.
1710 3562 1807 3616 Καὶ
1865 3562 1925 3618 ’ὀτ

2084 3553 2219 3608 sicut
2242 3553 2315 3608 ab
2347 3554 2516 3609 initio
2538 3554 2811 3622 fuerant;
2844 3556 3040 3627 ipsum
3080 3557 3353 3615 videlicet
3382 3560 3561 3616 etiam
3592 3561 3713 3618 dia-

290 3648 719 3721 ἀνακομίζονται
773 3649 940 3705 πάλιν
979 3649 1209 3713 ἅπαντες
1263 3648 1339 3712 είς
1421 3652 1522 3719 τήν
1572 3649 1736 3718 αὐτὴν
1792 3648 1914 3706 ἒνάδ

2081 3642 2268 3697 solum
2302 3648 2361 3698 et
2407 3643 2670 3714 reliquos
2708 3644 3030 3713 daemones,
3063 3647 3396 3718 impiosque
3437 3650 3710 3705 homines

292 3739 384 3792 καὶ
416 3737 662 3812 γίνονται
724 3740 865 3804 νόες,
897 3738 1035 3793 καθὰ
1087 3739 1175 3793 καὶ
1237 3737 1288 3793 ἐν
1429 3738 1761 3812 προϋπάρξει
1792 3739 1920 3816 ἐτύγ

2079 3734 2126 3785 ω
2175 3732 2447 3787 eamdem
2479 3749 2614 3788 cum
2663 3735 2884 3789 sanctis
2917 3739 2975 3789 et
3003 3733 3218 3790 divinis
3266 3736 3609 3792 hominibus
3640 3755 3708 3794 ac

291 3842 483 3899 χανον,
515 3824 1022 3898 ἀποκαθισταμένου
1082 3822 1339 3895 δηλονότι
1396 3827 1485 3880 καὶ
1516 3826 1684 3881 αὐτοῦ
1712 3830 1810 3882 τοῦ
1839 3824 1920 3882 δια

2079 3819 2396 3875 :mleslibas
2408 3819 2789 3876 facultatibus
2804 3820 3091 3877 unitatem
3105 3823 3442 3879 restitutum
3454 3824 3708 3889 ,eodem—

294 3908 476 3966 δόλου
503 3911 593 3965 καὶ
624 3915 733 3966 τῶν
777 3909 989 3967 λοιπῶν
1052 3908 1326 3985 δαιμόνων
1382 3912 1459 3977 είς
1501 3915 1602 3983 τήν
1631 3913 1801 3982 αὐτὴν
1830 3914 1917 3969 ὲνά

2077 3924 2180 3979 que
2210 3925 2327 3978 quo
2356 3909 2483 3980 ipse
2522 3908 2789 3963 Christus
2817 3909 2992 3964 modo
3017 3927 3155 3965 cum
3184 3912 3303 3966 Deo
3334 3912 3571 3968 unitum
3611 3914 3706 3985 iri,

293 3995 379 4066 δα,
412 4003 646 4053 καὶτῶν
688 3994 898 4054 ἀσεϐῶν
928 4000 1018 4055 καὶ
1075 3998 1246 4063 ἀθέων
1304 4000 1601 4070 ἀνθρώπιον
1660 4002 1795 4073 μετὰ
1840 4006 1917 4055 τῶ

2079 3996 2218 4051 sicut
2247 4003 2307 4050 et
2353 3996 2645 4068 principio
2674 3997 2825 4052 uniti
2856 3997 3111 4054 fuerant.
3143 4001 3332 4070 Atque
3361 4001 3510 4057 adeo
3540 4002 3708 4058 Chri-

290 4087 453 4142 θείων
476 4088 568 4142 καὶ
604 4088 881 4167 θεοφόρων
911 4086 1120 4161 ἀνδρῶν
1166 4089 1257 4143 καὶ
1313 4093 1423 4143 τῶν
1484 4089 1745 4164 οὐρανίων
1797 4086 1919 4144 δυνά

2082 4090 2221 4138 stum
2255 4085 2430 4156 plane
2473 4085 2623 4139 nihil
2665 4102 2700 4141 a
2727 4085 2974 4157 reliquis
3023 4088 3253 4142 ratione
3306 4090 3570 4160 prmditis
3596 4090 3711 4147 dif-

294 4197 459 4249 μεων,
494 4176 584 4230 καὶ
617 4177 718 4245 τῆν
746 4176 919 4245 αὐτῆν
976 4174 1204 4246 ἐξόντων
1257 4172 1448 4231 ἕνωσιν
1508 4177 1643 4252 πρὸς
1673 4177 1766 4232 τὸν
1820 4177 1923 4232 Θεὸι

2081 4172 2242 4227 Terre.
2288 4189 2483 4243 neque
2529 4173 2862 4229 substantia
2908 4190 3101 4244 neque
3151 4176 3487 4248 cognitione
3515 4195 3710 4247 neque

296 4263 491 4319 ὁποίαν
525 4259 645 4339 ἔχει
673 4264 763 4319 καὶ
821 4264 848 4318 ὀ
906 4265 1167 4339 Χριστὸς,
1205 4263 1385 4329 καθὼς
1432 4266 1523 4319 καὶ
1563 4272 1921 4340 προϋπῆρχεν

2080 4261 2343 4316 :‘acultate
2413 4278 2606 4333 neque
2678 4263 3046 4318 elﬁcacitate.
3125 4263 3278 4318 Sane
3347 4265 3709 4337 Pythagoras

289 4354 368 4413 ὡς
431 4350 708 4425 μηδεμίαν
767 4355 905 4408 εἶναι
965 4350 1226 4431 διαφορὰν
1282 4358 1363 4425 τῷ
1421 4358 1638 4429 Χριστῷ
1689 4354 1823 4428 πρὸς
1879 4375 1918 4408 11

2079 4350 2426 4421 principium
2456 4351 2722 4406 omnium
2746 4368 2945 4406 rerum
2969 4368 3100 4407 esse
3123 4352 3412 4408 unitatem
3444 4369 3708 4425 pronun-

292 4439 464 4496 λοιπὰ
504 4440 709 4516 λογικὰ
740 4440 1048 4510 παντελῶς,
1081 4441 1202 4497 οὕτε
1230 4447 1298 4516 τῇ
1331 4442 1508 4513 οὐσίᾳ,
1541 4441 1663 4497 οὕτε
1706 4446 1775 4517 τῇ
1807 4446 1921 4519 γνώ

2076 4437 2248 4492 tiavit.
2272 4438 2554 4510 Idemque
2580 4444 2639 4493 et
2667 4440 2832 4494 Plato
2853 4439 3201 4503 docuerunt,
3234 4456 3362 4495 esse
3386 4441 3705 4512 quamdam

287 4550 389 4598 σει,
424 4531 552 4585 οὕτε
578 4535 648 4605 τῇ
679 4527 923 4602 δυνάμει,
966 4532 1117 4585 οὕτε-
1148 4534 1218 4605 τῇ
1277 4529 1532 4606 ἐνεργείᾳ.
1587 4532 1650 4589 Ὀ
1698 4534 1801 4607 γάρ
1859 4554 1916 4588 το

2075 4533 2297 4600 gentem
2319 4528 2652 4583 animarum
2675 4529 2940 4599 corporis
2962 4530 3311 4599 expertium,
3337 4547 3468 4600 quae
3491 4530 3539 4585 si
3562 4530 3704 4601 quid

292 4614 613 4694 Πυθαγόρας
671 4618 854 4694 ἀρχὴν
900 4624 1008 4674 τῶν
1104 4620 1319 4674 πάντων
1375 4614 1573 4697 ἔφησεν
1657 4622 1792 4676 εἶναι
1841 4624 1921 4690 τὴ·

2071 4616 2426 4687 lelinquant,
2473 4634 2661 4688 paena:
2708 4617 2838 4673 loco
2888 4618 2950 4672 in
2999 4635 3249 4690 corpora
3291 4620 3700 4688 demittantur,

288 4705 519 4778 μονάδα·
571 4708 663 4762 καὶ
721 4708 888 4763 πάλιν
949 4708 1260 4783 Πυθαγόρας
1317 4709 1406 4763 καὶ
1480 4708 1709 4765 Πλάτων
1770 4709 1916 4783 δῆμό

2073 4705 2449 4769 Quamobrem
2500 4706 2665 4761 Plato
2716 4723 2929 4778 corpus
2978 4724 3164 4775 soma,
3207 4709 3374 4778 quasi
3426 4726 3609 4773 sema,
3641 4709 3702 4764 id

293 4815 415 4849 τινα
445 4800 635 4872 ψυχῶν
695 4796 1002 4870 ἀσωμάτων
1060 4798 1331 4867 εἰπόντες,
1378 4799 1471 4853 καὶ
1526 4800 1621 4860 τὰς
1679 4799 1922 4876 ἁμαρτάδ

2073 4806 2147 4852 est
2204 4798 2659 4865 monimentum,
2728 4803 2786 4854 et
2842 4797 3066 4869 demas,
3129 4798 3188 4854 id
3247 4805 3336 4854 est
3406 4800 3702 4856 vinculum

289 4882 397 4937 τινὶ
479 4884 876 4954 περιπεσούσας
959 4887 1230 4961 τιμωρίας
1316 4887 1479 4962 χάριν
1560 4887 1636 4949 είς
1720 4889 1918 4962 σώματ

2074 4886 2392 4957 ippellavit,
2426 4886 2487 4941 in
2521 4903 2587 4941 eo
2623 4887 2885 4942 animam
2947 4888 3115 4957 quasi
3148 4888 3442 4958 sepultam
3474 4889 3703 4959 alligari

298 4974 385 5047 [P.
420 4975 546 5045 378]
577 4975 1019 5045 καταπεμπεοθαι
1059 4976 1333 5051 λέγουσιν.
1368 4977 1518 5030 Ὅθεν
1555 4977 1582 5030 ὁ
1617 4976 1843 5033 Πλάτων
1868 4976 1925 5033 δέ

2080 4977 2351 5033 ndicans.
2402 4978 2565 5032 Idem
2595 4978 2668 5032 de
2716 4978 2913 5033 futuro
2944 4979 3173 5049 judicio
3227 4984 3286 5033 et
3332 4979 3591 5049 praemiis
3639 4995 3706 5033 ac

297 5083 404 5135 μας
435 5063 499 5116 τὸ
531 5067 690 5133 σῶμα
722 5064 810 5118 καὶ
842 5072 992 5138 σῆμα
1020 5064 1298 5135 ἐκάλεσεν,
1332 5066 1407 5127 ὡς
1438 5065 1603 5120 οἷονεὶ
1629 5073 1727 5135 τῆς
1760 5071 1926 5142 ψυχῆε

2075 5067 2245 5121 )mnis
2293 5067 2630 5122 animarum
2684 5066 2768 5121 sic
2800 5067 3045 5122 scribit:
3095 5067 3436 5137 Philosophi
3486 5067 3704 5134 anima,

289 5151 340 5207 ἐν
375 5150 562 5223 τούτῳ
590 5148 881 5224 δεδεμένη(
906 5154 997 5209 καὶ
1040 5154 1408 5227 τεθαμμένης.
1474 5156 1600 5210 Εἶτα
1658 5158 1781 5224 περὶ
1843 5164 1910 5223 τῆ

2078 5172 2190 5225 [um
2223 5154 2619 5210 masculorum
2647 5170 2848 5209 amore
2879 5160 2937 5209 et
2966 5154 3204 5226 ﬂagitiis
3238 5170 3300 5209 se
3332 5154 3563 5224 polluit,
3590 5160 3707 5210 tres

296 5240 565 5314 ἐσομένης
594 5241 827 5312 κρίσεως
853 5243 945 5298 καὶ
976 5238 1393 5305 ἀνταποδόσεως
1423 5247 1531 5297 τῶν
1565 5246 1758 5318 ψυχῶν
1789 5246 1925 5308 αὖθίι

2079 5245 2420 5300 nillenarias
2468 5244 2847 5299 circuitiones
2892 5261 3096 5314 pmnas
3140 5244 3270 5309 luit,
3316 5244 3513 5315 itaque
3546 5245 3708 5300 mille

287 5350 469 5407 φησιν·
506 5330 566 5385 Ἠ
602 5329 697 5402 μὲν
719 5328 1246 5403 παιδεραστήσαντος
1276 5332 1363 5385 καὶ
1427 5335 1608 5394 κακῶς
1642 5333 1914 5406 βιώσαντα

2080 5333 2207 5388 ιὶωο
2243 5350 2398 5388 anno
2430 5334 2585 5387 alata
2615 5333 2853 5403 ejicitur
2881 5338 2941 5387 et
2967 5333 3109 5387 abit.
3144 5332 3404 5403 Reliqua:
3453 5334 3564 5390 hac
3592 5335 3709 5391 vita

288 5419 426 5491 μετὰ
457 5415 787 5496 φιλοσοφίας
819 5421 974 5495 ψυχή
1005 5422 1162 5494 τρίτῃ
1192 5417 1434 5494 περιόδῳ
1490 5424 1558 5492 τῇ
1592 5419 1828 5495 χιλιετεῖ
1855 5421 1915 5477 ἐᾶ

2073 5422 2371 5489 lefunctm,
2396 5422 2527 5477 alia)
2557 5422 2631 5477 ad
2658 5422 2981 5477 tribunalia
3008 5422 3163 5478 infra
3184 5430 3402 5480 terram
3426 5425 3702 5483 deferun-

286 5529 374 5562 ται
405 5505 766 5577 κολασθῆναι,
823 5508 915 5562 καὶ
975 5509 1121 5563 οὓτω
1170 5513 1508 5583 πτερωθεῖσα
1562 5514 1644 5579 τῷ
1674 5508 1915 5565 χιλιοστέ

2073 5529 2173 5580 ;ur,
2208 5528 2407 5583 poenas
2443 5512 2522 5565 ibi
2554 5512 2777 5566 datura:
2825 5511 2983 5565 dicta
3028 5527 3225 5572 causa.
3258 5514 3388 5569 alim
3438 5514 3497 5569 in
3529 5517 3702 5571 coale-

287 5591 393 5651 ἔτει
427 5591 754 5651 ἐκϐάλλεται
786 5596 877 5650 καὶ
910 5597 1228 5675 ἀπέρχεται·
1291 5600 1346 5653 αἱ
1403 5596 1462 5653 δὲ
1512 5597 1678 5655 ἃλλαι
1737 5601 1916 5655 ὁποταε

2072 5607 2208 5657 item
2241 5600 2558 5671 quemdam
2608 5599 2801 5655 locum
2860 5599 3173 5656 sublevatus
3203 5619 3238 5657 a
3276 5605 3429 5659 668
3465 5605 3701 5675 justitia

286 5681 445 5743 τόνδε
472 5685 564 5740 τὸν
598 5684 718 5762 βίον
746 5682 1126 5754 τελὲσωσιν,αἱ
1159 5688 1254 5760 μὲν
1275 5688 1350 5751 εἰς
1381 5689 1449 5744 τὰ
1466 5689 1570 5744 ὑπὸ
1599 5696 1699 5763 γῆν
1723 5685 1915 5744 δικαιω

2065 5707 2162 5763 pro
2194 5692 2325 5746 vita)
2354 5691 2585 5746 meritis
2613 5690 2893 5746 beatitate
2912 5689 3210 5747 fruuntur.
3256 5694 3358 5748 Est
3386 5699 3585 5750 autem
3633 5694 3694 5749 in
