4126 6296
469 381 588 442 723

1847 368 2168 432 GEORGII
2209 371 2561 434 CEDRENI

3786 372 3897 432 ’124

479 515 759 584 promptu
780 509 960 580 hujus
983 507 1294 563 sententiae
1317 507 1747 566 absurditatem
1771 503 2128 575 perspicere.

2261 503 2408 577 ῖήρια
2437 501 2691 567 ἐλθοῦσαι
2725 501 2880 573 δίκην
2918 501 3032 576 ’ἁμα
3060 499 3153 556 καί
3202 501 3364 576 λόγον
3429 502 3709 572 τίσουσιν,
3741 505 3795 559 αἱ
3849 504 3902 562 at

487 604 626 668 Quis
651 599 813 654 «nim
844 614 980 653 eum
1010 596 1213 654 docuit
1255 597 1624 652 millenarias
1665 595 1808 649 istas
1837 607 2132 648 annorum

489 687 925 754 conversiones,
959 691 1018 742 et
1072 685 1232 756 quod
1285 688 1419 740 1000
1449 685 1624 740 annis
1662 682 1882 752 elapsis
1910 680 2132 751 quaevis

491 779 692 836 anima
721 775 796 832 ad
845 792 1020 832 suum
1071 775 1374 846 perveniat
1421 775 1616 829 locum
1644 772 1670 826 ‘l
1712 771 1860 826 Nam
1908 787 2039 840 qum
2073 769 2136 825 in

491 867 689 926 medio
739 869 876 921 sunt
923 865 1157 928 horum,
1207 863 1280 918 de
1336 864 1428 918 his
1481 878 1556 917 ne
1610 859 2136 917 libidinosissimos

492 958 736 1030 quidem
783 953 986 1010 decuit
1040 954 1122 1008 ita
1167 953 1580 1024 pronuntiare,
1631 950 1852 1005 nedum
1907 953 2137 1004 tantum

493 1046 935 1120 philosophum.
968 1043 1194 1114 Quippe
1226 1059 1328 1098 eos
1354 1043 1453 1113 qui
1487 1042 1666 1096 vitam
1687 1038 2137 1112 perfectissimis

490 1135 680 1194 functi
727 1132 939 1188 ofﬁciis
974 1137 1241 1202 egerunt,
1301 1146 1434 1185 cum
1493 1127 2030 1201 intemperantibns
2079 1130 2140 1181 et

488 1221 898 1282 masculorum
955 1219 1318 1274 amatoribus
1363 1219 1712 1288 composuit,
1745 1216 2138 1285 eamdemque

487 1321 772 1385 utrosque
792 1327 1033 1368 manere
1054 1311 1224 1366 dixit.
1246 1311 1607 1382 Pythagoras
1629 1327 1788 1381 ergo,
1807 1309 1991 1376 Plato,
2009 1308 2140 1363 Plo-

490 1405 652 1460 tinus
664 1402 886 1472 aliique
903 1400 1112 1456 horum
1127 1399 1906 1466 tribules,immorta|itatem
1921 1398 2138 1454 animas

491 1507 612 1548 uno
661 1507 954 1548 consensu
985 1489 1370 1556 ascribentes,
1407 1505 1506 1544 eas
1537 1487 1882 1560 corporibus
1913 1487 2140 1557 priores

493 1581 881 1646 afﬁrmant,et
909 1594 1039 1634 esse
1072 1577 1391 1649 quamdam
1413 1577 1750 1632 animarum
1780 1583 2041 1648 gentem,
2072 1590 2142 1631 ao

495 1687 594 1726 eas
625 1687 758 1741 qua:
786 1672 1034 1738 peccant
1063 1666 1194 1722 ideo
1222 1666 1283 1720 in
1304 1682 1554 1737 corpora
1572 1665 1788 1733 delabi,
1807 1665 2143 1738 pigrorum—

497 1777 609 1830 que
641 1759 870 1815 animas
915 1757 1079 1812 abire
1123 1757 1185 1811 in
1214 1755 1435 1821 asinos,
1483 1755 1787 1826 rapacium
1839 1755 1900 1808 in
1945 1754 2141 1826 lupos,

2243 589 2318 652 εἷς
2352 590 2602 666 οὐράνιόν
2633 614 2754 648 τινα
2781 593 2950 646 τόπον
2985 597 3357 667 κουφισθεῖσαι
3421 593 3536 648 ὑπὸ
3601 600 3704 662 τῆς
3755 591 3900 664 δίκης

2244 677 2510 750 διάξουσιν
2570 682 2758 755 ἀξίως,
2813 681 2993 744 καθὼς
3051 675 3302 739 ἐϐίωσαν.
3358 679 3439 738 Ού
3521 681 3626 749 τὴν
3682 683 3895 739 ἀτοπίαν

2242 771 2337 822 τοῦ
2369 767 2544 844 λόγου
2571 771 2900 843 καταμαθεῖν
2943 765 3128 845 ῥοίδιον
3183 769 3268 830 τίς
3327 771 3432 844 γὰρ
3505 769 3673 825 αὐτὸν
3708 768 3902 841 ἐδίδαξε

2242 859 2339 920 τὰς
2376 863 2484 913 τῶν
2517 858 2650 914 ἐτῶν
2680 859 2967 934 περιόδους
3029 859 3116 912 καὶ
3177 855 3442 930 ’χιλιάδας
3481 859 3615 929 ςκαὶ
3667 860 3754 916 ὃτι
3818 880 3902 937 χι-

2246 945 2380 1002 λίων
2431 945 2842 1016 διεληλυθότων
2895 947 3054 1015 ἐτῶν,
3111 946 3236 1002 τότε
3287 952 3393 1002 τῶν
3445 951 3657 1026 ψυχῶν
3717 950 3903 1020 ἑκάστη

2247 1035 2322 1096 εἰς
2351 1036 2443 1090 τὸν
2477 1033 2612 1090 ἴδιον
2644 1035 2940 1110 ἀπέρχεται
2973 1040 3163 1110 χῶρον
3199 1055 3212 1102 ;
3240 1037 3322 1092 Τὰ
3353 1033 3411 1090 δὲ
3465 1037 3675 1110 μεταξὺ
3705 1039 3898 1094 τούτων

2247 1123 2372 1180 οὐδὲ
2399 1131 2514 1189 τοῖς
2546 1125 2682 1203 ἄγαν
2711 1125 3126 1200 ἀσελγεστάτοις
3157 1125 3399 1199 ἥρμοττε
3466 1127 3682 1200 Λέγειν,
3745 1131 3899 1198 μήτοι

2245 1235 2308 1290 γε
2335 1215 2624 1294 φιλοσόφῳ
2651 1217 2907 1290 ταιούτῳ⁶
2936 1222 3054 1280 τοῖς
3083 1217 3188 1293 γὰρ
3245 1219 3344 1286 τὴν
3401 1217 3690 1297 ἀκραιφνῆ
3743 1217 3895 1273 πολι-

2243 1306 2386 1362 τείαν
2443 1307 2831 1380 κατωρθωκόσι
2913 1305 3040 1371 τοὺς
3095 1303 3434 1365 ἀκολάστους
3497 1307 3594 1361 καὶ
3655 1304 3898 1381 παιδερά-

2249 1416 2372 1458 στας
2431 1397 2724 1468 συνέζευξε,
2783 1395 2874 1450 καὶ
2931 1395 3157 1456 τούτους
3209 1395 3496 1458 κάκείνους
3568 1400 3680 1450 τῶν
3737 1396 3898 1451 αὐτῶν

2247 1482 2441 1565 ἔφησεν
2471 1485 2900 1544 ἀπολαύσεσθαι.
2933 1483 3246 1560 Πυθαγόρας
3285 1485 3496 1556 τοίνυν,
3528 1486 3624 1540 καὶ
3657 1486 3894 1555 Πλάτων,

2248 1576 2336 1630 καὶ
2369 1574 2679 1644 Πλωτῖνος,
2709 1573 2801 1629 καὶ
2831 1575 2884 1630 οἱ
2911 1581 3011 1644 τῆς
3043 1572 3256 1629 ἕκείνων
3317 1575 3668 1650 συμμορίας,
3700 1575 3887 1639 ἀθανά-

2246 1684 2374 1727 τους
2428 1663 2566 1719 εἷναι
2622 1664 2716 1726 τὰς
2775 1665 2956 1739 ψυχὰς
3013 1661 3568 1740 συνομολογήσαντες
3629 1665 3892 1740 προϋπάρ-

2249 1773 2368 1828 χειν
2399 1752 2595 1814 ταύτας
2627 1746 2828 1827 ἔφησαν
2859 1758 2968 1807 τῶν
3031 1753 3322 1827 σωμάτων,
3376 1753 3473 1808 καὶ
3525 1751 3707 1826 δῆμον
3771 1752 3890 1807 εἶναι

495 1849 838 1906 dolosorum
871 1845 935 1900 in
964 1845 1188 1916 vulpes.
1222 1844 1540 1899 mulierum
1571 1859 1774 1899 amore
1817 1843 2140 1900 furentium

2261 1846 2467 1918 buxi»,
2493 1842 2582 1898 καὶ
2629 1845 2724 1906 τὰς
2761 1840 3208 1914 πλημμελούσας
3266 1842 3341 1903 εἷς
3405 1844 3644 1913 σώματα
3681 1842 3887 1897 καταπί-

497 1940 560 1994 in
591 1953 791 2008 equos.
827 1935 940 1990 Sed
979 1935 1232 1990 ecclesia
1261 1934 1472 1990 divinis
1518 1934 1845 2004 astipulans
1875 1934 2140 2006 Scriptu-

494 2028 579 2083 ris
595 2026 856 2082 animam
874 2037 995 2078 una
1015 2038 1150 2080 cum
1176 2036 1424 2094 corpore
1445 2023 1620 2077 condi
1642 2022 1922 2088 afﬁrmat,
1947 2039 2141 2094 neque

495 2116 749 2174 alterum
807 2114 994 2170 altero
1039 2113 1204 2184 prius
1251 2129 1405 2179 esse,
1457 2117 1524 2168 ut
1566 2113 1798 2168 vecordi
1830 2113 2021 2169 visum
2053 2117 2144 2168 est

494 2203 754 2274 Origeni.
801 2203 1052 2271 Propter
1094 2201 1199 2256 bas
1241 2201 1420 2272 igitur
1449 2199 1638 2257 malas
1679 2205 1738 2256 et
1775 2202 2143 2272 perniciosas

496 2291 836 2364 opiniones,
885 2293 990 2344 aut
1045 2289 1257 2346 detiria
1303 2290 1522 2360 potius,
1580 2306 1682 2344 vos
1733 2291 2062 2356 hortamur,
2109 2307 2144 2346 ο

500 2379 861 2438 sanctissimi
891 2381 1114 2444 Patres,
1139 2385 1206 2434 ut
1234 2379 1296 2434 in
1325 2396 1512 2435 unum
1552 2379 1786 2434 collecti
1818 2379 2147 2450 subjectam

503 2469 934 2542 expositionem
982 2475 1041 2524 et
1091 2468 1323 2540 singula
1371 2469 1502 2538 ejus
1551 2469 1744 2540 capita
1773 2470 2148 2540 examinatis,

509 2558 921 2628 damnatisque
950 2573 1071 2614 una
1113 2575 1243 2614 cum
1293 2559 1572 2630 Origenes
1621 2575 1832 2614 omnes
1863 2561 1964 2630 qui
1995 2561 2150 2616 idem

515 2645 780 2700 sentiunt
809 2647 912 2697 aut
941 2658 1296 2714 quocunque
1329 2649 1595 2714 tempore
1646 2644 1922 2699 sentient.

2249 1953 2421 2000 πτειν,
2455 1932 2528 1993 ὡς
2563 1929 2720 2010 ἔφην,
2749 1931 2840 1986 καὶ
2871 1931 2998 1993 τοὺς
3061 1931 3154 2002 μὲν
3210 1930 3444 2003 πικροὺς
3496 1931 3575 1992 εἷς
3609 1929 3889 2005 πονηροὺς,

2249 2021 2374 2081 τοὺς
2435 2017 2494 2074 δὶ
2551 2021 2918 2093 ἀρπακτικοὺς
2974 2019 3048 2080 εἰς
3105 2019 3328 2090 λύκους,
3357 2019 3490 2081 τοὺς
3551 2016 3611 2074 δὲ
3650 2015 3889 2092 δολεροὺς

2253 2109 2329 2174 εἰς
2358 2107 2668 2180 ἀλώπεκας,
2699 2108 2826 2172 τοὺς
2856 2107 2913 2164 δὲ
2941 2108 3272 2182 Θηλυμανεῖς
3312 2109 3388 2172 εἷς
3445 2109 3679 2172 ἳππους.
3732 2110 3790 2163 Ἦ
3839 2105 3890 2162 δὶ

2253 2196 2554 2266 Ἐκκλησία
2607 2203 2726 2260 τοῖς
2787 2197 2952 2262 θείοις
3009 2199 3246 2271 ἑπομένη
3306 2198 3502 2274 λόγοις
3570 2199 3755 2276 φάσκει
3803 2197 3889 2264 τὴν

2256 2287 2443 2361 ψυχὴν
2475 2283 3049 2362 συνδημιουργηθῆναι
3079 2291 3158 2359 τῷ
3191 2288 3432 2360 σώματι,
3463 2288 3558 2342 καὶ
3601 2287 3666 2342 ού
3719 2287 3778 2340 τὸ
3808 2286 3888 2357 μὶν

2256 2379 2544 2453 πρότερον,
2574 2380 2635 2433 τὸ
2683 2375 2742 2432 δὲ
2797 2378 3041 2452 ὕστερον,
3071 2380 3207 2434 κατὰ
3253 2381 3352 2449 τήν
3414 2378 3726 2454 Ὠριγὲνους
3782 2397 3888 2453 φρε-

2257 2461 2608 2526 νοϐλάϐειαν.
2641 2466 2738 2523 Διὰ
2765 2471 2932 2522 ταῦτα
2971 2471 3102 2542 γοῦν
3150 2467 3218 2522 τὰ
3273 2469 3498 2542 πονηρά
3553 2468 3647 2522 καὶ
3697 2466 3890 2540 ὀλέθρια

2263 2553 2531 2632 δόγματα,
2595 2555 2807 2628 μᾶλλον
2868 2554 2924 2612 δὲ
2983 2555 3305 2630 ληρήματα,
3354 2557 3737 2634 προτρέπομεν
3781 2553 3884 2614 τοὺς

2265 2645 2594 2709 ὁσιωτάτους
2625 2646 2764 2718 ὑμᾶς
2793 2645 2868 2706 εἷς
2893 2641 2948 2700 ἓν
2990 2646 3362 2719 συνηγμένους
3425 2644 3706 2718 ἐπιμελῶν
3755 2643 3885 2698 ἐντυο

515 2737 636 2806 χεῖν
666 2733 736 2803 τῇ
762 2729 1166 2806 ὒποτεταγμένῃ
1196 2728 1421 2802 ἰκθέσει,
1452 2730 1544 2785 καὶ
1563 2727 1786 2786 ἕκαστον
1815 2736 1921 2787 τῶν
1953 2732 2121 2786 αὐτοῦ
2149 2731 2460 2808 κεφαλαίων
2491 2733 2808 2810 κατακρῖναί
2837 2754 2894 2789 τε
2923 2734 3010 2789 καὶ
3044 2734 3433 2808 ἀναθεματίσαι
3469 2735 3606 2808 μετὰ
3660 2737 3748 2789 τοῦ
3775 2729 3880 2785 δυσ-

513 2817 703 2883 σεϐοῦς
737 2820 1046 2898 Ὠριγένους
1066 2819 1156 2876 καὶ
1187 2819 1399 2875 πάντων
1433 2826 1542 2876 τῶν
1571 2820 1639 2876 τὰ
1666 2827 1889 2876 τοιαῦτα
1919 2821 2261 2898 φρονούντων
2294 2823 2329 2892 ἤ
2357 2823 2739 2899 φρονησάντων
2772 2821 2849 2885 είς
2879 2821 3060 2886 τέλος.

581 2913 738 2969 804
766 2913 990 2978 Patres,
1041 2912 1135 2968 bis
1165 2912 1423 2982 acceptis
1472 2913 1706 2980 litteris,
1757 2911 2153 2983 omnibusque

505 3001 838 3076 perpensis,
863 3001 1372 3058 exclamaverunt:
1397 3001 1760 3058 Damnamus
1781 3003 1908 3058 haec
1929 3004 2150 3074 omnia,

506 3097 567 3151 et
593 3107 800 3148 omnes
831 3091 933 3162 qui
963 3091 1049 3147 ita
1077 3090 1342 3146 sentiunt
1370 3096 1472 3146 aut
1511 3091 1791 3148 sentient.

577 3271 864 3328 Similiter
919 3271 1100 3326 etiam
1157 3270 1230 3326 de
1251 3271 1556 3326 Theodoro
1614 3272 1984 3342 Mopsuestia:
2034 3273 2154 3344 epi-

508 3378 688 3433 scopo
738 3365 797 3416 et
837 3359 1085 3430 reliquis
1114 3359 1196 3415 ita
1227 3359 1450 3416 habent
1495 3359 1870 3431 imperatoris
1899 3361 2150 3418 litterae:

509 3452 760 3524 Majores
811 3449 998 3505 nostri
1029 3465 1181 3505 verse
1229 3447 1365 3503 ﬁdei
1414 3449 1692 3516 cultores,
1729 3451 1830 3520 qui
1879 3457 2016 3506 ante
2045 3467 2154 3506 nos

509 3539 828 3612 imperium
857 3537 951 3608 pie
981 3535 1561 3602 administraverunt,
1593 3554 1830 3608 operam
1864 3538 2156 3594 dederunt

513 3635 580 3684 ut
619 3627 828 3699 quovis
877 3631 1142 3697 tempore
1197 3630 1544 3680 enascentes
1581 3627 1835 3682 haereses
1885 3628 2154 3684 conciliis

511 3717 1023 3775 aanctissimorum
1051 3715 1402 3786 pontiﬁcum
1425 3715 1860 3783 exscinderent,
1886 3733 2156 3788 veraeque

513 3807 652 3864 ﬁdei
683 3822 830 3877 puro
851 3804 1143 3876 praconio
1165 3803 1398 3875 vulgato
1419 3809 1679 3859 sanctam
1710 3805 1811 3860 Dei
1837 3806 2154 3862 Ecclesiam

509 3903 777 3969 pacatam
809 3900 1244 3950 conservarent.
1279 3893 1416 3949 Ideo
1449 3894 1870 3950 Constantinus
1893 3898 2152 3968 Magnus,

506 3985 841 4055 Arioimpie
859 3983 1193 4040 afﬁrmante
1210 3983 1423 4038 Filium
1445 4001 1564 4039 non
1581 4001 1710 4038 esse
1729 3985 1996 4055 ejusdem
2019 4002 2154 4041 cum

511 4075 625 4130 Deo
673 4075 846 4128 Patre
893 4072 1259 4140 substantias,
1310 4073 1415 4128 sed
1464 4090 1537 4128 ex
1582 4074 1772 4129 nihilo
1823 4075 2152 4143 conditum,

504 4165 760 4221 Nicmam
790 4163 894 4217 318
916 4163 1119 4218 Patres
1141 4163 1499 4224 convocavit.
1533 4167 1711 4234 atque
1745 4165 1870 4235 ipse
1899 4165 2154 4220 concilio

508 4256 561 4311 ei
600 4253 869 4309 interfuit
900 4269 912 4318 ;
943 4251 1046 4308 ubi
1077 4253 1214 4308 Ario
1247 4253 1528 4308 damnato
1561 4260 1621 4309 et
1649 4255 1978 4326 proscripto
2003 4272 2153 4312 veras

509 4346 648 4402 ﬁdei
699 4343 1120 4400 conﬁrmandae
1171 4343 1433 4398 intentus
1477 4343 1608 4406 fuit.
1643 4362 1821 4415 quam
1853 4345 2033 4401 divini
2067 4347 2155 4404 illi

514 4437 715 4490 Patres
745 4433 996 4506 professi
1049 4437 1188 4486 sunt
1231 4437 1290 4486 et
1336 4449 1468 4502 qum
1520 4432 1817 4504 hodieque
1865 4440 2156 4506 cantatur,

515 4523 725 4579 Filium
757 4521 1026 4594 ejusdem
1051 4536 1180 4574 esse
1211 4537 1345 4575 cum
1372 4523 1490 4576 Deo
1510 4523 1683 4577 Patre
1715 4525 2010 4592 essentia,
2037 4541 2158 4580 non

2333 2915 2510 2986 ’Ἀπερ
2539 2909 2605 2982 δή
2640 2912 2834 2968 λοιπὸν
2885 2915 2920 2982 ἡ
2971 2909 3196 2976 σύνοδος
3263 2912 3570 2981 ἀκούσασα,
3601 2912 3688 2968 καὶ
3735 2911 3868 2964 πάντα

2265 3001 2636 3074 βασανίσαντες
2687 3003 2738 3056 οἱ
2798 3004 2932 3057 θεῖοι
2991 3001 3220 3076 Πατὲρες
3300 2999 3618 3076 ἐξεϐόησαν
3691 2999 3864 3056 Ἀναθε·

2265 3091 2562 3164 ματίζομεν
2595 3089 2749 3153 ὅλοις
2781 3091 2996 3155 τούτοις
3027 3092 3163 3162 μετὰ
3193 3091 3408 3148 πάντων
3446 3097 3553 3148 τῶν
3600 3089 3666 3146 τὰ
3691 3090 3876 3146 τοιαῦτα

2263 3178 2606 3256 φρονούντων
2635 3180 2671 3248 ἢ
2703 3181 3088 3258 φρονησάντων
3125 3183 3294 3256 μέχρι
3336 3180 3562 3246 τέλους.

2334 3269 2608 3330 Ὡσαύτως
2638 3266 2814 3324 δὲκαὶ
2862 3270 2987 3342 περὶ
3043 3269 3328 3344 Θεοδώρου
3383 3276 3490 3327 τοῦ
3549 3263 3881 3342 Μοψουεστίας

2262 3359 2351 3414 καὶ
2379 3365 2487 3414 τῶν
2521 3359 2730 3416 λοιπῶν
2763 3361 2906 3415 οὕτω
2938 3359 3103 3416 πάλιν
3139 3363 3302 3438 φησὶν
3331 3363 3359 3416 ὁ
3411 3361 3696 3436 βασιλικὸς
3723 3354 3880 3414 τύπος·

2266 3446 2490 3517 Σπουδὴ
2519 3448 2707 3523 γέγονε
2743 3455 2860 3511 τοῖς
2918 3447 3230 3524 ὀρθοδόξοις
3286 3451 3375 3506 καὶ
3442 3445 3669 3510 εὐσεϐῶς
3713 3438 3885 3518 προδε-

2265 3531 2612 3592 ϐασιλευκόσι
2667 3541 2784 3592 τοῖς
2843 3537 3133 3614 ἡμετέροις
3200 3541 3436 3610 πατράσι
3493 3539 3586 3600 τὰς
3614 3535 3740 3591 κατὰ
3780 3549 3882 3585 και·

2265 3628 2358 3701 ρὸν
2427 3625 2799 3696 ἀναφυομένας
2877 3625 3111 3700 αἱρέσεις
3179 3625 3268 3681 διὰ
3323 3625 3568 3683 συνόδων
3609 3622 3882 3681 ὁσιωτάτων

2263 3714 2450 3790 ἱερὲων
2501 3715 2802 3785 ἐκκόπτειν,
2854 3715 2945 3769 καὶ
2999 3723 3099 3784 τῆς
3159 3716 3326 3790 ὀρθῆς
3373 3717 3610 3778 πίστεως
3665 3711 3880 3782 καθαρῶς

2263 3805 2672 3880 κηρυττομένης
2733 3805 2784 3860 ἐν
2847 3805 3038 3880 εἲρήνῃ
3098 3807 3196 3873 τήν
3251 3807 3402 3881 ἁγίαν
3461 3811 3559 3862 τοῦ
3619 3807 3742 3859 Θεοῦ
3777 3801 3884 3853 Ἐκ-

2263 3895 2498 3966 κλησίαν
2551 3893 2957 3974 διαφυλάττειν.
3018 3893 3212 3970 Διόπερ
3288 3895 3378 3951 καὶ
3430 3897 3810 3952 Κωνσταντῖνος
3859 3885 3882 3938 δ

2267 3985 2450 4059 Μέγας
2485 3983 2696 4058 Ἀρείου
2731 3984 3188 4062 βλασφημοῦντος
3234 3985 3324 4040 καὶ
3356 3989 3448 4056 [Ρ.
3507 3988 3631 4057 379]
3661 3981 3882 4053 λέγοντος

2271 4075 2346 4146 μή
2381 4073 2511 4128 εἶναι
2551 4072 2644 4128 τὸν
2675 4073 2798 4127 Υὶὸν
2829 4073 3124 4146 ὁμοούσιον
3153 4078 3233 4145 τῷ
3263 4078 3380 4146 Θεῷ
3415 4075 3510 4129 καὶ
3551 4069 3732 4146 Πατρὶ,
3761 4062 3884 4120 ἀλλᾶ

2266 4163 2468 4236 κτίσμα
2521 4161 2611 4217 καὶ
2659 4161 2710 4233 ἐξ
2781 4161 2882 4218 ούκ
2935 4161 3106 4217 ὄντων
3151 4163 3460 4238 γεγονέναι,
3520 4157 3814 4237 συναγαγὼν
3839 4148 3882 4206 ἶν

2265 4251 2467 4325 Νικαίᾳ
2501 4252 2630 4315 τοὺς
2688 4253 2796 4323 τιη¹
2851 4254 3096 4328 ΙΙατὲρας
3152 4254 3242 4308 καὶ
3301 4253 3466 4316 αὐτὸς
3519 4253 3630 4308 ἐκεῖ
3679 4262 3882 4320 παραγε-

2267 4343 2511 4414 νόμενος,
2551 4341 2640 4396 καὶ
2697 4346 2794 4397 τοῦ
2851 4341 3067 4414 Ἀρείου
3125 4340 3608 4402 καταδικασθέντος
3660 4337 3743 4392 καὶ
3778 4334 3879 4386 ἀνα·

2268 4430 2698 4504 θεματισθὲντος,
2757 4427 3054 4486 ἐσπούδασε
3137 4433 3236 4499 τήν
3309 4429 3600 4506 ὀρϐὁδοξον
3661 4426 3874 4501 κρατῦναι

2266 4519 2470 4587 πίστιν,
2540 4517 2610 4574 δι’
2665 4521 2734 4589 ἧς
2809 4517 3252 4594 ὁμολογήσαντες
3329 4522 3383 4574 οἱ
3469 4527 3605 4584 θεῖοι
3686 4510 3873 4585 Πατὲρες

519 4627 592 4668 ex
629 4610 819 4666 nihilo
849 4615 1134 4665 creatum.
1169 4615 1249 4664 Ac
1298 4609 1661 4666 Theodosius
1701 4612 1915 4667 deinde
1947 4614 2150 4684 major,

2271 4609 2565 4681 ὁμοούσιον
2599 4611 2735 4664 εἶναι
2761 4609 2852 4664 τὸν
2885 4609 3009 4663 ne».
3040 4609 3118 4680 τῷ
3151 4614 3266 4682 Θεῷ
3294 4609 3382 4663 καὶ
3426 4609 3620 4684 Ηατρὶ,
3659 4601 3786 4660 ἆλλᾶ
3806 4596 3862 4668 μὴ

526 4699 867 4754 Macedonio
915 4697 1196 4752 deitatem
1241 4697 1490 4768 Spiritus
1537 4701 1724 4754 sancti
1776 4707 2046 4773 negante,
2107 4707 2166 4756 et

523 4787 894 4860 Apollinario
926 4785 1214 4857 discipulo
1239 4786 1366 4857 ejus
1397 4786 1645 4842 Verbiin
1677 4794 1890 4844 natura
1905 4791 2166 4846 humana

523 4879 1100 4936 administrationem
1122 4877 1548 4942 calumniante,
1580 4884 1642 4932 et
1667 4878 2000 4934 afﬁrmante
2024 4883 2165 4935 Ver-

520 4971 663 5026 bum
691 4971 953 5024 mentem
984 4967 1305 5022 humanam
1345 4965 1457 5021 sibi
1499 4983 1618 5022 non
1651 4967 1928 5034 sociasse,
1959 4986 2161 5025 verum

519 5060 683 5118 carni
707 5058 942 5114 unitum
973 5055 1154 5111 fuisse
1203 5055 1452 5111 rationis
1499 5062 1740 5127 experte
1775 5057 1972 5112 anima
2011 5076 2162 5130 prse-

519 5150 678 5214 ditee,
711 5147 920 5220 Cpolin
951 5148 1153 5201 Patres
1199 5145 1300 5199 150
1331 5147 1688 5212 convocavit,
1723 5147 1970 5217 ipsoque
2001 5164 2162 5219 prai-

519 5247 719 5296 sentes
747 5253 884 5296 cum
907 5237 1046 5292 dicti
1068 5235 1328 5290 haaretici
1353 5251 1470 5290 una
1489 5251 1622 5290 cum
1644 5236 1766 5290 suis
1787 5238 1936 5294 005
1963 5238 2163 5309 impiis

519 5327 902 5400 Opinionibus
933 5331 993 5380 et
1021 5323 1410 5380 sectatoribus
1439 5324 1702 5380 damnati
1723 5327 2165 5381 communione-

519 5432 633 5485 que
681 5415 956 5471 Ecclesiae
1001 5414 1224 5469 exclusi
1265 5417 1484 5478 essent,
1537 5430 1741 5469 curam
1785 5415 2057 5470 adhibuit
2098 5420 2166 5470 ut

519 5519 670 5560 vera;
701 5504 837 5558 ﬁdei
885 5502 1152 5558 doctrina
1195 5501 1635 5574 prmdicaretur.
1671 5503 1780 5558 Sed
1811 5509 1872 5559 et
1898 5504 2162 5559 Theodo-

522 5593 645 5648 sius
674 5593 890 5657 minor,
938 5607 1071 5646 cum
1119 5591 1336 5662 impius
1381 5592 1686 5646 Nestorius
1729 5591 1954 5648 diceret
1979 5593 2164 5648 alium

523 5681 678 5738 Deus
709 5693 838 5736 esse
867 5680 971 5734 Dei
1001 5679 1454 5748 verbum,alium
1479 5680 1884 5750 Christum,ac
1906 5682 2163 5738 Verbum

2270 4699 2472 4770 κτίσμα
2523 4699 2609 4753 καὶ
2669 4697 2719 4768 ἐξ
2795 4697 2895 4752 οὐκ
2983 4693 3150 4753 ὄντων
3217 4708 3518 4774 γεγονεναι,
3606 4695 3754 4770 μέχρι
3793 4687 3858 4738 νῦν

2271 4785 2472 4858 ᾄδεται.
2509 4788 2607 4844 Καὶ
2639 4785 2926 4848 Θεοδόσιος
2954 4784 3012 4842 δὲ
3063 4787 3092 4842 ὁ
3150 4783 3516 4863 πρεσϐύτερος
3575 4775 3868 4863 Μακεδονίου

2270 4873 2604 4950 ἀρνουμένου
2643 4878 2742 4946 τὴν
2783 4877 3014 4945 θεότητα
3068 4875 3166 4930 τοῦ
3219 4876 3378 4950 ἁγίου
3438 4875 3754 4948 Πνεύματος,
3800 4858 3870 4916 καὶ

2271 4963 2661 5038 Ἀπολιναρίου
2719 4962 2818 5018 τοῦ
2880 4965 3126 5036 μαθητοῦ
3207 4963 3374 5020 αὐτοῦ
3462 4959 3874 5039 βλασφημοῦντος

2273 5055 2348 5116 εἰς
2381 5056 2480 5122 τὴν
2514 5053 2830 5125 οἰκονομίαν
2878 5057 2976 5108 τοῦ
3036 5058 3170 5109 Θεοῦ
3229 5053 3426 5127 Λόγου,
3481 5054 3572 5108 καὶ
3625 5051 3874 5129 φάσκοντος

2271 5142 2395 5197 νοῦν
2427 5143 2768 5216 ἀνθρώπινον
2805 5143 2880 5214 μὴ
2944 5139 3234 5215 είληφέναι
3288 5143 3384 5198 τὸν
3413 5147 3509 5200 τοῦ
3557 5143 3683 5197 Θεοῦ
3736 5130 3876 5203 Λόγον

2271 5231 2417 5288 ἀλλὰ
2447 5233 2606 5306 σαρκὶ
2659 5233 2931 5301 ἒνωθῆναι
2995 5233 3183 5306 ψυχήν
3234 5231 3436 5308 ἄλογον
3503 5231 3718 5306 ἐχούσῃ,
3778 5235 3875 5308 συντ

2271 5323 2480 5398 αγαγὼν
2516 5321 2566 5376 ἐν
2616 5319 3184 5378 Κωνσταντινουπόλει
3243 5321 3373 5384 τοὺς
3431 5331 3503 5398 ρν¹
3542 5319 3762 5390 Πατέρας
3807 5302 3876 5398 κεξῖ

2277 5413 2562 5486 μετασχὼν
2593 5412 2686 5465 καὶ
2718 5410 2882 5472 αὐτὸς
2931 5417 3033 5480 τῆς
3088 5409 3336 5478 συνόδου,
3394 5411 3484 5466 καὶ
3533 5413 3634 5462 τῶν
3687 5393 3876 5474 εἰρημέσ·

2271 5524 2376 5558 νων
2437 5503 2858 5576 καθαιρεθέντων
2913 5501 3003 5554 καὶ
3058 5501 3580 5572 ἀναθεματισθέντων
3627 5485 3875 5576 αἱρετικῷν

2277 5591 2408 5666 μετὰ
2436 5591 2658 5646 καὶτῶν
2698 5584 2903 5644 ἀσεϐῶν
2959 5589 3136 5644 αὐτῶν
3179 5585 3468 5662 δογμάτων
3518 5584 3603 5641 καὶ
3657 5570 3870 5666 ὁμοφρά-

2269 5661 2398 5750 νων,
2463 5677 2826 5752 παρεσκεύασε
2887 5680 2986 5747 τὴν
3070 5661 3356 5753 ὀρθόδοξον
3413 5676 3584 5740 πίστιν
3644 5661 3864 5740 κηρύττε-
