4124 6312
294 384 415 447 723

1427 372 1983 437 HISTORIARUM
2028 373 2596 439 COMPENDIUM.

3598 372 3719 437 726

300 519 443 576 σθαι.
475 513 579 574 Καὶ
610 510 898 573 Θεοδόσιος
930 508 988 567 ὃὶ
1020 511 1049 568 ὁ
1077 508 1198 569 νέος
1227 513 1326 567 τοῦ
1378 501 1605 569 ἀσεϐοῦς
1653 505 1952 581 Νεστορίου

2074 508 2310 579 quidem
2340 516 2553 566 natura
2584 528 2713 568 esse
2743 512 2957 568 Filium
2989 512 3113 580 Dei,
3141 510 3447 568 Christum
3480 516 3714 570 tantum

307 605 574 679 λὲγοντος
604 600 781 659 ἄλλον
815 601 957 655 εἶναι
985 599 1078 656 τὸν
1107 599 1237 656 Θεὸν
1267 597 1438 672 Λόγον
1490 596 1582 653 καὶ
1640 594 1811 652 ἄλλον
1861 596 1955 650 τὸν

306 694 563 768 Χριστὸν,
594 690 804 749 καὶτὸν
840 689 934 761 μὶν
983 687 1136 765 φύσει
1186 687 1308 744 Υίὸν
1353 690 1450 742 τοῦ
1509 688 1643 740 Θεοῦ
1698 684 1789 741 καὶ
1847 689 1957 739 Πα-

305 787 456 860 τρὸς,
483 785 575 840 τὸν
605 780 664 839 δὶ
689 781 875 857 χάριτι
907 780 1031 835 Υἱὸν
1086 772 1297 839 ἀσεϐῶς
1336 775 1668 849 εἰσάγοντος,
1719 774 1812 831 καὶ
1860 776 1960 842 τήν

304 873 459 951 ἁγίαν
495 871 705 945 Μαρίαν
735 870 873 926 εἶναι
922 868 1181 924 Θεοτόκον
1238 865 1597 941 ἀρνουμένου,
1647 864 1955 941 συναγαγὼν

300 966 400 1034 τήν
429 963 699 1038 προτεραν
729 959 783 1017 ἂν
815 960 1025 1037 Ἐφάσῳ
1072 958 1181 1015 τῶν
1214 953 1505 1012 διακοσίων
1559 955 1729 1032 ἁγίων
1784 953 1956 1011 lint-

311 1072 416 1130 ρων
473 1047 701 1107 σύνοδον
757 1049 849 1105 καὶ
918 1043 1246 1107 ἀποστείλας
1311 1043 1584 1119 ἄρχοντας
1638 1040 1959 1120 ὀφείλοντας

309 1146 552 1217 παρεῖναι
601 1143 671 1213 τῇ
730 1134 964 1209 συνόδῳ,
1022 1136 1315 1212 προσέταξε
1370 1132 1458 1190 καὶ
1513 1134 1607 1190 τὸν
1665 1130 1956 1205 Νεστόριον

313 1228 704 1306 παραγενέσθαι
734 1227 820 1284 καὶ
854 1225 1033 1302 κρίσιν
1092 1225 1175 1282 ἐπ’
1224 1224 1390 1280 αὐτὸν
1440 1222 1710 1299 γενέσθαι,
1755 1222 1846 1277 καὶ
1887 1218 1955 1289 δὴ

312 1320 604 1397 γενομένης
668 1311 928 1389 ἀκριϐοῦς
985 1314 1272 1385 ἐξετάσεως
1329 1309 1681 1370 κατεδίκασαν
1750 1310 1956 1369 Νεστό-

318 1431 433 1486 ριον
490 1407 579 1462 καὶ
636 1405 1017 1479 ἀνεθεμάτισαν
1074 1402 1166 1457 σὺν
1223 1406 1341 1465 τοῖς
1398 1402 1703 1476 ὁμόφροσιν
1764 1400 1954 1455 αὐτοῦ.

308 1497 533 1556 Τούτων
595 1496 654 1550 δὲ
711 1494 854 1551 οὕτω
912 1492 1315 1567 προελθόντων,
1400 1490 1786 1551 ἐπαναστάντες
1852 1495 1961 1544 Κυ-

309 1586 493 1663 ρίΛλῳ
522 1589 603 1658 τῷ
650 1583 1042 1654 πανοσιωτάτῳ
1092 1582 1144 1636 οἱ
1193 1587 1295 1650 τῆς
1337 1579 1614 1655 ἑξαγίστου
1666 1576 1958 1653 Νεστορίου

317 1673 536 1751 μερίδος
561 1671 893 1730 ἐσπούδασαν
925 1673 988 1729 τό
1045 1691 1109 1746 γε
1156 1670 1239 1726 ἐπ’
1294 1670 1480 1731 αὐτοῖς
1525 1669 1814 1744 ἀνατρέψαι
1861 1668 1962 1736 τήν

310 1766 448 1821 κατὰ
504 1761 796 1836 Νεστορίου
851 1761 1215 1837 γεγενημένην
1273 1758 1471 1834 κρίσιν.
1542 1755 1701 1817 Ἀλλ’
1759 1756 1848 1811 οὗν
1901 1775 1962 1831 γε

2068 615 2140 654 ex
2182 600 2371 671 gratia
2423 601 2604 672 impie
2651 607 3004 663 autumaret,
3055 607 3420 675 negaretque
3476 602 3714 657 beatam

2068 688 2311 744 Mariam
2371 705 2499 744 esse
2552 691 2653 745 Dei
2711 691 3080 763 genitricem,
3139 693 3399 764 priorem
3445 698 3713 750 sanctam

2068 778 2424 849 Ephesinam
2456 780 2751 851 synodum
2780 781 2885 834 200
2913 783 3153 835 Patrum
3185 783 3542 850 convocavit,
3574 781 3714 837 mis-

2068 866 2149 921 sis
2178 869 2278 937 qui
2309 868 2362 923 ei
2410 869 2769 924 interessent
2824 870 3139 940 prafectis,
3193 871 3371 925 citato
3426 871 3606 928 etiam
3637 869 3712 926 ad

2068 955 2380 1012 dicendam
2453 973 2695 1013 causam
2772 959 3061 1016 Nestorio.
3117 961 3197 1014 Re
3263 960 3712 1032 diligentissime

2068 1046 2642 1117 cognita,Nestorius
2673 1052 2732 1102 et
2762 1048 2890 1119 ejus
2921 1052 3242 1103 sectatores
3263 1048 3528 1104 damnati
3552 1055 3712 1106 sunt.

2068 1138 2149 1191 Re
2198 1136 2308 1191 hoc
2365 1137 2540 1192 modo
2597 1137 2976 1209 procedente,
3025 1142 3231 1193 contra
3272 1139 3716 1193 sanctissimum

2069 1223 2349 1295 Cyrillum
2377 1225 2833 1280 insurrexerunt
2870 1225 2970 1295 qui
3002 1230 3172 1279 erant
3201 1240 3235 1279 a
3264 1230 3428 1295 parte
3455 1226 3717 1281 detesta-

2068 1313 2205 1370 bilis
2236 1315 2508 1383 Nestorii,
2541 1317 2857 1387 conatique
2916 1322 3055 1374 sunt
3113 1318 3421 1387 (quantum
3468 1317 3531 1371 in
3572 1319 3717 1390 ipsis

2070 1411 2212 1476 erat)
2236 1405 2570 1460 rescindere
2604 1407 2957 1462 sententiam
2977 1423 3107 1477 quae
3148 1407 3353 1462 eratin
3377 1407 3719 1463 Nestorium

2069 1494 2209 1550 lata.
2246 1494 2333 1549 lbi
2364 1494 2727 1551 Theodosius
2760 1495 3087 1550 defendens
3114 1494 3472 1551 orthodoxos
3506 1502 3719 1552 contra

2070 1583 2320 1638 Nestorii
2344 1583 2684 1652 factionem,
2718 1584 3162 1640 damnationem
3194 1585 3382 1656 ipsius
3421 1591 3479 1640 et
3510 1585 3720 1657 impia-

2071 1689 2203 1728 rum
2235 1673 2582 1743 opinionum
2615 1689 2760 1743 quas
2779 1673 3083 1730 asserabat
3110 1680 3300 1729 ratam
3323 1674 3527 1729 haberi
3546 1690 3718 1730 cura-

2069 1761 2169 1817 vit.
2201 1762 2345 1816 Nam
2369 1777 2503 1816 cum
2526 1763 2855 1818 Nestoriani
2881 1768 3169 1833 praeterea
3195 1763 3372 1818 etiam
3405 1763 3517 1818 alia
3552 1780 3718 1835 quaa-

310 1851 600 1913 Θεοόόσιος
630 1853 659 1906 6
714 1847 971 1925 βασιλεὺς
1031 1844 1572 1921 ἀντιλαμϐανόμενος
1625 1850 1732 1901 τῶν
1792 1843 1959 1906 ὄντως

2074 1849 2207 1905 dam
2239 1850 2491 1905 crimina
2516 1850 2733 1923 Cyrillo
2772 1852 2929 1923 apud
2960 1852 3380 1923 imperatorem
3412 1853 3721 1923 nugaciter

315 1944 492 2018 ὀρθῶν
537 1941 675 1997 κατὰ
722 1939 1019 2013 Νεστορίου
1103 1937 1194 1996 καὶ
1263 1942 1371 1994 τῶν
1452 1942 1708 2010 πονηρῶν
1792 1934 1959 1991 αὐτοῦ

2074 1940 2486 2012 impingerent,
2519 1940 2593 1995 ad
2624 1957 2760 1996 eum
2792 1941 3042 2012 Cyrillus
3081 1943 3141 1997 in
3170 1942 3326 1997 hanc
3355 1943 3717 1998 sententiam

317 2031 605 2107 δογμάτων
640 2027 953 2105 κριθέντων,
1010 2025 1374 2102 παρεσκεύασε
1428 2031 1641 2103 κρατεῖν
1702 2024 1959 2104 γενναίως

319 2123 417 2190 τήν
469 2122 552 2179 ἐπ’
614 2119 762 2190 αὐτῷ
818 2117 1192 2193 γεγενημένην
1248 2116 1447 2191 κρίσιν.
1510 2115 1606 2172 Καὶ
1663 2116 1768 2191 γὰρ
1825 2114 1962 2189 πρὸς

314 2211 535 2272 τούτοις
565 2210 657 2265 καὶ
686 2207 833 2263 ἄλλα
858 2210 979 2262 τινὰ
1006 2206 1143 2262 κατὰ
1172 2210 1270 2261 τοῦ
1299 2205 1443 2260 θείου
1494 2204 1774 2280 Κυρίλλου
1824 2204 1961 2279 πρὸς

311 2302 404 2358 τὸν
468 2297 693 2376 βασιλέα
747 2295 1341 2377 καταφλυαρησάντων,
1404 2295 1600 2371 γράφει
1677 2296 1812 2363 πρὸς
1868 2296 1963 2349 τὸν

319 2389 547 2467 βασιλια
579 2386 858 2461 Κύριλλος
888 2391 1132 2442 τοιαῦτα·
1170 2382 1500 2459 Ἐπειδῆπερ
1546 2383 1855 2457 επυθόμην,
1889 2381 1961 2437 ὧν

323 2474 663 2535 εύσεὸάστατε
696 2475 946 2552 βασιλεῦ,
977 2481 1086 2532 τῶν
1119 2473 1441 2553 φιλολογεῖν
1500 2472 1771 2529 εἷωθότων
1820 2473 1967 2536 τινας

325 2568 528 2644 ἀγρίων
588 2570 806 2640 σφηκῶν
859 2562 1014 2635 δίκην
1080 2558 1440 2638 περιϐομϐεῖν
1493 2561 1582 2618 καὶ
1645 2560 1964 2636 μοχθηροὺς

326 2656 636 2732 ἱρεύγεσθαι
664 2655 777 2709 κατ’
830 2654 965 2727 ὶμοῦ
1019 2651 1245 2730 λόγους,
1279 2652 1354 2716 ὡς
1408 2651 1457 2724 ἐξ
1516 2650 1746 2723 ούρανοῦ
1801 2670 1969 2705 κατα-

321 2745 581 2820 κομισθὶν
611 2744 700 2799 καὶ
751 2742 849 2798 οὐκ
895 2742 955 2799 ἐκ
1010 2749 1113 2812 τῆς
1167 2741 1323 2817 ἁγίας
1381 2741 1652 2816 Παρθένου
1710 2739 1966 2816 λέγοντος

318 2839 381 2892 τὸ
413 2841 555 2901 θεῖον
589 2841 747 2907 σῶμα
803 2837 1067 2911 Χριστοῦ,
1120 2834 1211 2889 καὶ
1269 2832 1451 2907 μέντοι
1504 2831 1595 2891 καὶ
1654 2828 1751 2886 δύο
1806 2828 1966 2895 Υῖοὺς

196 2946 211 2952 ‘
315 2926 452 2982 κατὰ
534 2926 823 3001 Νεστόριον
909 2924 1209 2999 ὁμολογεῖν
1286 2924 1435 2996 ἡμᾶς
1492 2918 1966 2998 κατεφλυάρησαν,

313 3015 423 3072 δεῖν
457 3016 718 3089 ᾠήθημεν
755 3014 919 3089 ὀλίγα
947 3015 1071 3089 περὶ
1118 3014 1315 3069 τούτου
1367 3013 1504 3087 πρὸς
1555 3011 1752 3076 αὐτοὺς
1800 3008 1967 3065 εἰπεῖν

315 3103 516 3167 οὕτως.
549 3110 614 3158 Ὦ
671 3104 893 3174 ἀνόητοι
949 3104 1041 3158 καὶ
1102 3103 1267 3176 μόνον
1323 3098 1524 3163 εἰδότες
1586 3103 1956 3177 συκοφαντεῖν,

312 3198 429 3255 πῶς
491 3194 565 3256 εἰς
621 3197 783 3248 τοῦτο
840 3194 1168 3269 παρήχθητε
1254 3192 1483 3266 γνώμης
1548 3189 1639 3245 καὶ
1692 3188 1960 3259 τοσαύτην

313 3286 634 3353 νενοσήκατε
689 3281 930 3356 μανίαν;
986 3278 1135 3337 Ἔδει
1190 3282 1292 3356 γὰρ
1351 3283 1535 3359 σαφῶς

320 3370 514 3452 σχεὲὸν
539 3373 678 3434 ἅπας
710 3374 845 3445 ἡμῖν
893 3372 920 3425 6
962 3370 1094 3445 61th
1143 3377 1243 3440 τῆς
1292 3368 1528 3429 πίστεως
1575 3367 1718 3442 ἁγὼν
1769 3387 1965 3441 συγκε-

319 3462 556 3535 κρότὴτο
588 3455 1092 3533 διαϐεϐαιουμένοις
1125 3461 1207 3533 [Ρ.
1237 3462 1365 3532 380]
1398 3456 1482 3513 ὅτι
1508 3456 1771 3519 Θεοτόκος
1822 3453 1966 3511 ἐστὶν

325 3554 360 3621 ἡ
393 3552 521 3628 ἁγία
551 3551 752 3624 Μαρία.
786 3550 944 3606 Ἀλλ’
974 3549 1190 3625 ἐπείπερ
1241 3549 1291 3620 ἐξ
1337 3549 1569 3621 ούρανοῦ
1620 3546 1711 3602 καὶ
1765 3547 1867 3601 ούκ
1912 3545 1962 3615 ἐξ

325 3641 494 3711 αὐτῆς
522 3641 867 3714 γεγεννῆσθαι
906 3640 968 3694 τὸ
1020 3642 1162 3695 θεῖον
1223 3641 1383 3711 σῶμα
1436 3641 1533 3691 τοῦ
1588 3638 1823 3711 Χριστοῦ
1872 3633 1968 3688 λὲ-

318 3749 511 3803 γομεν,
545 3727 618 3790 ὣς
649 3749 797 3806 φασι,
835 3732 946 3789 πῶς
977 3726 1036 3782 ἄν
1094 3732 1278 3782 νοοῖτο
1326 3721 1631 3794 Θεοτὸκοςς
1691 3724 1824 3781 Τίνα
1861 3722 1964 3798 γὰρ

323 3816 472 3879 ὅλως
523 3818 755 3888 τέτοκεν,
808 3816 853 3871 εἶ
915 3817 989 3889 μή
1049 3814 1192 3872 ἐστιν
1274 3812 1475 3885 ἀληθὶς
1531 3815 1613 3869 δτι
1684 3814 1968 3889 γεγέννηκε

320 3908 458 3962 κατὰ
525 3907 693 3980 σάρκα
748 3907 839 3961 τὸν
899 3904 1317 3979 Ἐμμανουήλ;
1375 3902 1729 3967 Γελάσθωσαν
1781 3902 1963 3957 τοίνυν

325 3998 376 4052 οἱ
414 4002 584 4052 ταῦτα
614 3995 799 4050 καὶτὰ
844 3999 1067 4051 τοιαῦτα
1115 3995 1182 4048 τὰ
1233 3995 1347 4049 κατ’
1401 3993 1541 4067 ἐμοῦ
1581 3991 1966 4068 πεφλυαρηκό-

322 4106 431 4147 τες.
493 4085 569 4143 Οὐ
625 4086 726 4161 γὰρ
786 4081 1034 4159 ψεύδεται
1085 4082 1256 4158 λέγων
1316 4083 1344 4137 6
1405 4082 1668 4156 μακάριος
1722 4081 1963 4140 Ἡσαῒας.

325 4174 465 4231 Ἰδοὺ
522 4177 557 4243 ἡ
619 4174 887 4249 ῐιαρθένος
940 4171 993 4227 ἐν
1049 4172 1240 4248 γαστρὶ
1292 4168 1392 4241 έεει
1443 4171 1533 4225 καὶ
1584 4169 1785 4238 τέξεται
1817 4169 1966 4234 Υῖὸν,

324 4265 415 4319 καὶ
454 4262 745 4319 καλέσουσι
792 4261 854 4317 τὸ
909 4257 1085 4334 ὄνομα
1136 4259 1301 4316 αὐτοῦ
1354 4258 1739 4332 Ἐμμανουήλ,
1772 4257 1801 4312 ὅ
1832 4257 1967 4327 ἰστι,

328 4355 458 4417 Μεθ’
485 4355 643 4426 ἡμῶν
678 4353 706 4407 ὃ
736 4352 886 4413 Θεός.
920 4348 1212 4420 ’Λληθεύει
1245 4347 1303 4403 δὶ
1332 4350 1543 4410 πάντως
1573 4346 1660 4401 καὶ
1694 4348 1722 4401 6
1748 4346 1967 4421 ἀρχάγ-

328 4441 489 4517 γελος
578 4436 821 4517 Γαϐριὴλ
896 4440 1033 4515 πρὸς
1114 4441 1213 4506 τὴν
1295 4436 1561 4511 Παρθένον
1635 4434 1819 4490 εἰπών·
1879 4437 1968 4505 Μὴ

329 4526 523 4609 φοϐοῦ,
559 4533 800 4605 Μαριάμ·
836 4530 985 4604 εὗρες
1005 4528 1106 4604 γὰρ
1156 4528 1319 4602 χάαιν
1366 4525 1514 4601 παρὰ
1560 4530 1639 4597 τῷ
1687 4529 1823 4596 Θεῷ,
1878 4525 1966 4579 καὶ

1617 3278 1813 3333 ἐννοεῖν
1878 3255 1962 3331 δτι
1993 3255 2035 3320 C

2067 2030 2303 2101 scripsit
2321 2046 2333 2083 :
2349 2033 2667 2100 Postquam
2689 2031 2833 2085 mihi
2847 2032 3133 2103 ,piissime
3153 2032 3720 2103 imperator,renun—

2067 2122 2279 2176 tiatum
2333 2126 2441 2189 est,
2490 2122 2779 2193 quosdam
2838 2122 3105 2194 garrulos
3162 2122 3350 2179 instar
3398 2138 3713 2194 vesparum

2067 2207 2329 2264 ferarum
2380 2210 2641 2264 susurris
2693 2209 2816 2265 suis
2859 2225 3034 2265 aures
3087 2216 3217 2264 tuas
3267 2225 3610 2282 personare,
3662 2213 3721 2264 et

2071 2296 2384 2353 maledicta
2439 2297 2500 2351 in
2532 2314 2626 2353 me
2655 2303 2945 2365 eructare,
2977 2304 3268 2371 nugantes
3319 2315 3412 2353 me
3450 2314 3718 2353 asserere

2070 2385 2283 2440 Christi
2317 2385 2579 2441 divinum
2628 2403 2842 2457 corpus
2890 2387 3036 2442 cmlo
3091 2387 3354 2442 delatum
3406 2392 3464 2441 et
3493 2403 3614 2441 non
3646 2386 3719 2440 de

2071 2480 2278 2530 sancta
2310 2474 2543 2544 Virgine
2570 2481 2963 2546 assumptum,
2983 2476 3244 2546 itemque
3278 2476 3424 2530 duos
3438 2476 3618 2531 Filios
3644 2475 3719 2530 de

2070 2564 2365 2619 sententia
2395 2565 2644 2621 Nestorii
2676 2564 2970 2632 confiteri,
3004 2564 3332 2619 existimavi
3372 2563 3591 2620 debere
3622 2581 3718 2621 me

2071 2653 2227 2708 σου
2276 2653 2557 2708 adversus
2618 2653 2778 2724 ipsos
2834 2669 3023 2724 pauca
3053 2654 3116 2708 in
3158 2654 3310 2709 hanc
3359 2656 3720 2710 sententiam

2073 2742 2291 2797 dicere.
2343 2743 2387 2797 Ο
2440 2742 2585 2797 fatui
2632 2747 2690 2795 et
2747 2742 2968 2797 nullius
3025 2742 3110 2797 rei
3152 2743 3268 2797 nisi
3308 2743 3718 2800 calumniandi

2071 2831 2262 2903 gnari.
2308 2830 2607 2901 quomodo
2667 2830 2728 2885 in
2780 2830 2933 2885 hanc
2990 2830 3310 2887 devenistis
3360 2836 3722 2889 sententiam

2072 2927 2424 2992 tantumque
2480 2921 2726 2977 insanim
2786 2921 3200 2993 concepistis‘l
3257 2922 3512 2978 Omnino
3560 2925 3725 2980 enim

2074 3010 2386 3083 oportebat
2415 3010 2526 3065 hoc
2579 3026 2679 3065 vos
2722 3010 3036 3082 perspicue
3083 3012 3324 3083 sentire,
3356 3016 3537 3067 totam
3572 3012 3727 3070 hanc

2073 3107 2337 3157 nostram
2371 3100 2442 3155 de
2474 3100 2588 3157 fide
2645 3099 3108 3172 disputationem
3154 3102 3291 3156 inde
3343 3107 3533 3157 ortem
3564 3101 3724 3174 quod

2076 3206 2187 3246 nos
2209 3189 2451 3243 Mariam
2472 3189 2784 3261 Deiparam
2809 3205 2938 3243 esse
2968 3189 3406 3245 contendimus.
3441 3191 3616 3262 Atqui
3653 3192 3722 3262 si,

2073 3284 2141 3335 ut
2164 3278 2249 3332 illi
2281 3278 2505 3344 dicunt,
2538 3294 2647 3333 nos
2674 3293 2888 3349 corpus
2938 3279 3154 3332 Christi
3196 3279 3461 3334 divinum
3493 3280 3725 3337 caelitus

2073 3367 2326 3435 venisse,
2360 3383 2479 3421 non
2520 3382 2587 3420 ex
2623 3366 2751 3438 ipsa
2774 3371 2978 3421 natum
3011 3368 3288 3436 dicimus,
3312 3369 3414 3439 qui
3446 3385 3514 3424 ea
3534 3368 3726 3444 possit

2074 3456 2318 3527 deipara
2348 3454 2514 3510 dici?
2536 3458 2719 3521 Quem
2751 3456 2908 3510 enim
2957 3456 3198 3511 tandem
3242 3458 3495 3529 peperit,
3528 3458 3577 3512 si
3611 3457 3723 3514 hoc

2074 3562 2275 3602 verum
2294 3562 2413 3600 non
2446 3550 2554 3611 est,
2589 3544 2744 3615 quod
2777 3545 3105 3600 secundum
3145 3563 3385 3601 carnem
3418 3548 3720 3619 pepererit

2072 3634 2571 3689 Emmanuelum?
2591 3633 2916 3689 Rideantur
2946 3650 3082 3706 ergo
3106 3635 3207 3704 qui
3230 3635 3356 3690 haec
3387 3640 3446 3689 et
3476 3636 3617 3690 talia
3640 3634 3713 3690 de

2072 3739 2168 3779 me
2187 3724 2502 3778 blaterant.
2536 3724 2662 3777 Non
2710 3722 2869 3777 enim
2900 3722 3188 3777 mentitur
3227 3724 3429 3792 Isaias,
3470 3740 3602 3778 cum
3632 3724 3717 3779 ita

2076 3814 2426 3869 vaticinatur
2448 3830 2461 3867 :
2482 3814 2626 3868 Ecce
2652 3813 2819 3884 Virgo
2848 3812 3160 3883 concipiet,
3185 3816 3243 3867 et
3267 3814 3458 3884 pariet
3474 3813 3715 3882 Filium,

2075 3909 2134 3959 et
2193 3903 2246 3958 ei
2299 3918 2518 3957 nomen
2576 3901 2795 3957 facient
2842 3900 3303 3956 Emmanuelo‘o
3347 3918 3362 3969 ;
3416 3901 3573 3972 quod
3602 3908 3715 3973 est,

2075 3992 2393 4048 Nobiscum
2419 3993 2586 4046 Deus.
2610 3992 2680 4044 Et
2700 3990 2856 4045 haud
2882 3989 3059 4045 dubie
3083 4006 3285 4046 verum
3307 3990 3452 4046 dixit
3473 3990 3719 4049 Gabrie-

2077 4081 2188 4146 lus,
2215 4079 2558 4151 angelorum
2584 4079 3135 4150 princeps,Mariam
3154 4079 3235 4135 ita
3265 4079 3605 4151 alloquens:
3638 4082 3717 4137 Ne

2075 4174 2305 4225 metuas
2338 4168 2463 4237 tibi,
2495 4167 2842 4222 Mariamam
2871 4169 3121 4241 gratiam
3154 4168 3309 4243 apud
3340 4170 3524 4223 Deum
3556 4171 3721 4225 inve-

2074 4258 2236 4314 nisti.
2267 4259 2414 4312 Ecce
2464 4256 2701 4329 gravida
2758 4256 2897 4321 eris,
2931 4263 2990 4311 et
3047 4258 3244 4329 paries
3271 4257 3506 4324 Filium,
3541 4260 3716 4330 eique

2075 4363 2294 4404 nomen
2342 4347 2480 4402 Jesu
2534 4346 2826 4416 impones,
2872 4345 3010 4420 quia
3066 4345 3352 4417 populum
3400 4347 3512 4402 iste
3543 4362 3718 4403 suum

2075 4437 2332 4510 peccatis
2364 4436 2549 4491 solvet
2573 4434 2638 4490 ¹¹.
2672 4436 2815 4490 Cum
2848 4440 3045 4490 autem
3099 4436 3413 4491 Dominum
3445 4441 3717 4492 nostrum

2073 4528 2268 4581 .lesum
2300 4524 2598 4579 Christum
2623 4522 2874 4578 dicimus
2907 4524 3162 4596 desuper
3183 4523 3254 4579 de
3285 4524 3431 4581 caelo
3463 4527 3716 4596 venisse,

329 4618 447 4675 ἰδοὺ
479 4618 738 4693 συλλήψῃ
768 4618 820 4673 ἐν
847 4617 1061 4694 γαστρὶ,
1092 4615 1180 4672 καὶ
1211 4616 1334 4690 τίξῃ
1390 4615 1530 4685 Υίὸν,
1586 4616 1674 4672 καὶ
1723 4612 1964 4675 καλέσεις

2078 4631 2198 4670 non
2226 4631 2294 4669 eo
2316 4629 2494 4668 sensu
2525 4612 2583 4668 id
2615 4613 2869 4668 dicimus
2898 4614 3065 4685 quasi
3108 4619 3385 4686 putemus
3416 4631 3550 4670 eum
3584 4632 3720 4671 san-

329 4711 390 4765 τὸ
418 4705 594 4781 ὄνομα
626 4709 793 4763 αὐτοῦ
834 4709 1062 4777 Ἰησοῦν·
1121 4704 1281 4767 αὐτὸς
1323 4705 1426 4779 γὰρ
1485 4704 1645 4758 σώσει
1694 4704 1784 4757 τὸν
1840 4702 1970 4757 λαὸν

332 4798 495 4853 αὐτοῦ
526 4799 631 4852 ἀπὸ
658 4802 766 4852 τῶν
805 4798 1088 4872 ἁμαρτιῶν
1136 4794 1333 4850 αὐτῶν.
1392 4796 1557 4853 ’Όταν
1609 4790 1667 4847 δὲ
1724 4790 1974 4869 λὲγιιιμεν

334 4888 533 4950 ἄνωθεν
571 4884 621 4958 ἐξ
654 4885 884 4961 ούρανοῦ
914 4885 1005 4940 τὸν
1040 4883 1239 4958 Κύριον
1269 4884 1430 4956 ἡμῶν
1464 4883 1676 4950 Ἰησοῦν
1707 4880 1974 4955 Χριστὸν,

337 4976 443 5051 οὐχ
500 4977 575 5037 ὡς
655 4975 850 5031 ἃνωθεν
942 4974 991 5044 ἐξ
1078 4974 1306 5047 ούρανοῦ
1387 4971 1794 5046 κατενεχθείσης
1878 4977 1980 5040 τῆς

332 5065 489 5143 ἁγίας
519 5063 684 5120 αὺτοῦ
712 5065 909 5136 σαρκὸς
948 5064 1116 5117 ταῦτα
1177 5082 1373 5141 φαμεν,
1422 5059 1549 5117 ἀλλ’
1593 5061 1667 5122 ὡς
1721 5061 1974 5135 ἑπόμενοι

328 5160 409 5227 τῷ
432 5156 563 5228 ἱερῷ
587 5152 789 5225 Παύλῳ
820 5152 1100 5207 φάσκοντι.
1133 5152 1194 5208 Ὀ
1225 5155 1438 5225 πρῶτος
1469 5148 1752 5222 ἅνθρωπος
1787 5148 1845 5203 ἐκ
1873 5156 1976 5225 γῆς

330 5245 615 5321 χοῖκὸς,ὁ
674 5242 920 5319 δεύτερος
979 5243 1007 5297 6
1067 5241 1264 5314 Κύριος
1316 5240 1366 5313 ἐξ
1422 5241 1677 5315 ούρανοῦ.
1741 5241 1976 5313 Μεμνή-

332 5336 466 5406 μεθα
497 5331 555 5388 δὲ
584 5333 676 5388 καὶ
710 5332 876 5387 αὐτοῦ
905 5334 1003 5386 τοῦ
1032 5331 1232 5405 Κυρίου
1280 5328 1556 5403 λέγοντος·
1609 5326 1801 5389 Οὐδεὶς
1850 5329 1980 5382 ἀνα-

328 5418 558 5493 ϐέϐηκεν
617 5423 697 5484 εἰς
754 5423 847 5476 τὸν
897 5420 1146 5493 οὐρανὸν,
1204 5419 1254 5474 εἷ’
1300 5420 1375 5492 μὴ
1425 5420 1453 5473 6
1503 5416 1559 5473 ἒκ
1598 5422 1693 5472 τοῦ
1744 5416 1980 5491 ούρανοῦ

327 5506 588 5579 καταϐὰς,
635 5509 664 5562 6
719 5508 847 5570 Υἱὸς
904 5504 1002 5562 τοῦ
1058 5507 1362 5582 ἀνθρώπου.
1420 5504 1612 5562 Καίτοι
1667 5502 1980 5579 γεγέννηται

2085 4710 2238 4760 ctam
2254 4719 2420 4759 suam
2438 4718 2674 4758 carnem
2700 4702 2773 4758 de
2794 4703 2939 4759 caelo
2961 4703 3272 4759 detulisse:
3291 4702 3395 4759 sed
3418 4704 3724 4777 sequimus

2086 4794 2141 4849 S.
2177 4793 2442 4861 Paulum,
2467 4791 2566 4863 qui
2598 4792 2681 4847 ita
2709 4792 2790 4846 ait
2819 4808 2832 4847 :
2859 4793 3094 4847 Primus
3124 4791 3300 4848 homo
3326 4809 3396 4849 ex
3417 4799 3577 4851 terra
3597 4794 3729 4867 pul-

2085 4899 2311 4953 vereus,
2345 4882 2661 4951 secundus,
2695 4882 2980 4937 Dominus
3012 4900 3041 4937 e
3073 4882 3218 4937 caalo
3243 4883 3728 4939 “.Recordamur

2087 4973 2264 5028 etiam
2287 4972 2479 5044 ipsum
2501 4971 2814 5026 Dominum
2839 4970 3057 5026 dixisse
3083 4986 3096 5025 :
3140 4972 3319 5026 Nemo
3351 4971 3620 5027 ascendit
3662 4971 3724 5026 in

2088 5061 2446 5128 ccrlum,nisi
2472 5060 2572 5131 qui
2590 5059 3265 5126 descenditinde,Filius
3281 5059 3621 5115 hominis".
3658 5061 3731 5114 At

2085 5167 2220 5206 vero
2274 5150 2434 5221 quod
2492 5149 2565 5203 ad
2622 5165 2861 5203 carnem
2920 5149 3152 5216 attinet,
3202 5153 3376 5203 natus
3434 5152 3541 5215 est,
3578 5147 3730 5204 sicut

2089 5239 2368 5306 diximus,
2399 5255 2471 5292 ex
2529 5237 2678 5293 667
2740 5236 2913 5292 beata
2963 5236 3217 5308 Virgine.
3279 5235 3388 5290 Sed
3446 5236 3728 5308 quoniam

2089 5326 2344 5381 Verbum
2387 5326 2488 5381 Dei
2532 5325 2677 5380 caalo
2727 5325 3070 5398 degressum
3092 5340 3154 5379 se
3186 5324 3380 5395 ipsum
3412 5325 3734 5383 exinanivit

2087 5414 2338 5470 formam
2366 5415 2515 5470 servi
2547 5414 3208 5484 assumendo,tlliusque
3240 5414 3499 5471 hominis
3528 5416 3729 5489 appel-

2089 5504 2246 5560 latus
2267 5508 2377 5571 est,
2409 5520 2544 5560 cum
2577 5504 2817 5575 quidem
2841 5503 2996 5559 idem
3022 5511 3397 5578 permaneret
3427 5506 3526 5578 qui
3559 5512 3734 5563 antea

408 5680 454 5717 ¹⁰
484 5680 593 5735 Isa.
626 5695 723 5746 vn,
758 5678 846 5733 14.
924 5677 967 5715 ¹¹
1001 5676 1137 5733 Luc.
1169 5691 1210 5747 ι,
1243 5676 1330 5747 30,
1365 5676 1453 5735 31,
1531 5676 1578 5716 ι’
1608 5676 1632 5729 Ι
1661 5676 1790 5730 Cor.
1825 5690 1913 5743 xv,
1944 5676 1964 5730 4

2113 5673 2160 5711 ⁸³
2186 5673 2355 5729 Joan.
2388 5687 2470 5731 ιιι.
