4124 6312
386 293 507 352 ’127

1750 285 2077 347 GEORGII
2118 282 2470 345 GEDRENI

3667 286 3803 346 ’128

385 427 583 482 fuerat
610 427 724 497 (est
750 423 910 478 enim
967 421 1356 478 immutabilis
1405 427 1464 476 et
1492 421 1645 476 nulli
1693 419 2032 478 alterationi

2156 416 2288 471 κατὰ
2335 417 2526 491 σάρκα,
2585 417 2660 478 ὡς
2718 415 2956 494 εἷ’ρηται,
3015 415 3076 472 ἐκ
3129 425 3230 487 τῆς
3289 417 3440 494 ἁγίας
3498 419 3804 489 Παρθένου.

387 515 656 571 obnoxiae
679 517 951 582 naturae),
978 529 1113 566 cum
1125 512 1252 582 jam
1276 528 1430 567 unus
1451 511 1886 584 intelligeretur
1907 525 2036 564 esse

388 618 522 656 cum
555 599 795 671 propria
853 615 1054 662 carne,
1088 598 1308 653 dicitur
1365 599 1436 653 de
1495 598 1640 653 caelo
1689 597 1936 654 venisse.
1969 598 2038 650 Et

385 689 728 744 nominatur
777 687 956 742 etiam
1007 687 1186 742 homo
1238 687 1311 742 de
1361 687 1507 743 coelo
1551 685 1869 758 profectus,
1903 701 2039 740 cum

386 780 464 834 sit
493 777 789 850 perfectus
812 779 964 832 Deus
987 777 1268 848 idemque
1299 777 1598 847 perfectus
1631 777 1830 838 homo,
1861 775 2042 829 intel-

383 867 706 938 ligiturque
737 882 853 921 una
886 881 1015 920 esse
1049 881 1320 936 persona.
1354 865 1514 920 Unus
1547 865 1704 918 enim
1729 869 1819 919 est
1841 863 2042 918 Domi-

387 974 502 1012 nus
523 959 692 1011 Jesus
715 955 1007 1020 Christus,
1041 955 1277 1011 tametsi
1328 961 1675 1009 naturarum
1719 953 2041 1008 discrimen

387 1063 512 1101 non
534 1047 938 1118 ignoreturex
968 1044 1185 1114 quibus
1208 1043 1575 1098 ineffabilem
1606 1043 1771 1098 illam
1793 1042 2041 1096 dicimus

383 1135 602 1190 factam
633 1134 990 1189 unitionem.

2146 501 2372 576 Ἐπειδή
2407 503 2464 560 δὲ
2495 507 2523 560 6
2555 505 2757 561 ἄνωθεν
2809 507 2862 576 ἐξ
2923 506 3154 582 ούρανοῦ
3210 509 3610 586 κατοφοιτήσας
3663 507 3807 568 Θεὸς

2148 593 2321 668 Λόγος
2349 594 2634 649 κενένωκεν
2665 595 2850 650 ἑαυτὸν
2912 599 3128 673 μορφὴν
3181 593 3383 652 δούλου
3445 591 3652 664 λαϐὼν,
3705 595 3807 651 καὶ

2146 682 2551 757 κεχρημάτικεν
2583 685 2870 760 ἀνθρώπου
2927 685 3042 746 υἱὸς
3105 685 3238 758 μετᾶ
3282 690 3380 740 τοῦ
3441 691 3618 758 μεῖναι
3650 685 3680 740 δ
3708 686 3804 754 ἦν,

2145 774 2390 828 τουτέστι
2423 773 2552 835 Θεὸς
2605 773 2890 848 (ἄτρεπτος
2935 775 3041 850 γὰρ
3095 775 3186 830 καὶ
3240 773 3614 836 ἀναλλοίωτος
3661 773 3812 830 κατὰ

2151 863 2310 939 φύσιν
2344 863 2528 938 ἐστὶν),
2561 865 2634 926 ὡς
2667 865 2746 926 εἷς
2805 863 2916 935 ἤδη
2965 865 3265 938 νοούμενος
3318 866 3452 938 μετὰ
3501 872 3603 934 τῆς
3657 862 3808 926 ἰδίας

2151 952 2346 1028 σαρκὸς
2381 951 2431 1022 ἐξ
2465 954 2693 1028 ούρανοῦ
2750 953 2965 1028 λέγεται
3010 953 3314 1010 κατελθεῖν.
3365 955 3690 1026 Ὡνόμασται
3745 951 3814 1008 δὲ

2149 1041 2240 1095 καὶ
2271 1039 2554 1116 ἅνθρωπος
2585 1041 2636 1113 ἐξ
2670 1043 2925 1118 ούρανοῦ,
2949 1042 3162 1108 τέλειος
3217 1038 3290 1098 ὧν
3342 1042 3395 1098 ἐν
3445 1045 3662 1112 θεότητι
3709 1043 3811 1096 καὶ

2149 1129 2360 1192 τέλειος
2392 1131 2418 1184 6
2447 1131 2606 1192 αὐτὸς
2638 1131 2692 1186 ὲν
2723 1132 3130 1206 ἀνθρωπότητι,
3161 1135 3249 1186 καὶ
3293 1133 3366 1194 ὡς
3406 1132 3457 1187 ἐν
3490 1131 3567 1187 ἑνὶ
3625 1152 3807 1208 προσ-

383 1223 520 1294 ώπῳ
555 1221 868 1292 νοούμενος.
923 1223 1019 1282 Εἷς
1077 1220 1178 1296 γὰρ
1241 1219 1441 1292 Κύριος
1499 1221 1708 1291 Ἰησοῦς
1765 1219 2030 1293 Χριστός,
2087 1215 2182 1273 κέἔν
2241 1224 2347 1274 τῶν
2403 1220 2614 1298 φύσεων
2668 1219 2901 1300 διαφορᾶ
2954 1224 3029 1294 μή
3093 1223 3371 1298 ἀγνοῆται,
3432 1220 3484 1292 ἐξ
3553 1223 3628 1276 ὢν
3685 1223 3794 1290 τὴν

385 1309 700 1386 απόῤῥητόν
726 1305 920 1363 ἕνωσίν
955 1329 1130 1387 φαμεν
1165 1311 1498 1382 πεπόἆχθαι.

456 1402 739 1454 Fatentur
769 1399 970 1470 itaque
1005 1397 1278 1467 Verbum,
1303 1399 1408 1454 Dei
1439 1398 1674 1466 Filium,
1701 1399 1884 1452 Deum
1917 1413 2046 1452 esse

387 1490 803 1560 perfectum,et
826 1488 1154 1558 perfectum
1177 1487 1480 1542 hominem
1503 1503 1749 1558 corpore
1766 1491 1826 1542 et
1845 1487 2046 1542 anima

385 1579 618 1634 ratione
649 1576 897 1648 praedita
953 1581 1374 1640 constantem;
1426 1575 1584 1646 quod
1633 1575 1710 1629 ad
1757 1575 2040 1630 deitatem

389 1668 620 1731 attinet,
655 1665 919 1738 genitum
955 1681 992 1719 at
1039 1666 1212 1719 Patre
1246 1669 1380 1718 ante
1413 1663 1650 1730 saecula,
1685 1663 1912 1718 ultimis
1943 1680 2041 1718 au-

389 1763 510 1811 tem
540 1753 909 1826 temporibus
953 1753 1228 1808 eumdem
1281 1760 1551 1807 nostrum
1584 1757 1643 1808 et
1693 1752 1902 1808 salutis
1934 1769 2038 1807 no-

391 1851 526 1900 strae
558 1860 737 1900 causa
766 1847 974 1898 natum
1007 1860 1078 1898 ex
1127 1843 1305 1897 Maria
1344 1842 1600 1913 Virgine,
1639 1841 1796 1912 quod
1829 1841 1900 1896 ad
1932 1843 2037 1897 hu-

2227 1399 2530 1473 Τοιγαροῦν
2585 1395 2971 1472 ὁμολογοῦμεν
3024 1398 3116 1454 τὸν
3185 1405 3460 1474 μονογενῆ
3528 1398 3650 1452 Υἱὸν
3703 1401 3812 1453 τοῦ

2153 1489 2288 1540 Θεοῦ
2319 1487 2497 1562 Λόγον
2527 1486 2657 1541 Θεὸν
2695 1485 2905 1542 τέλειον
2963 1487 3054 1541 καὶ
3112 1488 3397 1561 ἄνθρωπον
3453 1485 3684 1557 τέλειον,
3745 1485 3817 1542 ἐκ.

2151 1577 2337 1650 ψυχῆς
2370 1573 2605 1650 λογικῆς
2635 1577 2727 1630 καὶ
2759 1575 3037 1648 σώματος,
3068 1576 3175 1649 πρὸ
3206 1575 3422 1631 αῗώνων
3458 1579 3550 1648 μὲν
3597 1575 3658 1631 ἐκ
3701 1581 3808 1631 τοῦ

2149 1664 2360 1738 Πατρὸς
2390 1666 2712 1739 γεννηθέντα
2759 1665 2896 1719 κατὰ
2950 1665 3052 1732 τήν
3115 1665 3363 1736 θεότητα,
3420 1663 3500 1720 ἐπ“
3552 1663 3806 1740 ἐσχάτων

2149 1749 2205 1808 δὲ
2233 1757 2340 1807 τῶν
2374 1756 2598 1828 ἡμερῶν
2628 1755 2721 1808 τὸν
2752 1753 2913 1808 αὐτὸν
2945 1751 3016 1808 δι’
3044 1756 3194 1826 ἡμᾶς
3223 1753 3343 1809 καὶ-
3371 1751 3460 1808 διὰ
3510 1755 3610 1823 τὴν
3659 1756 3812 1826 ἡμε-

2142 1843 2300 1917 τέραν
2340 1841 2612 1916 σωτηρίαν
2668 1840 2730 1897 ἐκ
2781 1843 2996 1917 Μαρίας
3051 1849 3152 1910 τῆς
3209 1843 3476 1919 παρθένου
3514 1845 3649 1897 κατὰ
3698 1845 3806 1911 τὴν

389 1949 624 1990 manam
649 1938 876 2004 spectat
901 1937 1216 1999 naturam;
1249 1931 1646 2002 eamdemque
1683 1936 1742 1986 et
1773 1931 2044 1986 essentia:

2156 1929 2568 2004 ἀνθρωπότητα,
2603 1930 2896 2005 ὁμοούσιον
2944 1935 3024 2004 τῷ
3083 1931 3250 2006 Πατρῖ
3307 1931 3400 1988 τὸν
3459 1931 3619 1986 αὐτὸν
3667 1931 3812 1985 κατὰ

391 2040 524 2079 cum
555 2026 726 2077 Patre
785 2020 1050 2092 ejusdem
1099 2021 1327 2076 ratione
1380 2019 1638 2085 deitatis,
1675 2025 1731 2074 et
1777 2020 2046 2092 ejusdem

391 2112 704 2168 nobiscum
735 2111 1008 2166 essentia)
1065 2109 1292 2165 ratione
1325 2109 1751 2179 humanitatis.
1787 2111 2048 2165 Duarum

394 2204 555 2260 enim
610 2207 959 2257 naturarum
1020 2201 1178 2255 facta
1233 2204 1324 2255 est
1381 2199 1540 2254 unio.
1579 2199 1719 2254 Inde
1775 2199 2050 2269 estquod

391 2309 580 2349 unum
628 2292 948 2359 Christum,
981 2307 1169 2346 unum
1224 2289 1465 2355 Filium,
1499 2305 1684 2344 unum
1730 2289 2049 2344 Dominum

394 2383 771 2438 confitemur.
805 2386 994 2451 Atque
1045 2380 1226 2451 hujus
1259 2379 1868 2444 inconfusanjunionis
1899 2395 2049 2434 con-

395 2471 751 2527 sideratione
785 2470 1048 2525 fatemur
1081 2469 1260 2524 etiam
1295 2473 1559 2523 sanctam
1593 2468 1892 2537 Virginem
1917 2484 2050 2522 vere

391 2560 576 2616 fuisse
612 2559 946 2630 Deiparam,
972 2557 1104 2612 ideo
1139 2557 1296 2627 quod
1330 2558 1484 2611 Deus
1513 2551 1774 2611 Verbum
1810 2573 2050 2611 carnem

401 2649 600 2704 induit
629 2654 688 2702 et
713 2649 892 2702 homo
925 2647 1112 2702 factus
1145 2651 1254 2712 est,
1290 2647 1472 2716 inque
1503 2646 1632 2716 ipsa
1663 2645 2050 2717 conceptione

403 2739 514 2793 sibi
545 2737 734 2792 univit
780 2737 1098 2808 templum,
1135 2735 1294 2806 quod
1327 2751 1396 2789 ex
1439 2735 1568 2805 ipsa
1597 2734 1958 2790 assumebat.
1995 2735 2050 2789 Si

403 2827 594 2900 placet
616 2827 874 2898 exempli
907 2826 1034 2880 loco
1076 2841 1450 2880 assumamus
1481 2829 1752 2878 nostrum
1785 2825 2052 2896 ipsorum

399 2917 918 2988 compositionem,
966 2920 1260 2986 quatenus
1317 2913 1588 2968 homines
1646 2930 1870 2968 sumus.
1907 2915 2054 2969 Con-

399 3012 625 3062 stamus
657 3005 944 3060 nimirum
992 3005 1193 3059 anima
1236 3008 1295 3058 et
1324 3003 1477 3058 668
1519 3020 1790 3074 corpore.
1830 3006 1911 3057 Ac
1961 3003 2050 3056 vi-

399 3096 608 3151 demus
639 3095 785 3150 duas
817 3100 1080 3161 naturas,
1103 3094 1284 3149 aliam
1317 3093 1788 3164 corporis,aliam
1811 3093 2050 3161 animae,

401 3185 706 3240 hominem
737 3200 972 3250 vero,ex
1001 3183 1314 3253 utriusque
1345 3183 1614 3236 unitione
1643 3181 1814 3245 facta,
1842 3197 2047 3236 unum.

402 3275 604 3342 Neque
623 3270 969 3341 compositio
1003 3287 1074 3324 ex
1107 3270 1335 3324 duabus
1375 3271 1603 3325 naturis
1635 3271 1819 3324 efﬁcit
1848 3277 1915 3324 ut
1945 3287 2048 3340 pro
2079 3291 2120 3356 ρ

406 3377 526 3418 uno
579 3360 818 3414 homine
851 3358 998 3412 duos
1039 3358 1364 3430 cogitemus
1393 3375 1406 3412 :
1442 3359 1545 3412 sed
1578 3375 1760 3412 unum
1795 3359 1878 3427 (ut
1907 3358 2050 3428 dixi)

406 3447 797 3519 intelligimus
827 3447 1154 3511 hominem,
1189 3463 1259 3501 ex
1292 3446 1490 3500 anima
1529 3453 1588 3500 et
1615 3463 1860 3516 corpore
1892 3463 2051 3500 com-

407 3537 690 3609 positum.
747 3537 804 3590 Si
863 3536 1022 3590 enim
1083 3535 1194 3590 hoc
1251 3535 1550 3604 tollamus,
1603 3552 1672 3589 ex
1728 3535 1956 3590 duabus
1997 3541 2053 3590 et

409 3625 822 3681 dill'erentibus
836 3625 1062 3680 naturis
1085 3641 1273 3680 unum
1293 3631 1351 3678 et
1375 3624 1732 3678 indivulsum
1755 3625 2052 3678 Christum

407 3715 480 3772 ab
513 3715 784 3772 unitione
842 3714 1158 3777 exstitisse,
1191 3714 1392 3768 dicent
1449 3713 1806 3769 adversarii:
1845 3713 1902 3766 Si
1937 3729 2054 3768 una

407 3811 620 3860 natura
643 3804 822 3858 totius
843 3803 1058 3857 Christi
1083 3802 1498 3872 est,quomodo
1520 3802 1712 3873 potuit
1729 3803 2052 3856 humanam

410 3897 686 3946 naturam
707 3889 978 3956 induere,
1007 3895 1108 3944 aut
1128 3907 1307 3961 quam
1338 3907 1582 3946 carnem
1613 3889 1722 3946 sibi
1753 3889 2051 3961 propriam

410 3979 700 4034 asciscere
721 3979 749 4032 ‘I
777 3980 890 4032 Eos
929 3983 1125 4033 autem
1169 3979 1268 4048 qui
1298 3978 1505 4034 dicunt
1555 3979 2048 4050 contemperatio-

408 4067 987 4133 nem,confusionem
1009 4067 1468 4124 autmistionem
1499 4073 1847 4122 naturarum
1881 4067 2051 4122 Verbi

406 4157 510 4212 Dei
541 4173 675 4212 cum
705 4173 879 4212 carne
910 4158 1148 4224 factam,
1181 4157 1376 4228 palam
1407 4157 1482 4212 iis
1512 4174 1616 4212 ora
1645 4157 1921 4213 obturare
1953 4163 2055 4214 tua

407 4247 596 4318 pietas
628 4246 926 4314 dignetur.
954 4249 1093 4300 Post
1124 4246 1251 4300 haec
1297 4246 1511 4317 Cyrillo
1542 4252 1796 4316 mortuo,
1828 4247 2054 4302 exstitit

404 4335 735 4390 monachus
792 4334 1034 4405 quidam
1093 4339 1152 4388 et
1197 4333 1439 4389 claustri
1497 4335 1799 4406 princeps,
1833 4351 2053 4390 nomen

405 4421 719 4492 Eutyches.
753 4422 857 4476 Hic
910 4437 1026 4476 non
1090 4421 1361 4492 exiguam
1417 4423 1622 4494 populi
1677 4427 1906 4494 partem
1938 4423 2051 4478 sibi

407 4509 698 4580 adjunxit.
749 4510 1002 4564 Nestorii
1063 4510 1373 4581 opiniones
1431 4512 1692 4582 probans
1722 4512 2050 4584 dicensque

408 4614 652 4654 carnem
707 4599 923 4653 Christi
980 4616 1099 4654 non
1155 4600 1422 4672 ejusdem
1481 4619 1614 4658 cum
1665 4607 1868 4658 nostra
1916 4619 2045 4657 esse

404 4694 654 4744 naturae.
687 4691 760 4744 Et
782 4689 1022 4760 quidem
1065 4708 1273 4746 rursus
1313 4708 1431 4746 non
1463 4692 1650 4746 multo
1682 4698 1815 4762 post
1839 4691 2048 4748 diabo-

405 4781 524 4837 lica
541 4797 722 4836 manu
755 4781 1107 4852 praevalente
1156 4783 1319 4838 aliud
1358 4783 1570 4854 Ephesi
1619 4783 1938 4838 concilium
1969 4784 2049 4839 la-

405 4877 666 4939 tronum,
699 4887 1076 4941 nequaquam
1124 4877 1418 4939 sanctum,
1469 4872 1714 4944 cogitur,
1761 4872 1943 4926 misso
1975 4873 2048 4928 ad

405 4959 465 5015 id
493 4961 669 5015 etiam
726 4959 1002 5016 Flaviano
1050 4960 1700 5031 Constantinopolitano
1748 4961 2046 5032 episcopo,

405 5065 539 5106 cum
571 5066 754 5121 penes
775 5049 1118 5104 Dioscorum
1145 5049 1506 5104 Alexandriae
1526 5050 1870 5122 episcopum
1893 5067 2051 5106 sum-

404 5155 505 5194 ma
532 5156 731 5194 rerum
763 5138 846 5192 ibi
877 5144 1052 5193 esset.
1094 5138 1404 5194 Flavianus
1432 5139 1736 5194 veritatem
1771 5146 1942 5195 tuens
1985 5141 2046 5194 in

404 5243 474 5281 eo
532 5227 784 5282 concilio
841 5226 1151 5292 occiditur,
1186 5233 1246 5280 et
1299 5227 1481 5298 priori
1515 5228 1738 5299 synodo
1779 5229 2046 5300 Ephesia)

405 5315 728 5370 auctoritas
783 5314 1119 5388 abrogatur,
1179 5315 1687 5373 subscribentibus
1733 5319 2046 5390 posteriori

404 5403 545 5457 huic
559 5403 910 5472 quibusdam
929 5404 1222 5476 episc0pis
1235 5405 1287 5457 vi
1301 5404 1598 5461 latronum
1617 5423 1685 5462 eo
1699 5407 2045 5479 compulsis,

405 5492 560 5546 inter
591 5508 738 5560 quos
764 5489 876 5544 fuit
905 5493 1083 5547 etiam
1116 5493 1370 5548 Basilius
1401 5495 1684 5550 Seleuciae
1711 5497 2042 5568 episcopus.

402 5579 546 5636 Inde
578 5595 715 5634 cum
744 5578 978 5650 publice
1009 5580 1364 5636 docerentur
1395 5584 1666 5650 Nestorii,
1698 5585 1963 5640 Dioscori
1990 5591 2049 5640 et

2155 2021 2254 2088 τήν
2291 2020 2522 2090 θεότητα
2550 2019 2642 2075 καῖ
2677 2021 2972 2093 ὁμοούσιον
3003 2023 3138 2092 ἡμῖν
3189 2019 3325 2076 κατὰ
3369 2021 3469 2089 τὴν
3519 2020 3808 2094 ἀνθρωπό-

2156 2129 2315 2177 τητα.
2369 2108 2472 2162 Δύο
2530 2107 2632 2182 γὰρ
2693 2107 2904 2186 φύσεων
2969 2105 3164 2172 ἓνωσις
3243 2107 3474 2184 γέγονεν’
3530 2109 3650 2162 ὅθεν
3716 2104 3816 2162 ἕνα

2158 2198 2411 2272 Χριστὸν,
2442 2195 2537 2252 ἕνα
2589 2196 2736 2268 Υἱὸν,
2795 2195 2888 2254 ἕνα
2947 2200 3141 2266 Κύριον
3193 2195 3603 2272 ὁμολογοῦμεν.
3663 2196 3820 2254 Κατᾶ

2157 2286 2358 2356 ταύτην
2421 2287 2512 2340 οὗν
2569 2287 2671 2354 τήν
2727 2293 2828 2356 τῆς
2914 2287 3224 2361 ἀσυγχύτου
3307 2286 3548 2348 ἐνώσεως
3609 2280 3820 2341 ἔννοιαν

2161 2375 2546 2450 ὁμολογοῦμεν
2576 2376 2667 2430 καὶ
2697 2377 2796 2444 τήν
2825 2376 2976 2452 ἁγίαν
3035 2377 3300 2451 Παρθένον
3345 2375 3568 2446 ἀληθῶς
3615 2375 3821 2431 Θεοτό-

2158 2484 2278 2533 κον,
2315 2460 2489 2519 διὰτὸ
2536 2465 2627 2519 τὸν
2687 2465 2815 2520 Θεὸν
2875 2465 3054 2542 Λόγον
3111 2472 3462 2540 σαρκωθῆναι
3515 2465 3608 2520 καὶ
3665 2463 3823 2519 ἐναν-

2161 2556 2444 2628 θρωπῆσαι
2484 2555 2574 2609 καὶ
2603 2554 2654 2624 ἐξ
2688 2555 2858 2624 αὐτῆς
2885 2553 3215 2630 συλλήψεως
3273 2554 3471 2610 ὲνῶσαι
3527 2555 3682 2626 αύτῷ
3727 2555 3821 2610 τὸν

2159 2640 2209 2712 ἐξ
2245 2641 2410 2711 αὐτῆς
2443 2640 2719 2713 ληφθέντα
2759 2646 2840 2716 [Ρ.
2875 2645 3001 2716 381]
3031 2642 3178 2700 ναόν.
3215 2644 3314 2699 Καὶ
3347 2643 3392 2697 εἰ
3423 2639 3595 2710 δοκεῖ,
3650 2641 3814 2715 δεξώ-

2164 2733 2318 2805 μεθα.
2359 2731 2434 2793 εἰς
2487 2729 2835 2806 παράδειγμα
2888 2735 2989 2801 τήν
3045 2733 3162 2788 καθ’
3223 2735 3370 2804 ἡμᾶς
3427 2731 3624 2795 αὐτοὺς
3685 2733 3812 2786 σύν-

2158 2823 2324 2889 θεσιν,
2383 2821 2500 2884 καθ’
2555 2817 2621 2888 ἤν
2678 2819 2836 2894 ἐσμεν
2899 2819 3198 2896 ἄνθρωποί.
3256 2821 3646 2894 Συντεθείμεθα
3699 2820 3798 2894 γὰρ

2158 2906 2219 2962 ἐκ
2274 2911 2460 2986 ψυχῆς
2515 2909 2606 2963 καὶ
2666 2910 2940 2980 σώματος,
2997 2911 3086 2965 καὶ
3163 2911 3376 2984 ὁρῶμεν
3445 2909 3619 2984 φύσεις
3676 2905 3796 2978 δύο,

2160 2997 2342 3071 ἑτέραν
2373 2997 2468 3072 μὲν
2497 3002 2592 3052 τοῦ
2623 3000 2901 3071 σώματος,
2930 2999 3110 3074 ἑτέραν
3141 2997 3198 3054 δὲ
3225 3007 3326 3068 τῆς
3385 3002 3592 3072 ψυχῆς.
3640 2995 3802 3052 Ἀλλ’

2161 3089 2241 3151 εἷς
2271 3087 2322 3158 ἐξ
2353 3088 2553 3166 ἀμφοῖν
2585 3089 2700 3152 καθ’
2731 3085 2924 3144 ἕνωσιν
2957 3086 3272 3162 ἄνθρωπος,
3303 3089 3395 3144 καὶ
3445 3088 3577 3162 οὐχὶ
3631 3087 3696 3141 τὸ
3751 3085 3811 3142 ἐκ

2161 3175 2256 3230 δύο
2317 3175 2526 3252 φύσεων
2581 3179 2946 3241 συντεθεῖσθαι
3030 3175 3126 3232 δύο
3186 3178 3509 3252 ἀνθρώπους
3565 3177 3660 3231 τὸν
3717 3172 3814 3230 ἕνα

2159 3270 2398 3329 νοεῖσθαι
2431 3267 2844 3340 παρασκευάζει,
2887 3263 3013 3320 ἀλλ’
3065 3262 3158 3320 ἕνα
3201 3267 3293 3322 τὸν
3344 3265 3627 3341 ἄνθρωπον
3679 3266 3816 3320 κατὰ

2159 3354 2422 3419 σύνθεσιν,
2455 3357 2528 3416 ὡς
2561 3354 2714 3432 ἔφην,
2747 3357 2848 3426 τὴν
2881 3355 2940 3410 ἐκ
2977 3359 3162 3430 ψυχῆς
3209 3355 3300 3412 καὶ
3360 3357 3630 3430 σώματος.
3689 3355 3812 3411 Ἐὰν

2207 3443 2220 3460 ς
2306 3444 2319 3464 9
2633 3444 2646 3460 ι
2710 3447 2717 3456 ο
2824 3446 2838 3458 ε
2931 3441 2986 3464 NI
3217 3443 3240 3462 εἴ
3360 3447 3371 3462 ο
3591 3443 3604 3464 Ι

2160 3465 2262 3521 γαρ
2293 3443 2572 3516 ανέλωμεν
2595 3466 2656 3499 το
2689 3447 2770 3500 ὁτι
2821 3465 2881 3500 εκ
2928 3461 3024 3499 ουο
3067 3445 3158 3498 καὶ
3213 3459 3488 3520 οιαφερων
3537 3465 3750 3524 φυσεων
3783 3445 3812 3499 ὁ

2159 3535 2237 3596 εἷς
2264 3533 2350 3588 καὶ
2415 3534 2579 3606 μόνος
2636 3534 2746 3588 ἐστὶ
2812 3534 3065 3606 Χριστὸς,
3123 3532 3486 3596 ἀδιάσπαντος
3539 3529 3614 3588 ὥν
3676 3535 3813 3607 μετά

2157 3625 2256 3690 τὴν
2285 3618 2500 3691 ἕνωσιν,
2533 3621 2743 3696 ἐροῦσιν
2773 3623 2826 3676 οἱ
2858 3619 2928 3676 δι’
2979 3621 3244 3685 ἐναντίας·
3294 3622 3360 3679 Ei
3417 3623 3516 3695 μία
3546 3630 3704 3698 φύσις
3741 3623 3808 3678 τὸ

2159 3709 2310 3781 ὅλον,
2368 3715 2484 3774 πῶς
2539 3709 2977 3786 ἐνηνθρώπησεν,
3011 3710 3046 3780 ἢ
3089 3713 3250 3767 ποίαν
3312 3709 3448 3766 ἰδίαν
3507 3710 3806 3780 ἐποιήσατο

2159 3800 2366 3874 σάρκα;
2399 3801 2542 3860 Τοὺς
2584 3800 2641 3854 δὲ
2699 3797 2956 3874 λέγοντας
3005 3801 3094 3856 δτι
3135 3804 3346 3872 κρᾶσις,
3377 3801 3414 3870 ἢ
3447 3800 3735 3876 σύγχυσις,
3769 3800 3804 3870 ἢ

2157 3889 2370 3968 φυρμὸς
2411 3886 2616 3962 ἐγένετο
2671 3893 2769 3943 τοῦ
2828 3893 2962 3944 Θεοῦ
3020 3889 3208 3966 Λόγου
3263 3889 3398 3961 πρὸς
3456 3890 3555 3958 τήν
3609 3890 3805 3963 σάρκα,

2155 3978 2542 4051 καταξιωσάτω
2601 3999 2702 4032 σου
2753 3981 2789 4046 ἡ
2831 3974 3108 4042 θεοσεϐεια
3164 3974 3462 4052 προδήλως
3519 3976 3808 4051 ἐπιστομί-

2156 4073 2282 4137 ζειν.
2318 4068 2472 4125 Μετὰ
2528 4065 2585 4122 δὲ
2637 4071 2807 4122 ταῦτα
2863 4065 3146 4142 Κυρίλλου
3201 4066 3628 4138 τελευτήσαντος
3687 4066 3808 4122 ἐπι-

2155 4157 2343 4233 φύεται
2401 4157 2642 4236 μοναχός
2693 4177 2776 4218 τις
2853 4159 2946 4212 καὶ
3029 4155 3467 4233 ἀρχιμανδρίτης
3552 4159 3808 4232 Εὖτυχῆς

2155 4247 2582 4319 ὀνομαζόμενος,
2612 4247 2703 4302 καὶ
2733 4247 2952 4316 ἀποσπᾷ
2994 4247 3220 4301 κατόπιν
3267 4246 3431 4302 αὐτοῦ
3491 4245 3654 4322 μέρος
3705 4248 3806 4303 οὐκ

2155 4335 2346 4411 ὀλίγον
2372 4339 2468 4390 τοῦ
2500 4333 2662 4402 λαοῦ,
2695 4340 2874 4410 κυρῶν
2909 4335 2978 4390 τὰ.
3034 4335 3335 4410 Νεστορίου
3385 4336 3476 4391 καὶ
3517 4337 3583 4390 τὸ
3635 4337 3804 4393 αὐτοῦ

2150 4425 2388 4500 πονηρὸν
2419 4421 2622 4502 δόγμα,
2655 4423 2872 4504 φάσκων
2902 4425 2977 4494 μή
3019 4425 3160 4480 εἶναι
3189 4425 3291 4494 τήν
3339 4425 3512 4500 σάρκα
3545 4431 3644 4480 τοῦ
3698 4429 3805 4483 Κυ-

2152 4511 2273 4588 ρίου
2301 4516 2439 4586 ἡμῖν
2471 4512 2789 4584 ὁμοούσιον.
2823 4513 2924 4570 Καὶ
2958 4510 3026 4581 δὴ
3071 4513 3237 4569 πάλιν
3269 4515 3384 4588 μετ’
3439 4511 3626 4590 ὀλίγον
3684 4512 3800 4570 ’δια-

2154 4598 2388 4670 ϐολικῆς
2416 4601 2715 4676 laxante-7,:
2757 4601 2943 4676 χειρὸς
3003 4601 3155 4675 ἑτέρα
3211 4599 3434 4664 σύνοδος
3489 4601 3542 4656 ἐν
3590 4602 3799 4680 Ἐφέσῳ

2157 4693 2420 4766 λῃστρική
2480 4689 2571 4745 καὶ
2630 4690 2738 4764 οὐχ
2803 4690 2925 4744 ὁσία
3005 4691 3232 4764 γίνεται.
3311 4690 3802 4768 παραπεμφθέντος

2157 4779 2330 4834 ἐκεῖσε
2391 4779 2482 4834 καὶ
2549 4773 2864 4834 Φλαῦιανοῦ
2968 4779 3613 4850 Κωνσταντινουπόλεως,
3701 4781 3799 4849 τήν

2155 4873 2329 4924 πᾶσαν
2389 4868 2628 4938 ἐξουσίαν
2714 4867 3011 4942 Διοσκόρου
3095 4866 3501 4943 Ἀλεξανδρείας
3551 4867 3800 4944 ἔχοντος·

2157 4959 2245 5013 καὶ
2277 4957 2551 5036 φονεύεται
2587 4959 2679 5028 μὲν
2713 4951 3026 5018 Φλαϐιανὸς
3053 4958 3082 5010 6
3113 4959 3280 5024 θεῖος,
3341 4958 3677 5033 ὑπερμαχῶν
3705 4966 3804 5028 τῆς

2157 5045 2455 5121 ὀρθοὸόξου
2511 5045 2766 5113 πίστεως,
2854 5043 3213 5122 ἀνατρέπεται
3273 5045 3331 5100 δὲ
3388 5049 3422 5116 ἠ
3481 5045 3534 5103 ἐν
3595 5048 3806 5124 Ἐφέσῳ

2155 5135 2346 5210 πρώτη
2410 5131 2656 5200 σύνοδος,
2739 5135 3165 5210 ὑπογραψάντων
3231 5141 3429 5212 φονικῇ
3494 5137 3586 5212 βίᾳ
3640 5142 3805 5192 τινῶν

2157 5221 2492 5293 ἐπισκόπωδ,
2554 5222 2605 5294 ἐξ
2662 5225 2736 5278 ὧν
2797 5224 3015 5298 ὑπῆρχε
3075 5222 3360 5288 Βασίλειος
3401 5227 3430 5280 ὁ
3464 5223 3806 5290 Σελευκείας.

2156 5312 2447 5370 Κάντεῦθεν
2495 5316 2603 5367 τῶν
2662 5317 2760 5368 τοῦ
2813 5311 3138 5388 Νεστορίου,
3194 5313 3284 5367 καὶ
3343 5314 3660 5389 Διοσκόρου,
3717 5318 3808 5372 καὶ

2155 5399 2444 5476 Εὐτυχλῦς
2484 5399 2962 5475 δημοσιευομὲνων
3021 5403 3276 5476 πονηρῶν
3343 5401 3651 5479 δογμάτων,
3710 5405 3804 5460 καὶ

2155 5491 2376 5560 πολλῆς
2406 5493 2652 5565 ταραχῆς
2681 5490 2974 5563 γινομένης
3008 5491 3245 5562 μάλιστα
3270 5485 3326 5546 ἐν
3381 5497 3450 5566 τῇ
3502 5491 3801 5564 Ἀνατολῆ,

2155 5579 2432 5660 φονεύεται
2521 5584 2811 5654 Προτὲριος
2867 5579 2896 5633 ὁ
2957 5578 3125 5656 μέγας
3208 5578 3382 5655 ἱερεὺς
3463 5579 3554 5635 καὶ
3618 5577 3802 5656 ἕτεροι
