4124 6312
315 350 434 411 729
462 380 465 383 λ
1449 343 1812 407 HISTORIA
1826 344 2004 405 RUM
2048 341 2600 406 COMPENDIUM.
3606 346 3727 408 730
3750 354 3753 359 ’

314 483 588 539 πλεῖστοι.
656 478 879 535 Τούτων
963 478 1057 535 οῦν
1145 480 1321 542 οὕτως
1379 477 1619 558 ἐχόντων
1691 476 1942 531 ἀνίστατα

2153 477 2363 548 itychis
2417 479 2764 553 perniciosas
2821 480 3155 551 opiniones,
3203 479 3523 551 magnique
3565 480 3719 535 669
3767 490 3781 500 ’

319 573 502 635 θεόθεν
558 569 867 643 Μαρκιανὸς
941 570 968 623 ὁ
1045 566 1319 643 βασιλεὺς,
1405 567 1495 623 καὶ
1552 566 1866 641 συναγαγὼν
1921 562 1945 618 ἐ

2094 567 2412 638 praesertim
2444 569 2505 622 in
2537 570 2771 624 Oriente
2803 570 3159 625 exsisterent
3197 568 3510 637 tumultus,
3543 570 3722 625 occisi

326 657 643 729 Χαλκηδόνι
674 660 773 727 τήν
806 663 916 713 τῶν
962 656 1055 732 χλ’
1110 658 1358 732 Ματέρων
1412 652 1659 723 σύνοδον,
1690 655 1954 729 παρόντωι

2094 661 2222 710 sunt
2247 656 2546 710 Proterius
2573 658 2883 727 episcopus
2914 664 2973 712 et
2999 658 3101 713 alii
3134 657 3396 728 plurimi.
3421 659 3499 712 Eo
3522 674 3722 712 rerum

327 749 624 823 Διοσκόρου
673 747 764 802 καὶ
826 746 1128 821 Εὐτυχοῦς,
1186 747 1306 820 μεθ’
1361 747 1437 800 ὧν
1474 744 1565 799 καὶ
1595 744 1755 807 αὐτὸς
1781 763 1948 817 πορευ

2095 749 2237 798 statu
2269 743 2465 799 divina
2494 744 2865 814 providentia
2910 746 3270 801 Marcianum
3304 747 3723 817 imperatorem

329 838 461 903 θείς,
519 834 967 906 καταδικάζονται
1030 837 1125 909 μὲν
1180 836 1496 908 Διόσκορος,
1551 834 1642 888 καὶ
1702 832 1953 906 Εὖτυχής

2095 839 2262 889 :reat.
2318 834 2375 887 Is
2431 833 2702 888 interfuit
2756 850 2791 888 a
2847 850 2908 888 se
2958 841 3161 889 coacto
3207 834 3578 890 Chalcedone
3618 835 3723 889 630

323 929 413 984 xui
457 925 776 1000 Νεστόριος,
832 926 922 979 xui
981 923 1147 979 πάλιν
1203 925 1697 997 ἀναθεματίζονται,
1765 918 1946 976 Θεοδώ

2095 924 2321 976 Patrum
2380 921 2656 987 concilio,
2689 922 3077 992 praesentibus
3129 923 3310 978 etiam
3360 923 3635 978 Dioscoro
3666 928 3723 977 et

328 1038 493 1093 ρητον
554 1013 631 1084 δὲ,
691 1015 782 1070 καὶ
833 1009 1000 1086 Ἰϐαν,
1058 1014 1149 1070 xui
1202 1013 1479 1069 Βασίλειον
1515 1009 1832 1075 Σελευκείας
1859 1009 1956 1064 ἒδέ·

2093 1012 2423 1082 Eutychete.
2453 1011 2537 1065 Ibi
2590 1028 2794 1066 rursus
2843 1012 3203 1067 damnantur
3234 1013 3566 1079 Dioscorus,
3607 1014 3721 1066 Eu-

329 1108 482 1175 ξαντο
548 1104 1088 1178 καθυπογράψαντας.
1150 1102 1253 1159 Καὶ
1322 1109 1422 1171 τῆς
1490 1100 1790 1176 λῃστρικῆς
1854 1107 1957 1153 σὺνε

2093 1102 2285 1173 tyches
2315 1108 2374 1157 et
2402 1101 3136 1173 Nestorius,approbantur
3156 1102 3563 1166 Theodoritus,
3590 1102 3721 1156 Ibas

329 1193 458 1250 ὁδου
526 1194 918 1268 ἀνατραπείσης
975 1192 1066 1247 καὶ
1120 1191 1655 1264 ἀναθεματισθείσης,
1710 1189 1785 1252 είς
1853 1188 1957 1260 μίας

2094 1199 2140 1248 3t
2169 1192 2419 1248 Basilius
2443 1192 2723 1247 Seleuciae
2757 1192 3235 1263 episcopus,cum
3268 1192 3507 1247 tandem
3538 1191 3722 1262 priori

329 1283 643 1357 συμφωνίαν
676 1281 887 1358 ἤγαγον
919 1282 1120 1343 πάντας
1179 1282 1231 1334 οἱ
1289 1282 1421 1335 θεῖοι
1476 1280 1727 1353 [Ιατέρες.
1759 1276 1957 1332 Τούτωπ

2093 1281 2331 1337 εοιιοίιίο
2386 1280 2896 1352 subscripsissent.
2930 1283 3017 1336 Ita
3070 1280 3307 1335 abolitis
3355 1279 3721 1351 prmdatoriaa

326 1370 384 1426 δὲ
412 1376 517 1425 τῶν
550 1372 825 1444 τεσσάρων
875 1367 1112 1424 συνόδων
1160 1366 1304 1424 οὕτω
1333 1370 1635 1443 γενομένων
1668 1365 1757 1420 καὶ
1790 1360 1945 1420 ἐπιϐε

2094 1372 2289 1444 synodi
2321 1373 2467 1427 actis
2515 1378 2574 1427 et
2601 1372 2919 1437 damnatis,
2949 1372 3268 1428 concordia
3296 1388 3332 1426 a
3363 1372 3584 1427 sanctis
3612 1372 3722 1425 Pa-

321 1456 661 1515 6αιωθεισῶν
692 1460 782 1514 καὶ
814 1464 1127 1534 κρατουσῶν
1188 1458 1240 1512 ἐν
1298 1462 1368 1532 τῇ
1426 1456 1521 1511 τοῦ
1572 1459 1707 1510 Θεοῦ
1738 1457 1943 1524 ἘκκΛη

2095 1462 2271 1516 ;ribus
2318 1462 2476 1516 inter
2529 1478 2738 1516 omnes
2790 1461 3132 1517 concilliata
3181 1466 3290 1516 est.
3324 1460 3427 1516 His
3466 1466 3723 1531 quatuor

328 1550 441 1620 σίᾳ,
485 1550 537 1603 οἱ
592 1549 659 1604 τά
716 1548 1011 1623 Νεστορίου
1067 1552 1385 1625 φρονοῦντες
1442 1542 1773 1600 ἐσπούδασαν
1823 1541 1956 1607 αὗθι‹

2091 1553 2350 1609 οοηοίιὶὶε
2379 1554 2464 1608 sic
2494 1553 2639 1608 actis
2662 1559 2722 1609 et
2749 1554 3097 1609 auctoritate
3124 1554 3438 1623 roboratis,
3470 1569 3719 1624 eamque

328 1643 429 1707 τὴν
492 1638 700 1715 α’ίρεσιν
759 1640 936 1694 αὐτῶν
993 1643 1315 1714 κρατῦναι...
1375 1643 1473 1705 τῆς
1534 1632 1823 1710 Θεοδώρου
1879 1640 1956 1688 toi

2090 1645 2141 1698 in
2164 1643 2426 1699 Ecclesia
2456 1645 2557 1698 Dei
2588 1644 3014 1710 obtinentibus,
3038 1644 3371 1700 Nestoriani
3401 1644 3598 1700 denuo
3622 1660 3718 1698 co-

333 1730 715 1803 Μοψουεστίας
783 1731 1062 1802 ἄφορμῆς,
1130 1725 1329 1797 πολλῷ
1414 1724 1640 1800 χείρονα
1705 1727 1799 1778 τοῦ
1870 1744 1961 1796 μα-

2089 1734 2204 1789 nati
2225 1739 2537 1787 suntsuam
2557 1734 2831 1788 haeresim
2855 1734 3206 1788 confirmare
3229 1750 3409 1806 opera
3427 1733 3717 1789 Theodori

329 1822 496 1888 θητοῦ
559 1819 723 1872 αὐτοῦ
790 1816 1084 1891 Νεπορίου
1170 1818 1256 1888 [Ρ.
1317 1819 1443 1888 382i
1536 1812 1957 1889 βλασφημήσαν-

2090 1821 2449 1892 Mopsuestim
2482 1822 2763 1893 episcOpi,
2798 1823 2897 1893 qui
2940 1824 3285 1895 magistrum
3311 1840 3483 1878 suum
3514 1825 3718 1878 Nesto-

315 1928 432 1968 τος.
504 1908 664 1970 ’Όθεν
732 1905 912 1959 τοίνυν
980 1903 1068 1959 xui
1136 1907 1301 1977 ἡμεῖς
1366 1902 1788 1965 ἀκολουθοῦντες
1852 1906 1941 1955 τοῖ

2089 1909 2231 1963 rium
2263 1909 2443 1981 impie
2474 1910 2544 1964 de
2595 1910 2772 1965 rebus
2821 1911 3006 1966 sacris
3052 1912 3351 1982 loquendo
3383 1911 3717 1982 superabat.

314 1995 609 2070 ἡμετέροις
675 1994 933 2065 πατράσι,
1036 1995 1122 2048 καὶ
1236 1993 1569 2067 βουλόμενοι
1634 1991 1732 2057 τήν
1803 1991 1937 2063 ὀρθή

2091 1998 2332 2053 Proinde
2363 2016 2470 2053 nos
2523 2001 2783 2071 vestigiis
2838 2001 3129 2071 majorum
3190 2004 3532 2055 nostrorum
3575 2001 3719 2056 insi-

317 2086 496 2140 πίστιν
556 2080 848 2153 ἀλώϐητον
911 2081 1388 2161 διαφυλάττεσθαι,
1446 2079 1824 2153 προτρέπομεν
1880 2100 1945 2133 κα

2092 2092 2301 2142 stentes
2336 2088 2762 2159 capientesque
2807 2105 3004 2144 veram
3054 2090 3233 2144 fidem
3264 2090 3551 2161 integram
3585 2106 3720 2144 con-

319 2174 520 2231 τούτου
579 2174 676 2234 τὰς
739 2171 1096 2249 βλασφημίας
1159 2168 1557 2243 διεξετάσαντκς
1610 2169 1729 2222 κατ’
1802 2165 1947 2222 αὖτοῐ

2090 2192 2332 2242 servare,
2365 2177 2671 2231 hortamur
2717 2195 2817 2233 vos
2844 2185 2908 2233 ut
2955 2179 3132 2248 hujus
3164 2195 3396 2248 quoque
3430 2178 3718 2233 scelerata

318 2262 408 2317 xui
463 2267 571 2317 τῶν
628 2261 948 2337 ὀμοφρόνων
1009 2259 1174 2315 αὐτοῦ
1233 2260 1633 2338 ἀποφήνασθαι.
1689 2256 1826 2331 Πρὸς
1868 2257 1946 2332 γάε

2088 2265 2389 2319 mendacia
2417 2267 2822 2321 examinantes
2843 2267 2915 2321 de
2949 2284 3016 2321 eo
3039 2273 3096 2321 et
3119 2267 3509 2322 sectatoribus
3532 2267 3716 2337 ipsius

316 2357 436 2414 ταῖς
516 2348 714 2410 ἄλλαις
787 2350 1178 2421 ἀναριθμήτοις
1262 2347 1427 2403 αὐτοῦ
1495 2344 1826 2423 δυσξημίαις
1894 2344 1939 2398 εἰ

2089 2353 2366 2408 statuatis.
2404 2356 2544 2408 Nam
2579 2361 2794 2426 praeter
2822 2356 3137 2412 innumera
3165 2357 3283 2411 alia
3301 2372 3432 2426 quas
3454 2356 3633 2425 impie
3656 2356 3717 2409 in

321 2441 560 2513 Χριστὸν
593 2440 687 2493 τὸν
719 2439 848 2494 Θεὸν
906 2440 1069 2508 ἡμῶν
1123 2435 1461 2513 γενομέναις,
1511 2432 1682 2491 ἄλλον
1714 2434 1847 2489 εἶναι
1878 2434 1949 2488 τὸπ

2089 2442 2376 2497 Christum
2434 2443 2620 2498 Deum
2676 2450 2944 2499 nostrum
3004 2445 3320 2500 maledicta
3349 2444 3626 2511 evomuit,
3658 2443 3717 2497 id

325 2531 452 2584 Θεὸν
509 2531 682 2605 Λόγον
736 2529 828 2583 καὶ
885 2526 1056 2583 ἀλλον
1116 2529 1210 2583 τὸν
1269 2527 1525 2601 Χριστὸν,
1583 2525 1687 2580 ὑπὸ
1731 2529 1840 2579 τῶν
1870 2531 1953 2592 τῆ.

2089 2547 2314 2602 quoque
2345 2533 2608 2602 protulit,
2643 2534 2827 2587 alium
2854 2550 2983 2588 esse
3007 2535 3193 2588 Deum
3223 2533 3499 2599 Verbum,
3533 2533 3717 2588 alium

327 2619 513 2689 ψυίςῆς
555 2622 736 2681 παθῶν
788 2617 880 2673 καὶ
936 2625 1043 2674 τῶν
1102 2624 1202 2686 τῆς
1243 2616 1438 2689 σαρκὸς
1494 2615 1795 2686 ἐπιθυμιῶν
1853 2613 1955 2667 ἐνο-

2089 2619 2399 2681 Christum,
2460 2621 2558 2691 qui
2610 2622 2795 2676 animi
2840 2622 3385 2691 perturbationibus
3436 2628 3495 2677 et
3523 2623 3717 2677 carnis

332 2704 660 2780 χλοῦμενον,
717 2706 804 2761 καὶ
858 2711 965 2761 τῶν
1008 2706 1274 2781 χειρόνων
1331 2704 1469 2760 κατὰ
1529 2704 1719 2778 μικρὸν
1753 2703 1960 2779 ἀφιστά-

2086 2708 2502 2779 cupiditatibus
2515 2710 3405 2781 molestiamipsiexhibentibus
3429 2710 3714 2781 paulatim

331 2815 491 2866 μενον
545 2795 676 2864 πρὸς
735 2795 797 2849 τὰ
851 2794 1135 2867 κρείττονα
1190 2798 1259 2868 τῇ
1318 2796 1571 2869 προκοπῇ
1630 2795 1769 2864 τῶνξ
1791 2790 1959 2866 ἒργωη

2087 2797 2194 2853 ade
2203 2798 2397 2853 teriori
2409 2797 2515 2852 bus
2528 2798 2822 2855 desistens
2842 2801 3133 2855 factorum
3147 2800 3410 2871 profectu
3424 2800 3485 2855 in
3501 2799 3715 2854 melius

323 2882 669 2955 ἐληλυθέναι,
700 2883 788 2938 xui
840 2888 908 2957 τῇ
959 2883 1149 2957 ἀρίστη
1206 2881 1458 2954 πολιτείᾳ
1493 2880 1783 2958 γενόμενον
1814 2877 1938 2951 ἄμω

2088 2887 2348 2954 evaserit,
2379 2886 2799 2959 inculpataque
2856 2890 3094 2960 optima)
3142 2890 3275 2943 vita:
3304 2888 3531 2944 ratione
3563 2890 3716 2943 670

323 2992 447 3044 μον,
509 2973 596 3026 καὶ
655 2976 728 3035 ὡς
790 2971 952 3047 ψιλὸν
1013 2973 1295 3047 ἄνθρωπον
1352 2970 1403 3026 ἐν
1459 2971 1689 3045 ὀνόματι
1740 2967 1946 3043 Πατρὸς

2088 2992 2221 3030 usus
2252 2976 2363 3041 sit;
2414 2978 2535 3047 qui,
2568 2982 2633 3032 ut
2680 2978 2875 3031 nudus
2925 2978 3125 3042 homo,
3164 2978 3223 3032 in
3254 2977 3496 3033 nomine
3526 2978 3716 3032 Patris

317 3062 404 3115 xui
470 3062 614 3123 l‘ioi'i,
676 3062 765 3116 xui
832 3061 983 3137 ἁγίου
1061 3063 1372 3133 Ηνεῦματος
1436 3060 1819 3135 βαπτισθῆναι,
1880 3077 1945 3111 κα

2090 3069 2137 3118 st
2167 3065 2294 3118 Filii
2349 3070 2408 3119 et
2461 3065 2710 3136 Spiritus
2767 3067 2956 3120 sancti
3005 3067 3351 3137 baptizatus,
3394 3083 3500 3138 per
3532 3066 3718 3137 bapti-

319 3149 409 3206 δια
443 3157 557 3208 τοῦ,
597 3154 972 3227 βαπτίσματος
1004 3155 1104 3221 τὴν
1148 3153 1312 3231 χάριν
1344 3157 1441 3208 τοῦ
1473 3153 1628 3227 ἁγίου
1660 3148 1947 3223 Πνεύματα

2090 3169 2272 3207 smum
2284 3154 2529 3225 gratiam
2547 3154 2799 3224 Spiritus
2812 3154 3002 3209 sancti
3024 3154 3718 3226 consecutus,adoptione

597 3207 621 3227 Γ
805 3207 816 3225 I
928 3207 971 3214 "
1061 3207 1070 3221 ι
1151 3207 1189 3231 Α,
1229 3207 1238 3224 ι
1519 3207 1530 3227 ι
1800 3207 1811 3223 ι

314 3240 615 3319 εἰληιξέναι,
674 3244 761 3297 xui
823 3243 1089 3305 υἱοθεσίας
1144 3244 1432 3312 ἠξιῶσθαι,
1477 3242 1567 3294 καὶ
1615 3242 1737 3306 καθ,
1770 3239 1942 3310 ὁμοίω

2091 3243 2157 3296 sit
2187 3242 2497 3314 dignatus;
2532 3249 2591 3297 et
2618 3244 2691 3298 ad
2739 3244 3191 3299 similitudinem
3241 3245 3416 3316 regia)
3447 3244 3719 3316 imaginis

321 3354 401 3387 σιν
440 3334 731 3408 βασιλικῆς
764 3335 970 3395 εἰκόνος
1030 3333 1106 3395 εἷς
1166 3334 1457 3406 πρόσωπον
1497 3336 1594 3387 τοῦ
1625 3335 1758 3386 Θεοῦ
1794 3332 1949 3404 Λόγοι

2094 3329 2345 3385 3hristus
2404 3331 2465 3385 in
2526 3348 2779 3401 persona
2826 3331 3003 3386 Verbi
3063 3332 3167 3387 Dei
3226 3332 3527 3397 adoratus,
3590 3336 3722 3403 post

324 3425 414 3477 τὸν
447 3425 677 3497 Χριστὸν
710 3426 1147 3498 προσκυνεῖσθαι,
1204 3423 1292 3477 xui
1357 3423 1490 3495 μετᾶ
1546 3424 1645 3488 την
1685 3419 1952 3474 ἁνάστασιπ

2090 3420 2577 3475 resurrectionem
2636 3421 2835 3475 animo
2893 3422 3188 3476 constanti
3246 3427 3304 3477 et
3343 3427 3718 3493 peccatorum

327 3510 589 3581 ἄτρεπτον
649 3518 768 3574 ταῖς
836 3512 1063 3574 ἐννοίαις
1123 3511 1213 3566 καὶ
1288 3510 1667 3585 ἀναμάρτητον
1747 3514 1955 3583 γεγενῆ-

2088 3526 2257 3564 vacuo
2306 3509 2504 3564 fuerit.
2563 3512 2856 3566 Prasterea
2905 3511 3309 3581 pronuntiavit
3366 3527 3494 3566 eam
3534 3510 3716 3567 fuisse

328 3606 469 3657 σθαι.
531 3603 627 3657 Καὶ
684 3605 819 3677 πρὸς
874 3603 1089 3664 τούτοις
1167 3603 1282 3658 εἷπε
1336 3602 1592 3671 τοιαύτην
1651 3600 1956 3674 γεγενῆσθαι

2089 3598 2252 3653 Verbi
2284 3616 2419 3653 cum
2443 3599 2673 3655 Christo
2704 3601 3197 3671 unitionem,quaa
3229 3605 3319 3654 est
3342 3600 3415 3655 ab
3437 3601 3717 3671 Apostolo

322 3693 424 3760 τὴν
454 3688 645 3745 ἕνωσιν
671 3697 769 3747 τοῦ
801 3696 935 3747 Θεοῦ
995 3692 1177 3764 Λόγου
1227 3691 1363 3765 πρὸς
1401 3691 1491 3745 τὸν
1520 3689 1747 3763 Χριστὸν
1782 3687 1950 3743 ὁποία

2092 3687 2237 3742 iicta
2286 3688 2393 3742 viri
2441 3705 2575 3743 cum
2631 3689 2930 3743 muliere:
2976 3691 3046 3742 Et
3093 3694 3266 3744 erunt
3321 3688 3436 3742 duo
3489 3689 3551 3743 in
3600 3706 3720 3746 una

324 3782 353 3834 ὁ
390 3780 726 3841 ’Λπόστολος
756 3778 856 3857 ἔφη
890 3781 1014 3853 περὶ
1067 3785 1165 3834 τοῦ
1196 3777 1387 3852 ἀνδρὸς
1443 3779 1534 3833 καὶ
1563 3786 1663 3846 τῆς
1693 3776 1944 3851 γυναικός

2092 3793 2274 3831 :arne.
2309 3776 2395 3830 Ad
2454 3777 2577 3831 hwc
2637 3793 2736 3831 vos
2782 3778 2988 3831 hortor
3035 3781 3102 3831 ut
3144 3778 3322 3831 etiam
3371 3778 3720 3834 examinetis

319 3876 579 3926 Ἴίσονται
611 3872 662 3925 οἱ
694 3869 790 3926 δύο
822 3871 900 3933 εἷς
943 3871 1113 3945 σάρκα
1172 3870 1321 3943 μίαν.
1352 3872 1470 3927 Ἒτι
1504 3868 1560 3925 δὲ
1590 3868 1946 3944 προτρέπομα

2093 3884 2209 3937 luas
2242 3884 2275 3921 a
2302 3868 2654 3923 Theodorito
2686 3873 2745 3922 et
2773 3868 2874 3922 lba
2912 3868 3062 3922 male
3095 3868 3316 3938 scripta
3347 3873 3484 3923 sunt
3515 3874 3721 3924 contra

324 3960 466 4031 ὑμᾶς
524 3958 758 4029 ἐξετάσαι
815 3962 905 4015 καὶ
961 3961 1030 4015 τὰ
1073 3964 1257 4023 κακῶς
1309 3961 1586 4038 γραφάντα
1641 3958 1785 4032 παρὰ
1842 3964 1952 4012 Θεο⁴

2090 3958 2241 4027 prius
2290 3959 2649 4028 Ephesinum
2697 3963 2965 4013 sanctum
3009 3957 3350 4027 concilium,
3398 3963 3718 4029 contraque

324 4046 580 4122 δωρδοξτου
647 4049 736 4103 καὶ
804 4044 923 4106 Ἴδα
985 4051 1124 4104 κατά
1180 4056 1280 4118 τῆς
1348 4048 1400 4103 ἐν
1471 4049 1679 4124 Ἐφέσῳ
1744 4048 1952 4120 πρώτῃ

1635 4069 1679 4115 ω
1744 4048 1968 4120 πρώτης
2077 4063 2177 4101 eos
2208 4046 2412 4101 eodem
2446 4046 2619 4100 modo
2651 4046 3010 4100 sententiam
3040 4046 3261 4101 feratis.

322 4138 481 4213 ἁγίας
540 4133 785 4206 συνόδου,
841 4137 929 4191 καὶ
990 4136 1198 4209 ὁμοίως
1255 4138 1320 4191 τὰ
1358 4137 1476 4191 κατ’
1535 4136 1701 4193 αὐτοῦ
1754 4137 1968 4210 ἀποφή-

318 4227 528 4280 νασθαι.

396 4314 499 4369 Καὶ
554 4317 726 4369 ταῦτα
783 4312 946 4368 πάλιν
1006 4314 1264 4374 ὡσαύτως
1324 4314 1375 4368 οἱ
1434 4317 1573 4377 θεῖοι
1607 4312 1834 4385 Πατέρες
1864 4332 1965 4366 πο-

2144 4317 2346 4370 Patres
2371 4316 2461 4371 his
2484 4332 2721 4372 rursum
2748 4323 3020 4373 accurate
3051 4317 3443 4372 consideratis
3468 4333 3710 4388 respon-

322 4400 869 4476 λυπραγμοντςσαντες
927 4403 1311 4472 ἀπεκρίθησαν.
1360 4405 1420 4458 Ἡ
1474 4402 1566 4473 μὲν
1626 4400 1680 4455 ἐν
1737 4399 1950 4470 Χαλκη

2088 4404 2305 4459 ierunt:
2324 4404 2805 4460 Chalcedonense
2818 4422 3051 4461 sacrum
3072 4404 3716 4461 conciliumTheodori-

323 4486 439 4544 δόνι
470 4492 584 4546 θεία
615 4488 838 4553 σύνοδος
872 4489 1228 4566 Θεοδωρήτου
1280 4491 1371 4546 καὶ
1426 4486 1548 4548 ’Ίϐα
1585 4490 1772 4546 πολλὰ
1801 4511 1951 4544 κατα-

2086 4510 2195 4547 nim
2220 4494 2447 4549 etlbam
2469 4495 2723 4566 graviter
2739 4496 2930 4551 verbis
2948 4497 3300 4551 insectatum
3314 4512 3433 4550 non
3452 4495 3714 4550 aliacon-

324 4574 570 4648 ϐοήσασα
600 4578 698 4633 οὐκ
735 4578 924 4641 ἄλλως
983 4580 1178 4644 αὐτοὺς
1235 4577 1469 4649 ἐδέξατο,
1502 4580 1551 4635 εἷ
1582 4581 1659 4654 μὴ
1705 4578 1952 4655 πρότεροι

2088 4583 2298 4638 iitione
2312 4584 2372 4638 in
2385 4585 2633 4656 gratiam
2646 4586 3075 4656 recepit,quam
3092 4590 3158 4640 ut
3170 4585 3333 4656 prius
3346 4601 3455 4639 sua
3474 4584 3716 4640 damna-

321 4665 704 4738 ἀνεθεμάτισαν
768 4667 833 4721 τὰ
902 4664 1016 4722 ἴδια
1092 4668 1306 4742 πονηρᾶ
1386 4669 1807 4744 συγγράμματα,
1874 4672 1949 4723 κα

2084 4670 2376 4725 rontmala
2409 4672 2627 4742 scripta
2657 4678 2715 4727 et
2743 4674 3113 4729 Theodorum
3139 4674 3573 4729 acNestorium.
3599 4675 3712 4729 Nos

322 4752 618 4829 Θεόδωρον,
675 4757 761 4810 καὶ
822 4757 1138 4831 Νεστόριον.
1196 4757 1386 4829 ἹΙμεῖς
1455 4754 1511 4811 δὲ
1574 4758 1950 4833 κατακρίνομει

2085 4775 2147 4812 ιιι
2157 4765 2271 4813 tem
2286 4767 2497 4830 praeter
2512 4762 2773 4832 reliquos
2788 4779 2997 4818 omnes
3008 4763 3317 4818 haereticos
3335 4762 3557 4819 adictis
3571 4778 3713 4833 qua-

320 4842 409 4896 xui
468 4843 933 4916 ἁναφεματίζομεν
980 4845 1117 4919 πρὸς
1172 4850 1290 4908 τοῖς
1345 4843 1538 4906 ἄλλοις
1593 4847 1787 4902 ἆπασιν
1824 4848 1948 4921 αἱρει

2088 4851 3045 4908 Luorsanctisconciliisdamnatos
3060 4858 3236 4922 atque
3248 4851 3716 4907 Ecclesiaexclu-

316 4937 512 4995 τικοῖς,
569 4938 680 4994 τοῖς
737 4936 1104 5007 κατακριθεῖσι
1158 4935 1247 4989 καὶ
1302 4934 1801 5006 ἀναθεματισθεῖσιν
1859 4936 1944 4991 ὑπί

2086 4939 2553 4998 sos.damnamus
2575 4943 2752 4996 etiam
2794 4947 2972 5012 atque
3006 4942 3430 5012 proscribimus
3454 4939 3714 4994 Theodo-

316 5025 425 5075 τῶν
477 5021 777 5095 εἰρημένων
816 5023 982 5097 ἁγίων
1024 5023 1296 5097 τεσσάρων
1366 5021 1627 5091 συνόδων,
1677 5026 1768 5080 καὶ
1827 5026 1944 5080 Θεό-

2080 5044 2203 5083 rum
2226 5030 2324 5099 qui
2349 5030 2459 5084 fuit
2480 5032 2845 5101 Mopsuestim
2882 5032 3214 5102 episcopus,
3238 5028 3708 5099 ejusqueimpios

318 5107 493 5185 δωρον
571 5112 854 5187 γενόμενον
923 5112 1212 5167 ἐπίσκοπον
1299 5116 1678 5188 Μοψουεστίας
1744 5115 1830 5170 xui
1895 5117 1946 5171 τέ

2083 5117 2275 5184 libros,
2308 5134 2541 5173 necnon
2592 5136 2660 5174 ea
2689 5136 2820 5189 qum
2869 5119 3259 5174 Theodoritus
3290 5118 3443 5173 male
3477 5117 3711 5187 scripsit

315 5194 548 5267 δυσσεϐῆ
619 5203 1019 5274 συγγράμματα
1081 5202 1270 5268 αὐτοῦ,
1336 5204 1425 5257 καὶ
1496 5203 1678 5275 μέντοι
1743 5206 1830 5260 καὶ
1894 5206 1943 5260 τὲ

2077 5213 2277 5261 contra
2324 5223 2515 5261 veram
2568 5208 2746 5262 fidem
2797 5214 2853 5262 et
2901 5208 3213 5263 duodecim
3262 5208 3449 5261 sancti
3504 5206 3705 5279 Cyrilli

311 5294 497 5351 κακῶς
543 5291 691 5362 παρὰ
739 5286 1094 5362 Θεοδωρῆτου
1146 5292 1521 5366 συγγραφέντα
1567 5294 1703 5348 κατά
1754 5315 1812 5347 τε
1861 5301 1939 5361 τῆς

2079 5296 2262 5365 capita
2292 5312 2360 5350 ac
2390 5296 2642 5366 primam
2694 5303 2959 5352 sanctam
3004 5297 3358 5367 Ephesinam
3393 5296 3707 5368 synodum,

302 5377 469 5451 ὀρθῆς
525 5377 758 5439 πίστεως
822 5381 913 5432 xui
973 5384 1083 5433 τῶν
1142 5375 1352 5434 δώδεκα
1408 5380 1718 5457 κεφαλαίων
1770 5382 1930 5436 τοῦέ

2084 5389 2129 5437 3t
2161 5401 2263 5453 pro
2290 5384 2636 5440 defensione
2694 5386 2981 5441 Theodori
3016 5402 3084 5440 ac
3112 5384 3384 5439 Nestorii.
3422 5387 3712 5442 Praeterea

306 5467 481 5540 ἁγίοις
543 5463 826 5540 Κυρίλλου
884 5467 974 5521 καὶ
1033 5474 1135 5536 τῆς
1195 5467 1246 5521 ὲν
1305 5470 1514 5547 Ἐφέσῳ
1557 5472 1781 5543 πρώτης
1811 5472 1934 5543 ίερᾶι

2070 5471 2422 5527 damnamus
2454 5473 2631 5528 etiam
2692 5475 2935 5544 impiam
2986 5474 3301 5545 epistolam
3352 5491 3531 5545 quam
3561 5476 3698 5532 671

308 5552 559 5621 συνόδου,
621 5555 710 5608 xui
766 5556 864 5609 ὅσα
922 5556 1051 5629 ὑπὲρ
1110 5560 1434 5629 συνηγορίας
1501 5556 1783 5632 Θεοδώρου
1866 5581 1934 5614 κα

2081 5562 2169 5619 [ba
2200 5564 2386 5617 fertur
2413 5563 2720 5634 scripsisse
2752 5564 2826 5619 ad
2858 5565 3040 5619 Marin
3075 5566 3340 5634 Persam,
3372 5582 3502 5637 quin
3534 5571 3709 5638 negat

306 5641 604 5716 Νεστορίου
670 5643 820 5713 αὐτῷ
892 5641 1211 5719 γέγραπται,
1270 5645 1411 5719 Ηρὸς
1487 5646 1702 5707 τούτοις
1768 5648 1934 5711 ἀναθει

2072 5651 2321 5707 Verbum
2356 5653 2458 5707 Dei
2490 5669 2559 5708 ex
2591 5659 2796 5709 sancta
2842 5654 3076 5726 Virgine
3122 5654 3366 5726 Deipara
3392 5655 3572 5711 Maria
3600 5656 3700 5709 in-
