4126 6296
425 337 540 401 ’131

1783 339 2102 402 GEORGII
2148 339 2482 405 CEDBENI

3722 347 3834 408 732
3855 335 3862 341 ’

427 479 735 530 carnatum
766 471 1072 528 hominem
1120 489 1250 528 esse
1289 473 1532 538 factum,
1567 477 1625 528 et
1661 473 1861 528 divum
1891 474 2073 546 Cyril-

2201 477 2486 549 εατίζομεν
2535 477 2624 532 καὶ
2681 479 2781 550 τήν
2837 473 3004 548 ἀσεϐῆ
3064 475 3363 550 ἐπιστολὴν
3397 479 3501 546 τήν
3531 475 3834 557 λεγομένην

429 564 554 620 lum
584 581 689 635 pro
749 561 1024 617 hmretico
1078 562 1370 628 traducit;
1429 579 1498 616 ac
1542 562 1792 633 primam
1827 563 2070 634 quidem

427 653 788 724 Ephesinam
819 667 1050 709 sacram
1082 651 1372 723 synodum
1405 651 1890 722 reprehendit,ut
1919 669 2069 724 qusi,

429 745 730 817 incognita
759 743 1304 810 causa,Nestorium
1337 742 1723 812 damnaverit,
1756 741 2070 798 duodecim

432 841 625 890 autem
651 833 911 904 capitula
950 831 1138 886 sancti
1163 831 1363 902 Cyrilli
1389 831 1684 902 conspuit,
1719 833 1984 887 Nestorio
2015 838 2074 888 et

431 923 735 979 Theodoro
754 937 1080 992 eorumque
1103 921 1305 992 impiis
1335 920 1570 991 scriptis
1601 926 1660 975 et
1689 921 2074 992 opinionibus

431 1013 852 1086 patrocinatur.
922 1011 1291 1082 Quapropter
1347 1009 1598 1064 eﬂrenes
1663 1010 2074 1066 hereticorum

434 1103 682 1157 istorum
709 1101 941 1170 linguas
991 1097 1463 1169 impiissimaque
1513 1099 1752 1167 scripta,
1797 1098 2076 1169 ipsosque

433 1191 508 1248 ad
539 1196 871 1244 extremum
907 1186 968 1240 in
993 1187 1162 1242 falsis
1201 1187 1324 1244 suis
1345 1186 1728 1258 opinionibus
1760 1203 1829 1242 ac
1850 1187 2078 1244 malitia

435 1281 902 1350 perseverantes,
963 1275 1186 1346 optimo
1235 1275 1370 1346 jure
1425 1275 1578 1346 patri
1627 1275 2076 1332 mendaciorum

437 1367 669 1422 diabolo
703 1369 1168 1421 annumerantes
1191 1363 1494 1420 dicemus:
1531 1363 1732 1418 Vadite
1768 1364 1827 1419 in
1852 1364 2078 1424 lumine

435 1457 588 1529 ignis
619 1455 816 1521 vestri,
851 1461 911 1510 et
939 1455 1002 1508 in
1037 1455 1278 1509 flamma
1307 1470 1486 1524 quam
1518 1454 1896 1525 concepistis.

2185 565 2326 640 παρὰ
2381 561 2499 624 Ἰϐα
2547 567 2843 646 γεγράφθαι
2901 569 3037 646 πρὸς
3095 569 3270 644 Μάριν
3325 569 3426 623 τὸν
3473 566 3833 640 Πέρσην,τήν

2181 653 2519 728 ἀρνουμένην
2547 655 2637 711 τὸν
2671 659 2802 712 Θεὸν
2861 657 3036 732 Λόγον
3095 655 3156 712 ἐκ
3204 663 3302 726 τῆς
3363 656 3527 732 ἁγίας
3562 656 3836 730 Παρθένου

2181 747 2283 809 τῆς
2337 746 2607 801 Θεοτόκσυ
2668 747 2878 822 Μαρίας
2940 747 3280 818 σαρκωθέντα
3337 743 3639 820 ἄνθρωπον
3687 766 3836 822 γεγε-

2181 835 2398 904 νῆσθαι,
2454 834 2545 888 καὶ
2600 835 2694 889 τὸν
2754 834 3031 899 θεσπέσιον
3095 833 3376 910 Κύριλλον
3435 834 3518 896 ὡς
3575 833 3838 909 αἱρετικὸν

2185 917 2615 992 διαϐάλλουσαν,
2671 925 2761 979 καὶ
2827 923 3183 1006 μεμφομένην
3249 925 3346 996 μὶν
3408 925 3516 993 τὴν
3557 923 3841 1001 ὲνἘιρέσφ

2183 1011 2407 1085 πρώτην
2456 1013 2610 1089 ἁγίαν
2661 1010 2882 1068 σύνοδον
2944 1013 3020 1074 ὡς
3075 1013 3256 1088 ’χωρὶς
3284 1015 3528 1090 κρίσεως
3557 1012 3648 1068 καὶ
3683 1015 3842 1084 ζητή-

2186 1119 2322 1162 σεως
2364 1101 2454 1156 τὸν
2511 1104 2806 1175 Νεστόριον
2865 1100 3221 1171 καθελοῦσαν,
3252 1103 3341 1158 καί
3372 1103 3446 1158 τὰ
3481 1103 3557 1176 ιβ’
3585 1100 3844 1179 κεφάλαια

2183 1193 2280 1243 τοῦ
2337 1190 2606 1266 μακαρίου
2665 1190 2947 1265 Κυρίλλου
2997 1188 3380 1261 διαπτύουσαν,
3435 1187 3762 1246 ἒκδικοῦσαν
3792 1187 3843 1246 δὶ

2185 1278 2483 1354 Νεστόριον
2541 1281 2629 1335 καὶ
2685 1277 2968 1356 Θεόδωρον
3045 1281 3136 1334 καὶ
3191 1281 3258 1336 τὰ
3335 1281 3616 1355 θεοστυγῆ
3677 1279 3841 1336 αὐτῶν

2187 1367 2587 1444 συγγράμματά
2651 1389 2708 1424 τε
2772 1369 2865 1425 καὶ
2931 1367 3196 1445 δόγματα.
3273 1369 3367 1424 Διὸ
3450 1369 3538 1442 [Ρ.
3583 1369 3707 1440 373]
3783 1367 3841 1440 δὴ

2183 1455 2366 1510 τοίνυν
2423 1457 2522 1520 τὰς
2582 1458 2680 1535 μὲν
2734 1461 2842 1513 τῶν
2901 1458 3186 1532 αἱρετικῶν
3244 1457 3459 1514 τούτων
3512 1456 3606 1513 καὶ
3637 1457 3843 1512 πάντων

437 1543 842 1618 ἀθυροστόμους
893 1540 1146 1615 γλώσσας
1206 1541 1295 1596 καὶ
1349 1541 1445 1604 τὰς
1499 1541 1706 1596 τούτων
1763 1537 2118 1606 ἀσεϐεστάτας
2173 1547 2510 1624 συγγραφὰς,
2571 1547 2764 1609 αύτούς
2815 1547 2874 1602 τε
2935 1548 3068 1608 τοὺς
3125 1544 3441 1622 αἱρετικοὺς
3497 1547 3628 1608 τοὺς
3684 1544 3840 1620 μέχρι

435 1633 626 1694 τέλους
656 1631 1017 1706 ἐμμείναντας
1045 1633 1115 1704 τῇ
1148 1629 1320 1701 οἰκείᾳ
1350 1629 1639 1702 κακοδοξίᾳ
1658 1631 1750 1687 καὶ
1781 1632 2037 1706 πονηρίᾳ,
2070 1636 2204 1705 μετὰ
2227 1636 2430 1710 πατρὸς
2452 1639 2549 1691 τοῦ
2570 1633 2802 1711 ψεύδους
2833 1636 3057 1697 εἰκότως
3079 1630 3343 1692 διαϐόλου
3371 1637 3839 1711 συναριθμοῦντες,

437 1722 686 1798 ἐροῦμεν·
722 1721 1019 1795 Πορεύεσθε
1047 1726 1127 1792 τῷ
1157 1725 1296 1797 φωτί
1325 1726 1422 1776 τοῦ
1450 1723 1622 1788 πυρὸς
1654 1721 1808 1792 ὑμῶν
1842 1721 1928 1777 καὶ
1959 1725 2028 1796 τῇ
2059 1722 2221 1798 φλογὶ
2255 1726 2293 1795 ᾗ
2323 1723 2658 1795 ἐξεκαύσατε.

511 1817 591 1870 Ea
603 1818 953 1885 tempestate
970 1812 1483 1884 Constantinopoli
1507 1812 1668 1868 dives
1689 1813 1934 1883 quidam
1949 1829 2083 1870 cum
2119 1817 2162 1882 Β

440 1906 751 1973 aegrotaret
781 1906 840 1956 et
880 1906 1127 1957 mortem
1159 1900 1421 1964 timeret,
1453 1902 1522 1954 30
1552 1899 1732 1954 libras
1763 1901 1991 1972 argenti
2023 1901 2086 1956 in

441 2007 732 2062 pauperes
763 1991 1040 2062 erogavit.
1077 1989 1402 2045 Restitutus
1445 1995 1644 2045 autem
1679 1995 1894 2061 praeter
1922 2007 2090 2062 spem

441 2097 608 2136 suam
642 2079 811 2136 boum
869 2079 1216 2146 valetudini,
1244 2077 1452 2134 fraude
1504 2079 1723 2136 diaboli
1775 2095 1844 2135 eo
1884 2085 1974 2135 est
2003 2081 2089 2134 in-

441 2171 652 2225 ductus
708 2173 773 2222 ut
829 2167 966 2225 facti
1025 2167 1156 2237 ejus
1214 2167 1409 2238 ipsum
1469 2169 1802 2238 paeniteret,
1859 2169 2088 2239 hocque

441 2258 680 2314 cuidam
712 2255 873 2311 ﬁdeli
904 2272 971 2310 ac
1001 2255 1169 2310 diviti
1203 2272 1309 2310 suo
1360 2257 1551 2310 amico
1583 2257 1860 2327 aperiret.
1894 2259 2092 2312 Monet
2131 2272 2144 2278 ‘

440 2347 552 2402 iste
571 2343 874 2400 hominem
899 2360 971 2398 ne
989 2344 1125 2398 huic
1145 2345 1314 2398 malua
1341 2345 1705 2400 assentiatur
1726 2345 2086 2417 cogitationi,

445 2436 751 2504 Deumque
783 2433 993 2498 irritet,
1028 2433 1129 2502 qui
1181 2449 1316 2486 eum
1348 2438 1590 2504 propter
1620 2433 1792 2488 istam
1827 2435 2092 2506 largitio-

446 2540 584 2578 nem
615 2522 930 2576 miseratus
959 2522 1213 2576 sanitate
1245 2521 1588 2577 donaverit:
1623 2523 1846 2593 alioqui
1877 2524 2002 2578 fore
2027 2528 2094 2582 ut

449 2613 646 2668 subita
658 2617 846 2666 morte
868 2610 1132 2665 nondum
1154 2616 1379 2666 mutato
1404 2611 1555 2665 facto
1576 2613 1948 2682 pereat.Cum
1970 2629 2092 2670 non

449 2707 785 2758 moveretur
815 2700 938 2768 ille,
972 2699 1076 2755 sed
1130 2701 1316 2772 magis
1349 2701 1651 2772 magisque
1685 2701 2091 2773 quiritaretur,

449 2793 712 2849 amicus:
764 2791 1031 2858 Quando,
1063 2790 1280 2862 inquit,
1331 2791 1588 2847 salutare
1621 2793 1939 2848 consilium
1971 2810 2090 2848 non

446 2881 706 2950 admitis,
739 2881 902 2936 aliud
949 2879 1053 2934 tibi
1087 2880 1419 2949 subjiciam.
1454 2881 1724 2936 Poscenti
1769 2881 1900 2948 hoc,
1936 2885 2090 2940 οη

447 2988 580 3026 vere
603 2970 941 3026 misericors
965 2969 1064 3024 ille
1091 2986 1104 3024 :
1135 2969 1423 3042 Agedum,
1449 2971 1550 3038 ait,
1575 2971 1638 3024 in
1663 2971 1950 3043 templum
1973 2972 2091 3040 abi,

449 3068 508 3118 et
531 3077 650 3115 non
679 3065 756 3129 te,
789 3076 991 3114 verum
1025 3075 1118 3114 me
1151 3060 1325 3114 istam
1365 3060 1428 3114 in
1459 3076 1748 3130 pauperes
1780 3060 2092 3132 elargitum

447 3153 629 3208 fuisse
682 3151 997 3222 pecuniam
1048 3149 1246 3204 dicito.
1279 3152 1410 3221 Ipse
1459 3150 1565 3204 tibi
1616 3150 1814 3204 statim
1859 3153 1927 3205 30
1957 3151 2091 3206 illas

446 3241 628 3298 libras
651 3239 1314 3294 reddam.Consentiens
1338 3239 1541 3294 infelix
1563 3239 1662 3293 ille
1695 3239 1769 3294 ad
1801 3239 2090 3310 templum

447 3329 612 3392 abiit,
666 3343 929 3396 auroque
987 3333 1227 3396 accepto
1285 3327 1365 3380 ita
1418 3327 1502 3380 uti
1549 3327 1700 3381 alter
1729 3331 2092 3398 praeceperat

447 3419 682 3472 locutus
696 3421 812 3481 est;
829 3414 966 3468 inde
989 3413 1296 3484 egrediens
1322 3414 1394 3468 ad
1421 3415 1610 3484 ipsam
1637 3415 1837 3486 templi
1863 3422 2092 3486 portam

451 3511 721 3564 mortuus
767 3504 1045 3560 concidit.
1079 3503 1322 3559 Clericis
1375 3503 1449 3558 ad
1481 3505 1564 3558 rei
1618 3505 1941 3560 novitatem
1971 3511 2094 3560 stu-

453 3595 730 3670 pentibus
759 3595 1154 3664 omnibusque
1206 3593 1338 3648 aliis
1362 3594 1462 3664 qui
1493 3599 1614 3648 tum
1645 3593 1793 3648 forte
1825 3593 2093 3664 aderant,

442 3687 794 3760 jubentibus
823 3686 1076 3740 alterum
1110 3684 1423 3756 pecuniam
1469 3684 1734 3756 recipere
1769 3699 1958 3749 suam,
1991 3685 2094 3740 ille

451 3793 571 3833 non
603 3773 1158 3846 obtemperavit,sed
1184 3790 1420 3828 omnem
1446 3773 1603 3828 inter
1633 3789 1848 3845 egenos
1877 3774 2094 3845 divisit,

452 3865 609 3938 quod
666 3865 890 3921 diceret
947 3865 1133 3921 Deum
1193 3879 1314 3917 non
1371 3863 1492 3934 pati
1525 3879 1764 3917 sannas.
1800 3863 2098 3920 Promissa

457 3958 618 4012 enim
649 3957 766 4010 Deo
799 3971 919 4009 non
949 3959 1178 4008 tantum
1210 3953 1542 4024 pecuniam,
1577 3952 1679 4008 sed
1712 3951 1888 4008 verba
1917 3952 2096 4007 etiam

454 4045 936 4114 voluntatemque
987 4043 1252 4112 obligant
1293 4059 1307 4109 ;
1340 4049 1399 4098 et
1449 4041 1735 4114 quidquid
1769 4042 1946 4096 homo
1979 4043 2096 4095 Deo

456 4133 760 4206 pollicitus
817 4132 1014 4198 fuerit,
1056 4131 1116 4186 id
1173 4137 1455 4202 praestare
1509 4148 1656 4203 opus
1708 4130 1906 4198 habet,
1939 4130 2098 4202 virgo

455 4223 876 4296 virginitatem,
908 4222 1224 4276 continens
1265 4221 1713 4280 continentiam.
1749 4220 1848 4290 qui
1879 4219 1941 4274 in
1973 4235 2098 4274 ma~

457 4314 734 4368 trimonio
767 4313 985 4378 vivunt,
1017 4311 1364 4382 pudicitiam
1413 4315 1808 4380 mutuumque
1835 4323 2100 4364 amorem

458 4409 516 4458 et
544 4405 855 4468 honorem,
888 4400 1145 4470 denique
1178 4415 1384 4453 omnes
1416 4399 1596 4454 fidem
1627 4399 1746 4453 Deo
1780 4402 1838 4452 et
1866 4397 2099 4468 religio-

456 4509 595 4546 nem
628 4497 686 4547 et
706 4491 1004 4561 justitiam
1035 4493 1096 4542 et
1123 4488 1556 4542 fortitudinem.

2265 1815 2353 1871 'Ev
2411 1815 2630 1876 τούτοις
2685 1818 2804 1877 τοῖς
2857 1811 2995 1870 ἔτεσι
3049 1812 3319 1877 πλούσιός
3344 1834 3433 1876 τις
3464 1812 3520 1868 ἐν
3565 1819 3837 1870 Κωνσταν-

2197 1923 2346 1957 τινου
2399 1901 2559 1958 πόλει
2629 1906 2860 1974 νοσήσας
2939 1904 3028 1959 καὶ
3118 1904 3212 1958 τὸν
3278 1904 3515 1966 θάνατον
3582 1899 3843 1963 δειλιάσας

2199 1985 2369 2047 ἔδωκε
2423 1997 2544 2054 τοῖς
2601 1993 2797 2064 πένησι
2853 1991 3086 2069 χρυσίου
3147 1991 3334 2067 λίτρας
3396 1991 3711 2066 τριάκοντα,
3753 1991 3845 2046 Καὶ

2199 2083 2346 2156 παρὰ
2373 2079 2703 2156 προσδοκίαν
2764 2082 2980 2156 ὑγιάνας
3035 2081 3125 2136 καὶ
3185 2079 3604 2154 μεταμεληθεὶς
3655 2079 3712 2134 ἐκ
3740 2077 3849 2134 δια-

2200 2165 2433 2238 ϐολικῆς
2493 2169 2703 2240 ἀπάτης
2763 2168 2947 2244 θαρρεί
2999 2173 3160 2224 τοῦτο
3209 2168 3428 2242 γνησίῳ
3467 2169 3560 2224 καὶ
3609 2167 3844 2240 πλουσίῳ

2199 2260 2348 2336 φίλῳ
2377 2257 2562 2316 αὐτοῦ.
2596 2260 2656 2316 ’0
2687 2258 2746 2314 δὶ
2775 2257 2919 2334 λίγει
2960 2261 3132 2332 αὐτῷ*
3167 2257 3478 2332 Μηδαμῶς,
3513 2257 3560 2313 ὦ
3590 2257 3840 2332 ἄνθρωπε,

2200 2345 2470 2422 παραδέξῃ
2521 2347 2614 2402 τὸν
2672 2348 2916 2418 πονηρὸν
2970 2351 3162 2402 τοῦτον
3221 2345 3644 2422 λογισμὸν,καῖ
3675 2345 3839 2417 λυπή-

2200 2457 2310 2499 σεις
2368 2437 2496 2491 Θεὸν
2559 2436 2651 2492 τὸν
2719 2433 3020 2507 ἐλεήσαντά
3084 2457 3140 2492 σε
3203 2436 3292 2492 καὶ
3359 2435 3736 2506 ἀναστήσαντα
3763 2433 3838 2488 διὰ

2198 2527 2296 2595 τήν
2327 2525 2694 2600 ἐλεημοσύνην
2735 2547 2852 2598 σου,
2909 2529 2997 2581 καὶ
3057 2526 3237 2598 ἐπάξει
3294 2548 3382 2582 σοι
3426 2527 3651 2583 θάνατον
3679 2525 3837 2603 αἰφνί-

2203 2614 2340 2680 διον,
2399 2615 2490 2670 καὶ
2545 2615 2788 2692 ἀπέλθῃς
2846 2616 3232 2689 ἀμετανόητος.
3284 2619 3396 2672 Τοῦ
3451 2613 3509 2670 δὲ
3563 2617 3636 2690 μή
3669 2625 3836 2676 πειθο-

2206 2702 2392 2779 μένου,
2421 2703 2565 2760 ἀλλᾶ
2593 2705 2684 2759 καὶ
2747 2701 2962 2778 μᾶλλον
3017 2701 3549 2772 ἀποδυσπετοῦντος,
3590 2698 3686 2783 ἔφη
3717 2701 3832 2776 πρὸς

2202 2793 2364 2849 αὐτὸν
2423 2795 2451 2848 6
2508 2791 2690 2871 φίλος.
2748 2793 2900 2850 Ἐπεὶ
2956 2789 3439 2866 συμϐουλεύοντός
3493 2813 3599 2865 μου
3627 2792 3689 2846 τὰ
3715 2790 3828 2862 πρὸς

2203 2883 2478 2958 σωτηρίαν
2511 2881 2572 2937 ού
2603 2879 2904 2957 καταδέχῄ,
2965 2881 3101 2936 εἶ’πω
3159 2901 3243 2936 σοι
3303 2881 3495 2956 ἑτέραν
3531 2879 3743 2958 βουλήν.
3773 2878 3818 2933 Ὁ

2205 2969 2262 3027 δέ
2319 2993 2473 3049 φησι,
2533 2972 2700 3028 Ποίαν
2754 2971 3000 3042 ταύτην;
3078 2969 3177 3026 Καὶ
3232 2971 3261 3026 6
3315 2969 3542 3042 ἀληθὴς
3604 2968 3814 3038 ἐλεήμων

2203 3060 2549 3136 ἀπεκρίνατο·
2581 3063 2746 3135 Δεῦρο
2798 3057 2878 3121 εἷς
2935 3060 3038 3132 τηρ
3099 3057 3421 3131 ἐκκλησίαν,
3455 3060 3545 3115 καὶ
3580 3052 3710 3113 είπέο
3737 3051 3828 3110 Οὔκ

2122 3177 2164 3242 C
2203 3149 2316 3224 είμῖ
2524 3149 2798 3242 Iidem-6
2849 3150 3086 3242 ποιήσας
3139 3148 3238 3242 την
3295 3147 3682 3242 ἐλεημοσύνην
3708 3142 3828 3198 ἐκει·

2199 3260 2317 3310 νην,
2349 3237 2479 3294 ἀλλ’
2509 3237 2668 3299 οὗτός
2725 3236 2859 3306 ἐστι,
2913 3237 3003 3292 καὶ
3061 3235 3274 3312 παρέξω
3317 3257 3405 3290 σοι
3437 3237 3538 3298 τὰς
3569 3235 3830 3310 τριάκοντα

2201 3328 2390 3401 λίτρας
2422 3326 2640 3391 εὐθέως.
2697 3327 2758 3384 Ὁ
2816 3323 2874 3380 δὲ
2925 3323 3278 3400 ταλαίπωρος
3327 3325 3540 3386 ἐκεῖνος
3573 3323 3832 3398 ἅνθρωπος

2203 3415 2520 3489 συνθέμενος
2565 3419 2728 3470 τοῦτο
2777 3415 2868 3468 καὶ
2916 3415 3053 3482 πρὸς
3103 3413 3203 3482 τὴν
3256 3411 3558 3484 ἐκκλησίαν
3587 3407 3835 3475 ἀπελθὼν,

2199 3506 2264 3560 τὸ
2295 3503 2524 3580 χρυσίον
2555 3502 2609 3558 ἐν
2638 3502 2795 3580 χερσὶ
2843 3497 3026 3558 λαϐὼν
3085 3501 3174 3557 καὶ
3229 3503 3322 3558 τὸν
3378 3502 3554 3577 λόγον
3586 3499 3760 3565 εἰπὼν,
3787 3494 3832 3550 ἐν

2201 3599 2281 3666 τῷ
2333 3593 2644 3668 ἐξέρχεσθαι
2701 3591 2863 3647 αὐτὸν
2925 3591 3101 3646 πεσὼν
3158 3591 3304 3666 παρὰ
3358 3593 3463 3662 τὴν
3522 3589 3697 3658 πύλην
3745 3589 3831 3652 τῆς

2205 3681 2498 3753 ἐκκλησίας
2529 3681 2779 3737 ἀπέθανε*
2838 3685 2954 3736 Τῶν
3013 3679 3300 3753 κληρικῶν
3357 3677 3418 3735 δὲ
3467 3677 3824 3754 ἐκπλαγέντων

2202 3772 2294 3827 καὶ
2351 3771 2566 3826 πάντῶν
2623 3773 2730 3824 τῶν
2790 3765 3136 3844 εὑρεθέντων,
3193 3771 3597 3844 προετρέποντο
3633 3767 3718 3821 τὸν
3743 3762 3828 3817 κύ-

2208 3879 2319 3934 ριον
2350 3863 2459 3913 τῶν
2501 3857 2856 3930 νομισμάτων
2913 3849 3099 3910 λαϐεῖν
3147 3854 3302 3911 αὐτά.
3349 3855 3415 3912 Ὁ
3465 3852 3524 3910 δὲ
3571 3854 3674 3908 οὐκ
3699 3848 3829 3906 ἐπεί-

2207 3961 2331 4018 σθη,
2363 3947 2508 4002 ἀλλὰ
2561 3949 2679 4006 τοῖς
2726 3949 2980 4020 πτωχοῖς
3031 3947 3200 3998 ταῦτα
3248 3940 3517 4018 διένειμεν
3567 3941 3745 3997 εἰπών·
3773 3938 3827 3992 Ὀ

2208 4039 2336 4099 Θεὸς
2397 4037 2460 4091 οὗ
2519 4033 2925 4109 μυκτηρίζεται.
3020 4033 3087 4090 Ἡ
3175 4031 3278 4108 γὰρ
3359 4035 3503 4107 πρὸς
3576 4032 3665 4086 τὸν
3719 4025 3832 4083 Θεὸν

2209 4123 2506 4203 ἐπαγγελία
2533 4123 2595 4178 ού
2649 4125 2814 4197 μόνον
2873 4119 3008 4197 ἄχρι
3058 4121 3365 4198 χρημάτων
3397 4121 3547 4178 ἀλλὰ
3567 4120 3654 4177 καί
3683 4117 3830 4192 μίχρι

2209 4216 2381 4293 λόγου
2413 4215 2594 4292 φθάνει
2633 4212 2722 4267 καὶ
2781 4211 3166 4286 προαιρέσεως.
3223 4209 3459 4288 Ἀνάγκη
3491 4209 3664 4266 τοίνυν
3715 4207 3834 4261 ἀπο-

2211 4303 2417 4360 διδόναι
2448 4303 2650 4364 πάντας
2703 4301 2773 4356 τὰ
2822 4295 3196 4375 ἐπηγγελμένα
3253 4301 3390 4374 πρὸς
3446 4301 3594 4367 θεὸν,
3629 4297 3722 4365 τήν
3751 4293 3830 4366 μὲν

2209 4391 2471 4467 παρθένον
2532 4391 2636 4460 τήν
2718 4389 3028 4464 παρθενίαν,
3104 4391 3202 4458 τήν
3297 4385 3352 4443 δὲ
3451 4391 3688 4462 ἓγκρατῆ
3744 4383 3830 4448 τὴν

2135 4469 2178 4533 D
2211 4479 2539 4557 ἐγκράτειαν,
2584 4478 2716 4541 τοὺς
2775 4478 2828 4533 ἐν
2885 4477 3048 4554 γάμῳ
3102 4478 3203 4546 τήν
3257 4478 3610 4556 σωφροσύνην
3639 4471 3720 4529 καὶ
3747 4470 3832 4557 τήν

457 4579 592 4652 πρὸς
623 4553 907 4647 ἀλλήλους
938 4576 1104 4649 τιμὴν
1135 4573 1227 4630 καὶ
1259 4575 1499 4651 ἀγάπην,
1531 4573 1620 4630 καὶ
1651 4573 1808 4638 τέλος
1839 4573 2040 4634 πάντας
2087 4572 2186 4641 τὴν
2245 4553 2325 4634 είς
2381 4569 2508 4623 θεὸν
2559 4568 2760 4634 πίστιν,
2791 4565 2880 4620 καὶ
2902 4553 3219 4636 εὐλάϐειαν,
3252 4553 3732 4633 καὶίδικαιοσύνην,
3755 4553 3832 4613 καί

456 4665 695 4721 ἀνδρίαν,

525 4685 552 4720 ο
593 4685 695 4720 ιαν.

525 4685 899 4812 Aplexandrim
912 4771 1086 4826 porro
1102 4753 1238 4809 talis
1261 4771 1356 4809 res
1378 4753 1947 4824 accidit.Episcopus
1965 4751 2100 4820 qui-

457 4847 592 4903 dam
634 4843 952 4901 admodum
993 4843 1306 4914 religiosus
1335 4841 1594 4896 vicinum
1618 4840 1874 4895 habebat
1903 4854 2104 4910 quem-

454 4939 588 4995 dam
623 4935 1066 5009 philosophum.
1097 4933 1406 5004 Evagrium
1451 4931 1715 4998 nomine,
1750 4931 1964 4984 Greece:
1995 4945 2101 4982 su-

453 5021 1316 5102 perstitioniaddictum,quiin
1349 5020 1552 5076 schola
1581 5019 1802 5075 sodalis
1825 5019 2102 5090 episcopo

452 5121 666 5176 fuerat.
703 5117 869 5172 Hunc
927 5113 1240 5186 episcopus
1298 5127 1332 5164 a
1385 5125 1604 5164 vesano
1661 5109 1944 5164 falsorum
1999 5123 2105 5162 nu-

457 5211 688 5264 minum
720 5206 883 5262 cultu
915 5202 989 5259 ad
1020 5203 1198 5257 ﬁdem
1239 5199 1634 5255 Christianam
1669 5197 1977 5253 traducere
2007 5213 2106 5252 cu-

454 5300 624 5370 piens
642 5295 968 5352 identidem
989 5289 1626 5364 provocabat.cumque
1649 5305 1716 5344 eo
1739 5286 2100 5359 disputabat.

457 5387 568 5441 Sed
596 5385 990 5458 philosophus
1036 5397 1232 5452 neque
1284 5378 1646 5437 concedebat
1673 5384 1731 5434 et
1761 5377 1949 5450 magis
1982 5393 2104 5431 ma-

455 5473 660 5545 gisque
689 5488 844 5526 verae
891 5471 1166 5542 religioni
1219 5469 1487 5524 infensus
1536 5466 1914 5522 reddebatur.
1943 5465 2103 5530 Quo-

460 5561 595 5616 dam
613 5561 708 5616 die
739 5560 927 5614 fertur
955 5559 1302 5630 episcopum
1333 5557 1395 5611 in
1425 5557 1552 5612 haec
1571 5555 1748 5610 verba
1768 5555 2099 5610 allocutus:

459 5651 611 5706 078
644 5646 935 5714 Proiecto,
968 5648 1266 5718 episcopo,
1294 5651 1512 5717 praeter
1559 5645 1679 5700 alia
1727 5650 1784 5698 et
1813 5643 1926 5698 hoc
1953 5641 2103 5697 mihi

2283 4746 2383 4804 Καὶ
2417 4745 2468 4802 ἄν
2499 4739 2874 4820 Ἀλεξανδρείᾳ
2923 4741 2980 4798 δέ
3032 4742 3238 4820 ἐγένετό
3296 4763 3349 4800 τι
3399 4747 3665 4799 τοιοῦτον.
3697 4732 3831 4794 Ἐπί-

2215 4833 2416 4896 σκοπός
2445 4853 2530 4895 τις
2555 4827 2794 4900 εὐλαϐὴς
2821 4834 2957 4886 πάνυ
2987 4827 3230 4900 πλησίου
3288 4824 3434 4906 ἔχων
3465 4831 3585 4886 τινα
3613 4824 3826 4905 φιλόσο-

2215 4943 2312 5000 φον
2375 4923 2638 4997 Εύάγριον
2695 4917 3054 4991 καλούμενον,
3110 4919 3324 4992 ἑταῖρον
3384 4919 3476 4992 μὶν
3509 4917 3670 4973 αὐτοῦ
3696 4907 3830 4986 γενό-

2218 5031 2374 5083 μενον
2434 5008 2488 5066 ἐν
2543 5015 2660 5070 τοῖς
2719 5005 3141 5082 παιδευτηρίοις,
3190 5005 3443 5078 Ἕλληνα
3499 5005 3554 5060 δὲ
3590 5004 3684 5070 τήν
3723 5001 3834 5070 θρη-

2215 5103 2420 5166 σκείαν,
2479 5099 2537 5154 δν
2593 5100 2622 5154 6
2675 5097 2969 5158 ἐπίσκοπος
3033 5098 3340 5167 μεταθεῖναι
3411 5093 3735 5173 βουλόμενος
3784 5083 3832 5137 ἐκ

2211 5198 2312 5260 τῆς
2343 5187 2736 5264 εἶδωλομανίας
2791 5185 2928 5260 πρὸς
2983 5188 3082 5256 τὴν
3117 5189 3216 5240 τοῦ
3264 5187 3498 5260 Χριστοῦ
3527 5182 3696 5238 πίστιν
3721 5194 3832 5230 συν-

2216 5283 2363 5354 εχῶς
2418 5275 2812 5352 προσεκαλεῖτο
2865 5275 2956 5330 καὶ
3011 5271 3311 5349 διελέγετο.
3371 5275 3481 5330 Τοῦ
3537 5271 3593 5326 δὶ
3625 5267 3828 5354 μὴγπει-

2215 5351 2470 5440 θονμὲνου,
2523 5363 2670 5421 ἀλλὰ
2723 5363 2813 5418 καὶ
2874 5359 3124 5439 σφοδρῶς
3182 5359 3652 5436 δυσχεραίνοντος,
3685 5351 3831 5408 εἰπεῖν

2215 5455 2426 5532 λέγεται
2476 5455 2528 5510 ἐν
2592 5457 2688 5527 μιᾷ
2742 5453 2882 5528 πρὸς
2938 5450 3030 5507 τὸν
3089 5447 3402 5505 ἐπίσκοπον·
3460 5451 3675 5532 Ὄντως,
3705 5453 3832 5532 κυριι

2213 5544 2492 5614 ἐπίσκοπε,
2539 5543 2624 5616 [Ρ.
2660 5542 2787 5614 384]
2835 5541 2922 5594 καὶ
2979 5541 3140 5593 τοῦτο
3201 5537 3336 5610 μετὰ
3385 5539 3592 5594 πάντων
3656 5525 3832 5616 ἀπαρξ-

2213 5653 2328 5690 σκει
2389 5609 2504 5708 μοί,
2536 5609 2566 5687 ’ὸ
2597 5609 2786 5708 λέγετε
2841 5629 2898 5683 οἱ
2953 5609 3296 5703 Χριστιανοὶ,
3346 5629 3431 5684 ὃτι
3461 5619 3721 5682 συντέλεια
3743 5609 3826 5667 τοῦ
