4126 6296
338 360 465 424 733

1462 355 1826 419 HISTORIA
1838 353 2003 417 RUM
2050 351 2599 421 GOMPENDIUM.

3640 361 3761 422 ’734

342 493 563 566 κόσμου
621 493 855 568 γίνεται,
913 490 1003 546 καὶ
1056 495 1162 547 τῶν
1223 489 1489 563 σωμάτων
1548 487 1854 559 ἀνάστασις,
1905 484 1997 541 καὶ

2112 487 2501 561 improbatur,
2535 492 2693 563 quod
2722 493 2924 551 mundi
2956 495 3136 554 finem
3166 495 3292 554 fore
3313 513 3412 552 vos
3444 495 3761 553 Christiani

347 578 707 642 ἀνταπόδοσις
736 586 845 635 τῶν
908 575 1283 654 βεϐιωμένων,
1340 579 1431 635 καὶ
1483 577 1566 632 ὅτι
1599 577 1818 633 ὁέλεῶν
1869 596 2015 629 πτω-

355 674 461 748 χὸν
493 673 615 743 Οεῷ
647 668 875 741 δανείζει
928 669 1018 725 καὶ
1078 668 1611 725 ἑκατονταπλασίονα
1670 668 1805 740 μετά
1864 672 2010 736 ζωῆς

347 760 573 815 αἰωνίου
605 758 973 832 ἀπολήψεται.
1030 759 1130 814 Καὶ
1187 763 1283 813 τοῦ
1322 755 1620 815 ἐπισκόπου
1668 751 2006 812 διαϐεϐαιουο

355 850 522 923 μένου
557 847 727 922 μηδὲν
757 845 952 923 ψεῦδος
982 846 1017 917 ἢ
1049 847 1257 922 χλεύην
1318 847 1369 901 ἐν
1428 851 1543 908 τοῖς
1595 850 1702 901 τῶν
1752 851 2007 921 Χριστια-

351 944 462 993 νῶν
520 937 656 991 εἶναι
711 934 1006 1012 δόγμασιν,
1064 936 1411 1011 ἀνεχώρησεν
1480 935 1748 1010 Εὗάγριος
1788 932 2005 1001 πολλὴν

352 1024 499 1101 ἔχων
556 1028 852 1095 συζήττβιν
923 1024 973 1081 ἐν
1039 1025 1228 1097 ἑαυτῷ.
1288 1024 1439 1081 Μετά
1491 1021 1550 1080 δὲ
1602 1045 1724 1080 τινα
1783 1024 2004 1098 χρόνον,

357 1120 491 1172 Θεοῦ
548 1120 927 1190 συνεργοῦντος
986 1119 1054 1188 τῇ
1137 1119 1235 1171 τοῦ
1303 1113 1599 1171 ἐπισκόπου
1660 1111 2002 1185 διδασκαλίᾳ,

357 1204 647 1267 πιστεύσας
679 1205 707 1258 6
747 1203 1051 1284 φιλόσοφος
1107 1199 1426 1273 ἐϐαπτίσθη·
1481 1203 1539 1268 ὅς
1588 1202 1777 1259 αὐτίκα
1826 1222 2002 1275 παρα-

356 1294 511 1372 σχὼν
545 1298 624 1365 τῷ
681 1292 962 1365 ἐπισκόπει)
1022 1294 1255 1367 χρυσίου
1311 1292 1499 1367 λίτρας
1548 1290 1861 1367 τριακοσίας
1915 1291 2003 1365 (ἦν

349 1385 454 1459 γάρ
485 1380 749 1443 πλούσιος
782 1380 1009 1461 σφόδρα)
1044 1382 1213 1458 λέγει·
1249 1383 1398 1451 Δέξαι
1429 1386 1615 1443 ταῦτα.
1649 1382 1693 1436 ὧ
1716 1379 2001 1447 ὶπίσκοπε,

345 1475 440 1527 καί
501 1468 725 1532 διαδοὺς
818 1477 1067 1546 πτωχοῖς
1119 1471 1350 1539 ποίησόν
1412 1492 1508 1545 μοι
1561 1468 1860 1545 ἷδιόχειρον
1917 1471 1999 1523 δτι

355 1560 614 1633 λήψομαι
647 1560 781 1615 αῦτά
827 1561 971 1635 ποιρά
1026 1564 1122 1616 τοῦ
1163 1564 1316 1619 Θεοῦ.
1367 1563 1477 1617 Τοῦ
1530 1557 1587 1617 δὲ
1642 1565 1805 1616 ταῦτα
1859 1558 2006 1631 δεξα*

353 1650 522 1725 μένου
553 1650 858 1725 προθύμως
899 1650 987 1704 καὶ
1017 1651 1081 1706 τὸ
1110 1653 1343 1727 γράμμα
1371 1652 1727 1719 ποιήσαντος,
1779 1648 1997 1722 διεδόοη

350 1740 478 1815 παρ’
505 1738 670 1794 αὐτοῦ
700 1745 814 1803 τοῖς
866 1740 1055 1810 πένησι
1121 1741 1313 1797 πάντα.
1376 1742 1662 1814 Ἐριζήσας
1716 1740 1808 1794 οὖν
1866 1742 2000 1815 χρό-

2114 577 2331 641 dicitis,
2355 596 2603 651 corpora
2634 591 3039 640 resurrectura
3061 586 3131 642 de
3152 587 3403 642 mortuis
3424 592 3483 641 et
3502 602 3608 658 pro
3630 591 3762 643 acta.

2110 667 2228 724 vita
2257 668 2471 741 cuique
2504 672 2835 727 mercedem
2868 674 3167 731 redditum
3200 676 3291 734 iri.
3316 677 3465 732 Tum
3494 676 3594 748 qui
3618 692 3760 746 pau-

2112 758 2238 829 peri
2270 758 2680 817 misericordia
2708 768 2902 819 motus
2933 762 3239 836 largiatur,
3273 781 3407 820 eum
3440 781 3548 822 sua
3602 765 3760 836 apud

2110 847 2294 901 Deum
2318 846 2379 900 in
2399 846 2592 901 favore
2622 866 2863 919 ponere.
2894 859 3389 926 recepturumque
3412 854 3760 926 centuplum

2110 952 2244 992 cum
2275 936 2392 994 vita
2421 940 2659 993 mterna.
2691 939 2978 1011 Episcopo
3003 940 3151 997 nihil
3176 942 3451 998 vanitatis
3479 948 3582 997 aut
3606 942 3757 998 ludi-

2108 1021 2222 1077 brii
2254 1022 2448 1079 inesse
2481 1023 2829 1080 Christianae
2862 1026 3147 1082 doctrinae
3180 1045 3557 1099 summopere
3588 1029 3755 1084 affir-

2110 1117 2331 1178 mante,
2365 1112 2447 1167 ita
2477 1113 2748 1168 discessit
2776 1115 3054 1187 Evagrius
3084 1121 3150 1170 ut
3206 1117 3306 1187 qui
3355 1117 3537 1173 animi
3588 1118 3755 1175 valde

2108 1200 2323 1257 dubius
2355 1207 2525 1257 esset.
2557 1202 2867 1275 Aliquanto
2885 1210 3020 1276 post
3043 1209 3334 1277 tempore,
3358 1206 3474 1261 Deo
3494 1206 3758 1278 episcopi

2108 1289 2439 1347 doctrinam
2464 1291 2801 1361 adjuvante,
2834 1292 3087 1349 credidit
3145 1299 3203 1347 et
3249 1293 3580 1366 baptizatus
3627 1301 3759 1361 est;

2108 1384 2290 1449 utque
2323 1385 2448 1433 erat
2477 1381 2784 1451 prwdives,
2818 1382 3015 1435 attulit
3037 1382 3110 1436 ad
3135 1383 3476 1455 episcopum
3503 1385 3607 1438 300
3626 1383 3758 1442 auri

2108 1465 2308 1537 libras,
2344 1485 2491 1539 quas
2523 1469 2619 1525 ille
2650 1471 3013 1543 pauperibus
3044 1471 3448 1538 distribueret,
3480 1472 3618 1528 data
3644 1472 3756 1528 sibi

2109 1558 2379 1612 cautione
2411 1574 2596 1615 manu
2625 1559 2863 1631 propria
2894 1560 3110 1631 scripta
3142 1562 3325 1616 Deum
3358 1561 3469 1617 ista
3496 1560 3759 1617 redditu-

2107 1662 2260 1702 rum.
2294 1646 2617 1718 Episcopus
2647 1648 2960 1720 pecuniam
3020 1650 3265 1720 accepit,
3320 1665 3570 1721 eamque
3619 1649 3756 1705 data

2107 1736 2440 1809 syngrapha
2469 1738 2626 1795 inter
2656 1724 2868 1810 eg'enos
2900 1738 3113 1797 divisit.
3140 1740 3531 1811 Philosophus
3554 1744 3756 1796 autem

350 1849 480 1892 νους
511 1829 659 1891 τινας
692 1830 719 1884 6
750 1828 1050 1907 φιλόσοφος
1096 1829 1147 1885 ἒν
1207 1825 1447 1901 εὐσεϐείᾳ
1502 1830 1593 1885 καὶ
1651 1830 1861 1903 ἀρεταῖς
1914 1851 2001 1903 με·

2112 1824 2336 1895 aliquot
2365 1826 2555 1883 adhuc
2587 1843 2776 1882 annos
2805 1846 2937 1885 cum
2993 1830 3087 1900 pie
3132 1830 3373 1886 vixisset
3423 1845 3754 1902 magnaque

347 1916 573 1993 γάλαις,
634 1916 978 1993 παρήγγειλε
1027 1923 1141 1981 τοῖς
1198 1920 1389 1973 ἑαυτοῦ
1473 1917 1677 1980 τέκνοις
1735 1917 2001 1975 τελευτῶν

348 2006 584 2071 ἐνθεῖναι
640 2007 731 2060 τὸν
784 2007 994 2081 χάρτην
1046 2005 1098 2061 ἐν
1151 2009 1221 2077 τῇ
1281 2005 1428 2081 χειρὶ
1494 2006 1658 2062 αὐτοῦ
1708 2008 1796 2061 καὶ
1854 2005 2001 2063 οὕτω

351 2102 610 2172 ταφῆναι.
659 2095 760 2152 Καὶ
818 2095 1012 2150 τούτου
1063 2094 1378 2172 γενομένου,
1440 2096 1573 2168 μετὰ
1627 2093 1818 2170 τρίτην
1852 2094 2000 2168 ἠμέν-

353 2205 452 2259 ραν
490 2182 827 2261 ἐπιφαίνεται
856 2189 971 2239 κατ’
1018 2180 1147 2257 ὄναρ
1181 2185 1209 2240 6
1239 2183 1539 2262 φιλόσοφος
1595 2188 1674 2255 τῷ
1723 2185 2001 2257 ἐπισκόπῳ

353 2273 550 2346 Λέγων·
587 2272 745 2329 Ἐλθὶ
778 2272 853 2335 είς
899 2276 994 2327 τὸν
1051 2275 1218 2349 τάφον
1281 2295 1412 2345 μου,
1471 2275 1516 2329 ὦ
1573 2271 1853 2343 ἐπίσκοπε,
1911 2274 2001 2328 καὶ

349 2358 492 2417 λάϐε
519 2362 581 2415 τὸ
614 2358 913 2436 ἴδιόχειρόν
946 2380 1061 2415 σου·
1095 2355 1370 2416 ἀπέλαϐον
1404 2362 1507 2437 γὰρ
1560 2362 1620 2416 τὸ
1667 2361 1831 2437 ’χρέος
1878 2362 1997 2416 ὲκα-

336 2447 761 2518 τονταπλάσιον,
792 2451 882 2504 καὶ
916 2448 1110 2506 οὐδένα
1158 2448 1274 2525 ἔχω
1326 2449 1495 2525 λόγον
1546 2451 1681 2525 πρὸς
1729 2452 1808 2519 σὲ,
1857 2448 2001 2505 ἀλλά

350 2540 490 2613 πρὸς
530 2538 744 2595 τελείαν
800 2538 1185 2616 πληροφορίαν
1247 2560 1343 2594 σου
1398 2537 1710 2615 ἰδιοχείρως
1761 2541 1812 2596 ἐν
1853 2538 2002 2612 αὐτῷ

359 2628 769 2705 καθυπέγραψα.
819 2631 928 2685 Τοῦ
981 2626 1037 2683 δὲ
1092 2628 1389 2684 ἐπισκόπου
1444 2627 1594 2703 πρωΐ
1652 2627 2000 2702 μεταστειλα-

365 2717 533 2789 μένου
562 2716 685 2770 τοὺς
715 2715 865 2779 υἱοὺς
895 2717 991 2772 τοῦ
1035 2716 1362 2794 φιλοσόφου,
1410 2718 1501 2772 καὶ
1562 2718 1824 2790 μαθόντος
1875 2718 2001 2793 παρ’

364 2805 542 2861 αὐτῶν
574 2806 646 2868 ὡς
678 2807 942 2886 συνετάφη
1002 2807 1149 2879 αὐτῷ
1204 2808 1267 2863 τὸ
1322 2804 1647 2883 ῒδιόχειρου,
1705 2807 2000 2882 ἀπέρχεται

362 2896 630 2969 μετὰτῶν
660 2893 943 2971 κληρικῶν
971 2904 1070 2966 τῆς
1128 2896 1367 2967 πόλεως,
1428 2898 1517 2952 καὶ
1566 2895 1865 2968 ἀνοίξαντες
1905 2897 2000 2952 τὸν

347 2985 524 3064 τάφον
558 2985 863 3059 εὑρίσκουσι
912 2987 1002 3042 τὸν
1054 2986 1353 3064 φιλόσοφον
1410 2989 1712 3060 καθήμενον
1770 2988 1861 3043 καὶ
1901 2990 2001 3055 τήν

349 3080 515 3149 χεῖρα
576 3075 710 3146 μετά
761 3079 863 3129 τοῦ
919 3077 1247 3150 γράμματος
1326 3077 1702 3152 προτείνοντα.
1758 3079 1880 3134 Τῶν
1943 3074 2002 3133 δὲ

346 3161 632 3235 κληρικῶν
704 3164 1062 3239 πειρωμένων
1148 3160 1335 3220 λαϐεῖν
1409 3165 1502 3220 τὸν
1556 3166 1765 3240 χάρτην
1823 3162 1998 3222 οὐδενὶ

2111 1914 2393 1971 virtutum
2424 1932 2603 1987 opera
2660 1917 2960 1984 edidisset,
3014 1919 3336 1975 moriturus
3382 1918 3503 1973 suis
3552 1917 3758 1974 liberis

2112 2007 2395 2078 praecepit
2424 2013 2489 2062 ut
2506 2008 2618 2062 sibi
2652 2009 2713 2063 in
2744 2025 2988 2065 manum
3011 2010 3343 2065 insererent
3363 2010 3757 2081 syngrapham

2112 2096 2284 2153 istam
2316 2102 2490 2166 atque
2546 2098 2630 2152 sic
2666 2098 3005 2168 sepelirent.
3057 2100 3157 2155 His
3222 2098 3305 2155 ita
3355 2099 3525 2153 factis
3584 2099 3757 2155 tertio

2112 2190 2246 2254 post
2275 2184 2370 2240 die
2401 2185 2675 2257 episcOpo
2735 2187 2796 2244 in
2846 2188 3070 2243 somnis
3116 2188 3275 2243 visus
3326 2193 3415 2243 est
3457 2188 3757 2258 Evagrius,

2111 2273 2195 2328 ita
2222 2272 2567 2343 alloquens:
2607 2275 2833 2331 Accede
2866 2275 2940 2331 ad
2974 2275 3313 2347 sepulcrum
3358 2292 3579 2345 meum,
3628 2275 3755 2346 epi-

2112 2380 2285 2434 scope
2317 2370 2377 2418 et
2405 2364 2599 2434 recipe
2631 2367 3028 2437 syngrapham
3070 2371 3253 2421 tuam.
3298 2365 3614 2422 Redditum
3668 2368 3758 2419 est

2115 2452 2273 2506 enim
2309 2452 2451 2507 mihi
2486 2452 2668 2507 debiti
2699 2454 3061 2524 centuplum,
3116 2470 3310 2523 neque
3363 2452 3552 2507 habeo
3603 2452 3760 2522 quod

2114 2556 2149 2596 a
2178 2545 2233 2594 te
2266 2540 2514 2611 exigam.
2550 2542 2661 2595 Sed
2701 2547 2761 2597 et
2812 2559 2927 2612 quo
2988 2542 3224 2613 plenius
3278 2541 3381 2595 tibi
3432 2547 3761 2606 navaretur,

2112 2644 2291 2685 manu
2324 2645 2457 2687 mea
2487 2629 2830 2700 subscripsi.
2864 2630 3135 2685 Diluculo
3168 2630 3479 2701 episcopus
3501 2629 3761 2700 philoso-

2111 2718 2213 2790 phi
2247 2718 2401 2774 ﬁlios
2431 2717 2504 2773 ad
2532 2735 2594 2773 se
2627 2718 2869 2785 vocavit,
2919 2734 3173 2789 cumque
3206 2735 3275 2772 ex
3307 2718 3379 2772 iis
3422 2717 3759 2773 rescivisset

2111 2807 2569 2878 chirographum
2602 2824 2737 2863 cum
2768 2808 3007 2879 Evagrio
3041 2807 3219 2863 fuisse
3266 2806 3586 2878 sepultum,
3621 2822 3756 2865 cum

2112 2898 2269 2953 clero
2290 2897 2451 2951 urbis
2473 2897 2547 2952 ad
2567 2898 2723 2952 614
2745 2898 3083 2967 sepulcrum
3102 2896 3369 2952 accessit.
3404 2897 3527 2960 Quo
3553 2901 3757 2967 aperto

2112 2985 2893 3056 inveneruntphilosoPhum
2908 2985 3605 3055 sedentem.manumque
3622 3000 3757 3041 cum

2111 3075 2316 3130 charta
2340 3073 2810 3145 protendentem.
2863 3076 3049 3140 Quam
3106 3090 3238 3128 cum
3286 3072 3505 3128 vellent
3555 3072 3754 3129 clerici

2114 3160 2390 3230 eximere,
2423 3163 2650 3219 nemini
2678 3179 2882 3218 eorum
2905 3163 3199 3218 concessit
3222 3180 3235 3216 :
3260 3162 3536 3234 episcopo
3559 3167 3757 3219 autem

410 3217 474 3235 θ’·
800 3217 817 3239 IV
860 3217 949 3236 *δην
994 3217 1023 3219 ⁷*
1150 3217 1326 3220 iv‘v’v
1425 3217 1493 3220 iv‘
1559 3217 1755 3240 A'T'1’
1833 3217 1995 3222 ’⁷⁷⁷⁷⁷

340 3256 540 3310 τοῦτον
569 3247 764 3311 ἔδωκε.
790 3258 894 3308 Τοῦ
926 3251 985 3308 δὲ
1024 3252 1321 3309 ἐπισκόπου
1372 3257 1470 3323 τήν
1501 3261 1664 3330 χεῖρα
1714 3254 2001 3309 ἀπλώσαν-

2115 3270 2357 3311 manum
2381 3254 2713 3325 explicante
2732 3270 2859 3309 eam
2884 3254 3081 3310 statim
3114 3253 3360 3318 dimisit,
3376 3270 3443 3308 ac
3466 3252 3755 3309 recubuit.

343 3362 438 3403 τος
468 3349 816 3416 παραχρῆμα
845 3344 937 3399 τὸν
990 3343 1200 3422 χάρτην
1262 3340 1486 3406 ἐπιδοὺς
1544 3342 1762 3400 ἀνέπεσε
1813 3342 1998 3398 πάλιν·

348 3427 506 3503 ὅνπερ
536 3430 754 3502 ἀνυίξας
786 3431 874 3487 ἐπὶ
918 3432 1152 3500 πάντων,
1212 3433 1333 3507 εὗρε
1392 3433 1585 3487 νεωστὶ
1649 3434 2000 3509 ὑπογεγρσιμ⁹

351 3519 513 3593 μένον
542 3525 612 3594 τῇ
644 3522 795 3595 χειρὶ
825 3525 924 3576 τοῦ
954 3521 1263 3598 φιλοσόφου
1296 3520 1495 3583 οὕτως·
1540 3523 1684 3599 Ἐγὼ
1731 3522 2002 3599 Εὐάγριος

352 3610 656 3690 φιλόσοφός
708 3634 791 3668 σοι
848 3618 929 3686 τῷ
987 3614 1269 3687 ὁσιωτάτῳ
1326 3614 1605 3686 ἐπισκόπῳ
1660 3614 1832 3691 κυρίῳ
1895 3635 2003 3688 μου

348 3700 592 3773 Συνεσίῳ
623 3703 856 3780 χαίρειν.
914 3704 1075 3771 Ἵσθι,
1127 3703 1319 3776 Πάτερ,
1360 3704 1435 3765 ὡς
1484 3698 1681 3759 ἔλαϐον
1730 3705 1794 3759 τὸ
1841 3704 2005 3777 χρέος

351 3791 870 3861 ἑκατονταπλάσιον,
929 3792 1016 3846 καὶ
1076 3789 1271 3847 οὐδένα
1327 3793 1463 3865 πρὸς
1539 3794 1596 3847 σὲ
1662 3793 1830 3869 λόγον
1888 3792 2003 3867 ἔχω

350 3881 479 3953 περί
512 3881 729 3937 τούτου.
765 3881 982 3935 Πάντων
1015 3882 1104 3935 οῦν
1163 3886 1271 3936 τῶν
1325 3881 1665 3938 ἀκουσάντων
1725 3883 2002 3939 καταπλα-

348 3968 555 4042 γέντων
591 3965 815 4047 σφόδρα,
847 3968 938 4022 καὶ
998 3966 1086 4022 ἐπὶ
1142 3966 1288 4024 πολὺ
1339 3970 1646 4044 κραζόντων
1695 3973 1778 4039 τὸ,
1839 3971 2004 4045 Κύριε

350 4055 589 4125 ἑλέησον
633 4060 764 4129 (43).
822 4055 1098 4112 ἐκέλευσεν
1127 4058 1154 4111 6
1185 4057 1479 4120 ἐπίσκοπος
1531 4059 1592 4113 τὸ
1637 4064 1734 4113 τοῦ
1782 4059 2004 4133 φιλοσό-

352 4166 461 4221 φου
496 4142 795 4220 ἰδιόχειρον
824 4148 1103 4216 τηρεῖσθαι
1143 4145 1193 4200 ἐν
1226 4147 1305 4219 τῷ
1336 4146 1771 4220 σκευοφυλακίῳ·

429 4236 520 4305 Τῷ
551 4238 629 4303 κζ’
688 4231 815 4303 ἔτει,
861 4234 991 4306 μηνὶ
1047 4234 1344 4309 Αὐγούστῳ
1405 4237 1481 4305 ιε’,
1534 4235 1722 4310 γέγονε
1780 4237 2000 4310 σεισμὸς

359 4323 553 4396 μέγας,
586 4322 660 4383 ὠς
691 4329 870 4378 πεσεῖν
896 4321 1140 4385 πολλοὺς
1177 4323 1363 4385 οἷ’κους
1422 4324 1511 4379 καὶ
1566 4324 1859 4397 ἐκκλησίας
1912 4326 2002 4383 καί

354 4408 558 4482 λοετρά
586 4412 676 4465 καὶ
708 4412 773 4465 τά
827 4411 988 4489 τείχη
1053 4411 1288 4485 μάλιστα
1344 4420 1444 4482 τῆς
1499 4414 1713 4487 Χρυσῆς
1767 4414 1998 4489 πόρτης’

349 4499 443 4553 καὶ
475 4497 679 4555 πολλοὶ
710 4500 997 4564 ἀπέθανον,
1058 4500 1229 4563 Οὗτος
1290 4502 1317 4555 ὁ
1377 4505 1600 4575 σεισμὸς
1656 4506 2001 4580 παγκόσμιος

2112 3344 2404 3415 Epic0pus
2450 3343 2655 3399 charta
2710 3343 2772 3397 in
2826 3349 3143 3413 conspectu
3202 3343 3471 3398 omnium
3528 3347 3754 3412 aperta,

2112 3434 2335 3491 invenit
2363 3448 2571 3489 recens
2603 3449 2784 3489 manu
2832 3432 3172 3503 philosophi
3205 3431 3602 3502 subscriptum
3636 3431 3755 3487 ita:

2112 3523 2387 3596 Evagrius
2436 3523 2827 3594 philosophus
2877 3522 3253 3579 sanctissimo
3302 3521 3578 3592 episcopo
3653 3520 3757 3576 do-

2112 3614 2275 3669 mino
2333 3629 2463 3667 meo
2522 3611 2764 3683 Synesio
2823 3611 3096 3667 salutem.
3174 3611 3353 3674 Scias,
3415 3610 3603 3675 Pater,
3660 3626 3757 3667 me

2113 3703 2455 3774 centuplum
2487 3703 2670 3759 debiti
2702 3702 3018 3772 recepisse,
3052 3717 3244 3770 neque
3277 3716 3345 3755 eo
3377 3701 3619 3755 nomine
3653 3700 3759 3755 ha-

2114 3793 2251 3848 bere
2284 3793 2442 3863 quod
2467 3791 2573 3847 abs
2603 3798 2658 3847 te
2689 3791 2939 3863 exigam.
2973 3792 3091 3847 Hoc
3121 3789 3344 3852 audito,
3385 3805 3519 3844 cum
3550 3804 3759 3845 omnes

2114 3883 2495 3937 vehementer
2523 3880 2756 3935 attoniti
2789 3878 3136 3949 aliquandiu
3169 3877 3471 3935 vociferati
3521 3882 3755 3935 essent:

2112 3972 2408 4038 Miserere,
2468 3970 2735 4036 Domine,
2786 3969 2968 4039 jussit
3026 3968 3358 4038 episcOpus,
3418 3965 3757 4037 philos0phi

2110 4075 2293 4116 manu
2323 4059 2603 4129 scriptam
2633 4056 2912 4113 schedam
2944 4056 3005 4111 in
3037 4057 3293 4114 armario
3324 4055 3632 4112 asservari.

2180 4243 2353 4295 Anno
2400 4239 2678 4295 vicesimo
2738 4237 3014 4307 septimo,
3074 4234 3297 4290 mensis
3348 4231 3595 4303 Augusti
3655 4229 3755 4287 die

2110 4329 2340 4385 decimo
2372 4327 2601 4401 quinto,
2630 4342 2877 4397 magnus
2908 4325 3021 4379 fuit
3044 4330 3213 4378 terrm
3238 4326 3453 4388 motus,
3477 4319 3577 4391 qui
3607 4317 3756 4372 mul-

2110 4426 2198 4474 tas
2230 4418 2460 4482 domos,
2494 4418 2682 4471 multa
2713 4414 2932 4485 templa
2964 4419 3021 4468 et
3048 4412 3262 4467 balnea
3287 4410 3523 4481 d--jecit,
3557 4414 3615 4462 et
3636 4423 3758 4462 ma-

2109 4508 2266 4563 xime
2296 4522 2500 4561 muros
2530 4504 2601 4560 ad
2630 4507 2881 4558 Auream
2914 4508 3168 4574 portam,
3224 4500 3560 4570 multosque
3596 4513 3761 4551 mor-

357 4587 600 4664 γέγονεν,
637 4589 777 4644 ὥστε
806 4593 977 4645 πᾶσαν
1015 4590 1113 4658 τήν
1167 4589 1493 4663 οἰκουμένην
1546 4590 1741 4667 σχεδὸν
1792 4602 2001 4666 πτωθῆ-

2117 4599 2263 4654 tales
2294 4596 2569 4669 perdidit.
2601 4597 2712 4652 Per
2740 4600 2929 4651 totum
2959 4592 3248 4649 mundum
3282 4592 3395 4647 ista
3444 4588 3753 4645 concussio

349 4698 464 4744 ναι,
515 4678 733 4746 καὶτὴν
792 4677 1060 4734 θάλασσαν
1116 4679 1473 4754 ἀναῤῥιχᾶναι
1533 4680 1696 4753 μίλια
1752 4680 1868 4751 δύο,
1909 4686 2000 4741 καὶ

359 4764 549 4821 πολλὰ
575 4766 744 4821 πλοῖα
772 4765 1073 4831 ἀπολέσθαι
1131 4770 1215 4840 [Ρ.
1278 4770 1403 4841 385]
1456 4769 1510 4823 ἐν
1557 4775 1626 4844 τῇ
1674 4776 1771 4825 τοῦ
1814 4770 2006 4839 ὕδατος

358 4852 715 4929 ἀναχαιτίσει.
755 4857 852 4911 Καὶ
882 4857 931 4910 ἐν
966 4857 1060 4929 μὶν
1099 4860 1167 4931 τῇ
1214 4854 1464 4931 Ἀραϐίᾳ,
1505 4859 1594 4913 καὶ
1652 4859 2004 4942 Παλαιστίνῃ,

352 4939 443 4994 καὶ
527 4944 939 5018 Μεσοποταμίᾳ,
1024 4946 1112 5000 καὶ
1192 4946 1507 5021 Ἀντιοχείᾳ
1576 4952 1999 5024 κατεπτώθησαν

352 5029 548 5091 πόλεις
608 5031 809 5087 πολλαὶ
868 5034 957 5090 καὶ
1016 5040 1220 5108 κῶμαι,
1279 5035 1368 5090 καὶ
1438 5035 1851 5115 συνελήφθησαν
1913 5042 2000 5098 ἀν’

354 5118 594 5193 θρώπων
627 5117 808 5189 πλήθη
864 5123 954 5176 καὶ
1014 5121 1256 5199 ἀλόγων,
1327 5123 1579 5179 πέπτωκε
1637 5122 1695 5180 δὲ
1754 5127 1842 5181 καί
1898 5136 1999 5198 τῆς

352 5204 725 5279 Νικομηδείας
762 5209 924 5283 μέρος
952 5209 1118 5281 πολὺ,
1178 5211 1268 5266 καὶ
1323 5209 1681 5287 ἐπεκράτησεν
1717 5215 1744 5269 ὀ
1778 5219 2000 5291 σεισμὸς

350 5295 564 5372 ἡμέρας
600 5298 671 5371 μ”
706 5299 912 5355 Γίνεται
971 5298 1028 5355 δὲ
1057 5303 1092 5371 ἡ
1127 5302 1319 5374 μνήμη
1379 5306 1472 5357 τοῦ
1522 5308 1746 5378 σεισμοῦ
1800 5306 1995 5363 τούτου

341 5389 463 5442 κατ’
488 5385 606 5450 ἔτος
638 5387 690 5445 ἐν
710 5393 789 5461 τῷ
821 5389 1041 5463 Κάμπῳ
1073 5391 1453 5453 λιτανεύοντος
1482 5398 1579 5449 τοῦ
1611 5392 1767 5450 λαοῦ.

2110 4690 2329 4745 damna
2356 4686 2540 4751 dedit,
2565 4692 2623 4741 et
2645 4702 2805 4741 mare
2830 4685 2903 4739 ad
2928 4684 3042 4739 duo
3068 4682 3347 4738 milliaria
3364 4687 3541 4737 iustus
3564 4696 3757 4735 resor-

2116 4779 2254 4849 psit,
2290 4778 2465 4848 inque
2516 4792 2585 4830 eo
2634 4774 2835 4829 multa)
2885 4779 3024 4827 sunt
3077 4787 3254 4827 naves
3302 4770 3639 4825 confracta).
3691 4770 3757 4822 In

2115 4865 2348 4936 Arabia,
2383 4864 2719 4931 Palmstina,
2750 4862 3287 4937 Mesopotamiaque
3342 4866 3399 4914 et
3446 4856 3760 4912 Antiochia

2113 4957 2291 5013 urbes
2348 4956 2550 5013 multae
2600 4955 2850 5027 pagique
2897 4958 3035 5009 sunt
3081 4951 3379 5023 prostrati,
3427 4948 3757 5015 obrutaque

2111 5045 2421 5102 hominum
2452 5050 2511 5100 et
2545 5044 2857 5099 brutorum
2897 5040 3238 5098 multitudo.
3295 5037 3526 5092 Corruit
3574 5035 3753 5091 etiam

2108 5136 2462 5190 Nicomediae
2493 5150 2706 5206 magna
2737 5149 2890 5204 pars.
2927 5131 3194 5187 Obtinuit
3223 5134 3417 5183 motus
3462 5127 3573 5180 iste
3622 5125 3750 5179 dies

2109 5224 2513 5295 quadraginta.
2540 5222 2863 5288 Quotannis
2897 5222 3024 5292 ejus
3054 5217 3343 5274 memoria
3395 5214 3753 5283 celebratur,

2104 5314 2323 5386 populo
2356 5316 2416 5367 in
2448 5313 2663 5382 Campo
2695 5310 3090 5384 supplicante.

1548 5520 1908 5577 XYLANDRI
1948 5524 2035 5578 ET
2078 5524 2295 5579 GOABI
2335 5524 2556 5580 NOTIE.

413 5612 529 5682 (43)
566 5613 688 5693 Vo;
715 5628 750 5668 a
781 5614 1000 5693 Graecis
1029 5629 1148 5670 non
1179 5615 1328 5671 adeo
1360 5617 1786 5673 misericordias
1831 5621 2211 5692 exquirenda
2240 5638 2419 5693 quam
2466 5619 2689 5675 insoliti
2737 5634 2911 5676 casus
2959 5617 3296 5675 admirandi
3345 5618 3537 5692 gratia
3583 5615 3754 5688 vulgo

344 5684 755 5756 pronuntiata.
790 5685 966 5741 Cosa.
