4126 6296
366 355 484 414 735

1723 345 2047 407 GEORGII
2091 343 2434 406 CEDRENI

3655 357 3774 416 736

442 494 613 546 Anno
643 488 920 544 vicesimo
952 491 1172 550 octavo,
1209 500 1410 540 mense
1439 483 1612 548 Julio,
1667 481 1729 536 in
1761 480 2016 552 conjun-

2206 479 2301 548 Τῷ
2356 497 2424 546 κη
2483 475 2611 548 ἔτει,
2677 479 2806 550 μηνὶ
2868 479 3108 553 Ἰουλίῳ,
3166 480 3218 537 ἐν
3273 488 3342 558 τῇ
3419 487 3628 558 συνάξει
3679 491 3777 543 τοῦ

367 581 561 637 ctione
593 578 809 634 montis
841 592 1086 648 magnus
1115 575 1230 629 fuit
1261 581 1430 629 terras
1461 577 1698 638 motus;
1749 571 1899 627 675
1955 575 2012 624 et

367 671 463 725 die
497 671 561 723 19
591 667 855 722 tonitrua
912 670 970 718 et
1024 664 1258 736 fulgura
1315 660 1624 726 terribilia,
1683 665 2012 730 ventusque

367 759 598 814 Africus
627 757 969 820 vehemens,
1025 769 1140 825 quo
1189 750 1501 806 deturbata
1548 753 1637 804 est
1689 765 1833 804 crux
1881 764 2010 818 quae

365 847 558 902 stabat
586 845 742 899 intra
773 849 1004 914 portam
1040 843 1317 896 Auream.

435 938 606 989 Anno
639 932 922 988 vicesimo
953 946 1111 985 nono
1139 929 1323 984 Judaei
1357 933 1414 984 et
1464 927 1814 983 Samaritani
1853 931 2014 980 mota

367 1024 659 1079 seditione
692 1022 992 1086 Caesarem,
1025 1018 1353 1074 Palaestinas
1385 1017 1552 1084 urbe,
1606 1015 1825 1072 multos
1851 1014 2014 1068 Chri-

368 1114 592 1168 stianos
623 1109 1053 1165 interfecerunt
1077 1113 1136 1162 et
1165 1123 1368 1162 eorum
1403 1107 1560 1161 bona
1617 1104 2012 1175 diripuerunt.

364 1202 522 1266 Quos
572 1201 902 1270 imperator
949 1195 1283 1251 ministerio
1331 1193 1666 1250 Adamantii
1707 1192 2014 1264 suppliciis

367 1289 584 1354 affecit,
617 1286 913 1358 capitibus
943 1285 1258 1351 truncavit,
1285 1283 1566 1355 relegavit
1589 1284 2013 1352 universosque

369 1395 400 1434 θ
430 1377 626 1431 medio
659 1374 920 1429 sustulit.

437 1469 606 1520 Anno
639 1464 938 1518 tricesimo
972 1463 1126 1534 ignis
1173 1463 1235 1515 in
1285 1459 1429 1516 coelo
1470 1459 1746 1531 apparuit
1795 1459 2015 1514 lancea:

361 1555 574 1622 forma,
608 1553 680 1609 ab
713 1552 997 1623 aquilone
1027 1568 1218 1622 usque
1245 1551 1318 1605 ad
1349 1565 1646 1604 occasum.

434 1649 606 1698 Anno
633 1643 935 1698 tricesimo
959 1642 1150 1713 primo
1169 1657 1406 1694 rursum
1423 1638 1564 1694 varii
1588 1638 1827 1692 fuerunt
1843 1644 2012 1691 terrm

364 1739 582 1799 motus,
631 1732 847 1804 quibus
905 1729 1028 1786 laesi
1080 1735 1218 1784 sunt
1275 1728 1426 1784 muri
1469 1727 2014 1798 Constantinopolis

370 1822 678 1876 orientalis
733 1827 790 1875 et
855 1819 1261 1885 occidentalis,
1321 1817 1625 1888 multaque
1677 1815 1901 1888 templa
1958 1820 2015 1870 et

372 1909 583 1966 domus
613 1910 739 1965 solo
771 1914 1017 1978 aequatas
1045 1912 1206 1975 sunt,
1240 1912 1300 1961 et
1328 1905 1631 1968 suburbia,
1666 1911 1722 1960 et
1753 1905 2017 1977 Regium,

370 1999 518 2054 adeo
541 2005 606 2054 ut
629 2015 748 2054 non
773 2003 1016 2069 possent
1033 1997 1290 2069 agnosci.
1329 1995 1514 2050 Etiam
1535 1994 1667 2048 aliis
1690 1995 1749 2048 in
1772 1993 2018 2048 urbibus

369 2087 516 2142 tanti
552 2092 721 2142 terrm
757 2091 948 2140 motus
989 2091 1211 2155 quanto
1245 2099 1312 2138 eo
1344 2082 1563 2138 smculo
1613 2098 1788 2136 nemo
1837 2082 2019 2136 fuisse

355 2175 802 2244 recordabatur,
833 2173 1401 2242 concutiebaturque
1435 2177 1598 2227 terra
1623 2177 1828 2226 noctes
1862 2170 2020 2224 dies-

368 2281 482 2334 que
515 2264 834 2318 continuas
864 2263 1091 2318 decem.
1125 2261 1262 2316 Ideo
1303 2267 1549 2316 maestus
1593 2261 1917 2330 imperator
1947 2259 2020 2314 ad

358 2351 636 2407 Natalitia
653 2358 711 2406 et
736 2350 1122 2421 TheOphania
1151 2349 1279 2404 sine
1303 2365 1522 2404 corona
1545 2348 1782 2420 prodiit.
1801 2347 1998 2403 Solem

377 2440 479 2495 nia
510 2440 690 2494 etiam
722 2439 1034 2494 duodecim
1076 2437 1308 2492 dierum
1356 2454 1476 2492 non
1525 2437 1661 2509 egit,
1713 2435 1816 2491 sed
1865 2435 2022 2506 quod

373 2529 490 2584 illis
511 2528 703 2583 fuerat
733 2527 1219 2599 impendendum.
1239 2526 1600 2598 pauperibus
1619 2525 2019 2597 elargitusest.

375 2621 574 2674 Mense
607 2619 922 2674 Februario
971 2618 1193 2673 mortui
1251 2622 1392 2672 sunt
1446 2616 1684 2688 plurimi
1729 2615 2020 2681 homines,

376 2709 708 2780 praesertim
733 2709 1004 2779 juvenes,
1037 2707 1222 2778 Cpoli,
1279 2706 1427 2761 adeo
1469 2712 1537 2760 ut
1583 2703 1866 2760 cadavera
1920 2720 2026 2776 per

369 2797 632 2851 triduum
665 2795 966 2867 insepulta
988 2795 1312 2866 jacuerint,
1345 2794 1420 2848 ad
1453 2811 1522 2848 ea
1579 2793 1874 2848 eﬂ‘erenda
1903 2810 2021 2848 non

371 2885 805 2941 sufﬁcientibus
837 2884 1163 2956 sandapilis
1211 2883 1570 2954 templorum
1609 2882 1764 2938 676
1821 2887 1879 2936 et
1933 2899 2022 2938 sa-

371 2992 606 3030 crarum
639 2974 878 3030 mdium.
917 2973 1049 3028 Ideo
1083 2974 1410 3044 imperator
1446 2973 1592 3027 alias
1624 2973 1794 3028 mille
1824 2972 2022 3028 confe-

375 3064 491 3130 cit;
524 3080 778 3135 cumque
809 3080 884 3118 ne
914 3063 1004 3116 hin
1039 3061 1280 3132 quidem
1314 3061 1456 3118 satis
1489 3067 1710 3131 essent,
1733 3061 2025 3133 plurimos

372 3169 582 3206 currus
604 3152 790 3224 jussit
809 3150 1100 3222 apparari,
1115 3151 1509 3221 jumentaque
1527 3151 1842 3205 innumera
1864 3149 2027 3205 dedit

2047 1861 2094 1926 B

2121 564 2289 642 ὄρους
2345 568 2534 641 γὲγονε
2592 569 2816 640 σεισμὸς
2874 569 3066 654 μέγας.
3129 571 3226 626 Καὶ
3289 577 3360 648 τῇ
3408 577 3473 638 ιθ¹
3526 575 3776 654 ἐγένοντο

2124 657 2346 732 βρονταὶ
2373 657 2461 711 καὶ
2490 655 2760 731 ἀστραπαί
2801 653 3030 735 φοϐεραὶ
3059 659 3147 713 καὶ
3178 657 3377 735 ἄνεμος
3431 663 3531 738 λίψ
3574 653 3769 740 μέγας,

2120 746 2198 810 ὡς
2238 751 2418 800 πεσεῖν
2475 745 2569 800 τὸν
2629 745 2857 820 σταυρὸν
2919 748 3012 802 τὸν
3071 749 3358 823 ἱστάμενον
3418 749 3611 809 ἔσωθεν
3666 761 3771 824 τῆς

2119 836 2338 910 Χρυσῆς
2369 832 2598 909 πόρτης.

2191 925 2284 995 Τῷ
2313 924 2392 978 κθ⁹
2422 921 2526 978 ἔτει
2560 922 2870 979 ἐστασίασαν
2931 927 2983 981 οἱ
3043 925 3303 986 ⁹ιουδαῖοι
3359 930 3450 984 καὶ
3506 937 3778 1006 Σαμαρεῖ-

2117 1033 2206 1068 ται
2265 1010 2318 1066 ἐν
2380 1011 2669 1086 Καισαρείᾳ
2721 1020 2824 1082 τῆς
2903 1012 3286 1086 Παλαιστίνης,
3372 1017 3463 1072 καὶ
3520 1017 3769 1083 πολλοὺς

2122 1101 2482 1177 Χριστιανοὺς
2568 1099 2800 1171 ἀνεῖλον,
2885 1103 2974 1157 καὶ
3059 1105 3159 1172 τήν
3243 1106 3536 1162 ὑπόστασιν
3594 1108 3770 1164 αὐτῶν

2122 1187 2445 1264 διήρπασαν
2503 1190 2597 1252 οὕς
2653 1191 2681 1244 ὁ
2741 1188 3000 1264 βασιλεὺς
3057 1188 3127 1246 δι’
3185 1191 3523 1266 Ἀθάμαντος
3577 1196 3774 1262 ἐφούλ-

2120 1301 2240 1334 κισε
2293 1281 2405 1352 (44)
2461 1278 2550 1333 καὶ
2606 1278 2992 1358 ἂπεκεφάλισε,
3060 1280 3152 1336 καὶ
3237 1279 3443 1346 ἄλλους
3528 1285 3772 1360 ἐξώρισε,

2120 1368 2324 1427 πάντας
2357 1362 2414 1420 δὲ
2443 1365 2584 1442 ἠφάν
2597 1385 2688 1420 ισε.

2193 1456 2284 1524 Τῷ
2317 1453 2364 1508 λ’
2389 1451 2493 1508 ἔτει
2526 1453 2694 1528 ἐφάνη
2753 1459 2863 1529 πῦρ
2924 1453 2977 1510 ἐν
3034 1461 3115 1528 τῷ
3173 1455 3388 1532 οὐρανῷ
3428 1459 3502 1522 ὡς
3559 1457 3773 1535 λόγχη,

2121 1541 2226 1597 ἀπὸ
2258 1541 2458 1616 ἄρκτου
2495 1539 2600 1602 ἕως
2633 1540 2874 1614 δυσμῶν.

2195 1635 2292 1686 Καὶ
2322 1637 2402 1704 τῷ
2433 1630 2516 1687 λα’
2546 1627 2653 1687 ἔτει
2698 1632 2940 1710 ἐγένοντο
2995 1633 3164 1690 πάλιν
3225 1639 3438 1709 σεισμοὶ
3498 1636 3776 1716 διάφοροι,

2121 1722 2259 1778 ὥστε
2289 1724 2474 1777 παθεῖν
2519 1721 2587 1778 τὰ
2645 1719 2742 1778 δύο
2793 1723 2959 1798 τείχη
3015 1726 3666 1800 Κωνσταντινουπόλεως,
3711 1729 3778 1784 τὸ

2124 1810 2445 1866 ἀνατολικὸν
2473 1811 2564 1866 καὶ
2593 1811 2656 1866 τὸ
2694 1808 2930 1882 δυτικὸν,
2961 1815 3053 1867 καὶ
3088 1813 3296 1870 πολλαὶ
3351 1814 3637 1887 ἐκκλησίαι
3683 1817 3777 1872 καὶ

2129 1903 2274 1955 οἴκοι
2329 1896 2433 1962 ἓως
2495 1899 2726 1980 ἐδάφους
2809 1903 3124 1966 κατέπεσον,
3184 1901 3330 1959 ἀλλὰ
3399 1907 3510 1979 μὴν
3567 1905 3656 1960 καὶ
3712 1907 3783 1960 τὰ

2127 1987 2422 2062 προάστεια
2451 1989 2540 2044 καὶ
2571 1993 2634 2044 τὸ
2665 1991 2878 2066 ῥήγιον,
2929 1991 3068 2047 ὥστε
3121 1993 3196 2064 μή
3248 1995 3625 2070 γνωρίζεσθαι.
3676 1994 3784 2052 Καὶ

2128 2075 2181 2132 ἐν
2217 2075 2414 2140 ἄλλαις
2463 2075 2518 2132 δὲ
2574 2076 2800 2133 πόλεσιν
2850 2078 3059 2154 ἐγένετο
3095 2082 3123 2136 ὁ
3155 2083 3374 2154 σεισμὸς
3432 2083 3613 2152 οὗτος,
3668 2085 3783 2140 οἷον

2130 2167 2234 2222 οὐκ
2265 2165 2664 2240 ἐμνημόδευσεν
2697 2165 2979 2244 ἄνθρωπος
3011 2168 3063 2225 ἐν
3103 2176 3222 2233 ταῖς
3269 2177 3480 2248 γενεαῖς
3528 2171 3782 2236 ἐκείναις.

2129 2256 2232 2312 Καὶ
2264 2253 2464 2310 ἐσείετο
2495 2259 2530 2326 ἡ
2568 2262 2638 2330 γῆ
2703 2259 2838 2330 μετά
2892 2257 3150 2335 φιλανίας
3207 2263 3319 2332 (45)
3377 2259 3428 2315 ἐν
3478 2262 3632 2317 νυκτὶ
3688 2263 3781 2317 καὶ

2130 2347 2312 2418 ἡμέρᾳ
2346 2344 2434 2400 ἐπὶ
2471 2345 2682 2418 ἡμέρας
2741 2344 2886 2402 δέκα.
2949 2351 3040 2402 Διὸ
3083 2349 3173 2402 καὶ
3243 2346 3590 2421 λυπούμενος
3621 2351 3649 2406 ὁ
3687 2351 3786 2425 βακ

2132 2431 2315 2494 σιλεὺς
2345 2433 2422 2495 είς
2453 2435 2520 2488 τὰ
2563 2437 2817 2498 Ιένέθλια
2860 2438 2946 2490 καὶ
3009 2437 3273 2516 Θεοφάνία
3321 2439 3500 2516 χωρές
3540 2439 3788 2512 στέμμα-

2130 2543 2222 2584 τος
2252 2519 2520 2598 προῆλθε,
2553 2523 2643 2577 καὶ
2673 2523 2739 2577 τά
2768 2523 2818 2592 ἐξ
2849 2523 3006 2588 ἔθους
3036 2525 3307 2601 κλητόρια
3363 2528 3479 2599 (46)
3531 2531 3629 2582 τοῦ
3678 2526 3786 2582 δω-

2134 2609 2478 2686 δεκαημέρου
2510 2611 2609 2666 οὐκ
2648 2611 2923 2683 ἐποίησεν,
2985 2611 3131 2668 ἀλλᾶ
3185 2615 3281 2677 τὰς
3340 2613 3555 2685 ἐξόδους
3609 2615 3787 2671 αὐτῶν

2135 2697 2336 2755 δέδωκε
2365 2704 2483 2761 τοῖς
2515 2705 2785 2775 πτωχοῖς.
2819 2704 2914 2772 Τῷ
2957 2699 3014 2756 δὲ
3043 2697 3404 2778 Φεϐρουαρίῳ
3439 2703 3572 2776 μηνὶ
3602 2703 3789 2781 γέγονε

2135 2792 2323 2858 θνῆσις
2363 2789 2684 2864 ἀνθρώπων,
2715 2790 2806 2844 καὶ
2861 2789 3098 2863 μάλιστα
3152 2797 3260 2847 τῶν
3314 2795 3468 2864 νὲων,
3523 2794 3574 2848 ἐν
3633 2797 3786 2850 Κωνο

2135 2877 2602 2950 σταντινουπὸλει,
2676 2875 2817 2934 ὥστε
2866 2877 3037 2952 μένειν
3086 2879 3324 2958 ἀτάφους
3378 2880 3510 2942 τοὺς
3548 2879 3778 2950 ἀποθνῆ-

2134 2987 2366 3028 σκοντας
2399 2966 2487 3022 ἐπὶ
2518 2967 2730 3042 ἡμέρας
2781 2974 2926 3043 τρεῖς
2977 2965 3066 3023 διὰ
3117 2970 3180 3024 τὸ
3236 2971 3310 3042 μή
3371 2967 3602 3044 ἐξαρκεῖν
3645 2969 3772 3030 τοὺς

2134 3051 2482 3131 κραϐϐάτους
2521 3061 2628 3110 τῶν
2697 3055 3002 3128 ἐκκλησιῶν
3061 3057 3152 3112 καὶ
3210 3062 3318 3112 τῶν
3377 3057 3580 3131 εὐαγῶν
3617 3055 3778 3111 οἴκων

2134 3145 2272 3220 πρὸς
2302 3145 2366 3201 τὸ
2424 3143 2664 3220 ἐκφέρειν
2722 3146 2850 3209 τοὺς
2911 3144 3298 3209 τελευτῶντας.
3352 3147 3506 3210 Ὅθεν
3552 3147 3786 3214 ποιήσας

373 3239 446 3294 ad
479 3221 622 3294 θεαί
638 3255 786 3293 rem.
820 3221 990 3292 Peste
1023 3241 1218 3291 autem
1254 3253 1316 3291 se
1360 3237 1708 3292 intendente
1735 3237 2017 3308 pleraque

2133 3235 2162 3290 ὁ
2195 3231 2454 3309 βασιλεὺς
2505 3231 2662 3308 ’ἔτερα
2718 3228 3022 3309 κραὸὅάτια
3055 3235 3238 3309 χίλια,
3295 3234 3386 3288 καὶ
3438 3231 3576 3308 μηδ’
3613 3233 3787 3296 οὕτως

369 3328 654 3382 cadavera
683 3327 746 3380 in
777 3326 944 3380 littus
975 3326 1242 3396 projecta
1270 3325 1344 3380 ad
1375 3331 1607 3380 sextum
1650 3326 1806 3380 diem
1843 3327 2018 3382 inliu-

368 3421 529 3470 mata
551 3416 894 3485 jacuerunt,
928 3413 1086 3484 quod
1111 3413 1221 3466 vivi
1256 3413 1328 3468 iis
1360 3414 1721 3484 sepeliendis
1749 3431 1870 3469 non
1897 3415 2020 3470 suf-

369 3504 638 3569 ficerent,
684 3519 877 3573 neque
938 3518 1115 3556 naves
1176 3501 1248 3555 iis
1297 3502 1768 3556 transvehendis.
1828 3503 2024 3557 vaiit

366 3591 472 3646 illa
536 3592 718 3662 pestis
776 3605 1010 3645 menses
1068 3589 1214 3644 duos
1269 3589 1490 3644 Julium
1559 3597 1618 3645 et
1670 3593 2018 3662 Augustum.

369 3681 631 3735 Fuerunt
655 3680 834 3734 etiam
858 3679 1121 3733 tonitrua
1153 3683 1212 3732 et
1239 3677 1474 3749 fulgura
1499 3678 1789 3734 terribilia
1818 3679 2019 3734 admo-

367 3769 531 3840 dum,
564 3769 780 3840 quibus
815 3768 985 3823 multi
1019 3768 1484 3840 conflagrarunt.

2125 3322 2512 3396 ἐξαρκούντων,
2570 3322 2776 3395 ἀμάξας
2834 3324 3128 3396 προσέταξε
3211 3321 3472 3385 πλείστας
3529 3323 3788 3398 εὐτρεπι-

2127 3415 2341 3482 σθῆναι,
2384 3414 2468 3466 καὶ
2528 3410 2719 3484 ἃλογα
2760 3408 2964 3466 δέδωκε
3025 3411 3190 3487 μυρία
3238 3413 3376 3486 πρὸς
3432 3413 3496 3467 τὸ
3547 3411 3793 3492 ἐκφέρειν

2125 3501 2255 3564 τοὺς
2285 3501 2532 3574 νεκρούς.
2565 3499 3013 3572 Ἐπιτεινομένης
3073 3498 3130 3556 δὲ
3177 3508 3276 3569 τῆς
3337 3503 3582 3572 θνήσεως
3635 3495 3788 3576 ἕρῥι-

2127 3612 2263 3646 πτην
2319 3589 2446 3652 τοὺς
2501 3588 2758 3650 πλείονας
2835 3589 2912 3652 είς
2967 3589 3058 3644 τὸν
3114 3589 3388 3667 αἰγιαλὸν,
3446 3590 3538 3646 καὶ
3595 3587 3787 3664 ἔμενον

2129 3675 2321 3752 ἄταφοι
2351 3675 2456 3738 ἕως
2499 3679 2710 3752 missa:
2753 3677 2808 3747 ’ἐξ
2839 3674 2928 3732 διὰ
2967 3677 3030 3732 τὸ
3075 3679 3150 3750 μή
3201 3677 3449 3752 ἐπαρκεῖν
3496 3685 3615 3742 τοῖς
3649 3684 3785 3749 ζῶσι

2132 3767 2349 3821 θάπτειν
2381 3767 2856 3839 τοὺςλτεονεῶτας,
2914 3769 3054 3839 μήτε
3109 3765 3165 3820 δὲ
3215 3767 3282 3821 τὰ
3324 3766 3494 3823 πλοῖα
3543 3769 3783 3844 ἐξαρκεῖν

367 3856 446 3919 εἷς
479 3857 540 3911 τὸ
573 3854 834 3930 διαπερᾷν
881 3854 1100 3916 αὐτούς.
1161 3855 1407 3930 Ἐκράτει
1462 3856 1552 3910 οὖν
1611 3858 1645 3925 ἡ
1706 3858 1894 3925 θνῆσις
1949 3855 2083 3926 αὕτη
2145 3861 2319 3928 μῆνας
2375 3853 2492 3926 δύο,
2548 3855 2779 3911 Ἰούλιον
2838 3855 2928 3910 καὶ
2987 3854 3322 3930 Αὔγουστον.
3383 3857 3660 3932 Ἐγένοντο
3721 3857 3780 3914 δὲ

372 3945 593 4018 βρονταὶ
623 3944 711 3998 καὶ
748 3942 1016 4016 ἀστραπαὶ
1061 3941 1299 4018 μεγάλαι
1330 3943 1418 3998 καὶ
1451 3938 1678 4023 φοϐεραὶ
1713 3941 1941 4024 σφόδρα,
1973 3941 2110 3998 ὥστε
2139 3942 2390 4006 πολλοὺς
2422 3943 2510 3999 ὑπ’
2541 3944 2718 4000 αὐτῶν
2749 3950 3106 4012 κατακαῆναι.

443 4041 611 4088 Anno
628 4033 918 4088 tricesimo
932 4033 1114 4104 primo
1125 4050 1355 4089 rursum
1371 4035 1500 4090 lues
1513 4036 1630 4091 leth
1639 4035 1749 4092 alis
1760 4040 2023 4108 grassata

370 4128 481 4189 est,
517 4122 770 4177 maxime
795 4122 852 4176 in
875 4139 1114 4194 pueros,
1139 4123 1479 4180 bubonibus
1503 4141 1603 4180 eos
1633 4141 1875 4180 necans.
1909 4126 2022 4180 Du-

367 4211 520 4266 ravit
550 4227 786 4266 menses
817 4216 1090 4282 quatuor,
1127 4227 1321 4282 neque
1343 4213 1634 4268 minorem
1657 4230 1834 4283 quam
1858 4213 2021 4285 prior

2202 4037 2296 4104 Τῷ
2354 4031 2437 4088 λα’
2487 4027 2592 4087 ἔτει
2643 4032 2921 4110 ἐπεγίνετο
2981 4031 3130 4096 αὖθις
3184 4033 3488 4105 θανατικόν,
3536 4037 3623 4090 καὶ
3672 4037 3771 4111 μά-

2131 4119 2294 4177 λιστα
2319 4127 2436 4186 τοῖς
2468 4119 2730 4192 παιδίοις,
2761 4121 2869 4176 άπὸ
2931 4116 3270 4196 βουϐωνικοῦ
3317 4122 3541 4193 πάθους,
3599 4130 3775 4197 μῆνας

2131 4207 2192 4268 δ’.
2227 4212 2331 4268 Καὶ
2363 4211 2470 4286 οὐχ
2497 4212 2660 4281 ἦττον
2721 4207 2987 4288 διέφθειρε
3020 4214 3113 4265 τεῦ
3166 4209 3433 4286 προτέρου
3489 4215 3778 4270 θανατικοῦ

1555 4336 1918 4393 XYLANDRI
1956 4340 2040 4393 ET
2078 4339 2292 4394 GOARI
2333 4339 2552 4393 ΝΟΤΑΞ.

439 4452 552 4524 (Ur)
581 4453 787 4508 Nescio
820 4452 963 4524 quid
995 4451 1071 4524 sit
1101 4453 1234 4524 hoc.
1270 4452 1384 4505 nisi
1415 4451 1682 4524 fortassis
1714 4453 1840 4524 sub
1891 4454 1986 4524 fur
2047 4459 2089 4522 D
2122 4465 2216 4510 cat
2247 4454 2533 4510 Meursius
2554 4453 2892 4524 legendum,
2913 4454 3006 4508 cui
3033 4453 3330 4508 assentior
3349 4453 3510 4510 Pauli
3533 4457 3776 4513 Diaconi

367 4519 778 4578 caininittere.
815 4519 1092 4596 Sic_in_fra
1141 4523 1200 4576 in
1250 4524 1547 4596 Pogonato
1598 4519 1916 4596 ἒφοῦλκισεν
1962 4522 2015 4578 ἐν

367 4598 590 4653 Συκαῖς.
623 4596 880 4648 Zonaras
912 4592 1089 4647 habet
1119 4607 1221 4647 eos
1252 4593 1596 4648 intorfectos
1637 4592 1838 4652 fuisse.
1877 4597 2016 4651 For-

365 4664 648 4746 tassis‘de
674 4665 1156 4746 '[icissuspr-nsos
1188 4664 1518 4746 crederem1
1549 4665 1662 4720 nisi
1687 4668 2016 4746 morisesse

367 4735 638 4791 suburbii
669 4734 962 4806 Cpolitani
996 4751 1213 4806 nomen
1238 4751 1308 4789 ex
1339 4737 1466 4805 ejus
1501 4737 1740 4792 Leontio
1773 4739 2016 4793 didicis-

367 4808 660 4866 sem.XvL.
681 4805 749 4846 4—
764 4807 890 4860 Non
909 4805 1197 4876 suppliciis
1217 4807 1689 4877 quibuscunque.
1715 4815 1780 4862 ut
1801 4817 2017 4864 nutans

364 4880 680 4948 interpres,
717 4877 1141 4948 sed_suspendio
1166 4879 1392 4946 f‘urcave
1425 4883 1679 4948 peremit.
1717 4881 1890 4934 GOAR.

435 4945 550 5023 (45)
583 4945 736 5024 Μετὰ
767 4945 1016 5024 φιλανῖας
1059 4945 1216 5002 haud
1268 4945 1472 5024 dubieA
1499 4951 1853 5024 mendosum
1905 4959 2014 5019 est,

364 5029 431 5078 ut
461 5020 832 5093 et'pleraque
856 5037 986 5092 quae
1013 5020 1708 5093 sequunturdifﬁcillima
1729 5023 2014 5093 interpre-

364 5101 510 5159 tatu,
548 5091 673 5150 tum
707 5091 846 5164 quia
869 5091 1102 5147 mendis
1133 5107 1252 5164 non
1283 5098 1510 5150 vacant.
1530 5100 1673 5164 tum
1705 5095 1844 5164 quia
1873 5091 2015 5148 bar-

363 5167 522 5222 baris
553 5173 613 5220 et
642 5163 998 5220 semilatinis
1029 5163 1268 5218 vocibus
1299 5163 1652 5220 intermistis
1685 5163 2014 5237 perspicui-

365 5243 482 5292 tate
515 5243 836 5306 carent.ut
867 5241 925 5290 et
955 5237 1134 5306 paulo
1165 5241 1324 5289 ante.
1359 5237 1496 5289 XYL'

437 5309 547 5378 (46)
584 5305 860 5379 Κτητὸρια
912 5305 1055 5378 quid
1091 5306 1244 5379 sint,
1296 5307 1498 5379 nescio
1549 5324 1710 5362 sane.
1761 5311 2022 5378 Apparet

361 5377 545 5432 fuisse
575 5379 754 5433 festos
774 5377 946 5446 dies,
971 5378 1141 5432 initio
1167 5377 1416 5448 imperio
1440 5379 1560 5432 sive
1585 5379 1755 5433 alteri
1789 5377 1873 5434 rei
1907 5379 2016 5433 de-

365 5449 636 5520 stinatos,
664 5450 762 5520 qui
801 5467 1010 5520 magno
1040 5455 1280 5519 sumptu
1314 5456 1644 5520 agerentur.
1675 5453 1871 5520 Neque
1903 5467 2020 5505 me-

364 5519 510 5589 mini
536 5519 762 5589 aliquid
791 5521 862 5573 de
887 5519 958 5574 iis
980 5520 1116 5574 alibi
1142 5521 1372 5589 legisse.
1402 5520 1611 5575 XYL.-—
1629 5521 1907 5589 Κτητὸηια
1923 5525 2018 5573 τοῦ

364 5586 1074 5679 διωδιεκαημὲρουηςοῃυὶυἱα
1107 5586 1424 5679 ttetit-I'ue‘que
1467 5595 1688 5679 ⁷ἱηίξέρίίι
1731 5586 1843 5679 per
1869 5593 2020 5679 ,ἀπεο-

363 5662 538 5716 decim
567 5660 745 5716 diesa
775 5660 990 5716 Christo
1017 5669 1158 5716 nato
1189 5663 1534 5718 celebranda.
1561 5660 1844 5737 Κλητόρια
1857 5664 2018 5735 judi-

2125 4527 2474 4582 auctnritate
2505 4520 2716 4581 ductus
2745 4543 2756 4578 :
2785 4520 3054 4597 prandia,
3087 4541 3212 4593 quae
3243 4542 3311 4579 ex
3353 4543 3504 4582 more
3548 4531 3690 4597 ﬁunt
3720 4531 3777 4583 in

2125 4599 2306 4652 decem
2337 4603 2387 4652 et
2418 4614 2608 4668 novem
2639 4596 2906 4651 tit-cubitis
2933 4612 3140 4668 cessare
3175 4599 3330 4664 fecit.
3392 4596 3779 4668 Theophanes

2123 4664 2606 4741 primumii/@27er
2637 4672 2938 4741 vocaverat
2971 4687 2984 4736 ;
3021 4667 3348 4741 eademque
3381 4664 3777 4740 Luitprandus

2122 4738 2196 4802 in,
2233 4743 2262 4794 3
2295 4738 2486 4794 fusius
2518 4738 2836 4810 describit:
2874 4741 2960 4794 Est
2999 4739 3192 4793 domus
3221 4739 3403 4811 Vjuata
3453 4738 3775 4811 Hippodro—

2123 4829 2288 4870 mum.
2318 4811 2630 4883 aquilonem
2657 4826 2861 4870 versus.
2892 4813 3046 4865 mir.r
3079 4817 3129 4864 et
3175 4810 3491 4865 altitudinis
3547 4810 3598 4866 et
3642 4813 3779 4883 pul-

2123 4881 2474 4939 chritudinis.
2508 4888 2636 4952 qua:
2664 4884 2803 4936 Deca
2860 4898 3034 4935 ennea
3080 4883 3266 4935 cubita
3315 4889 3564 4939 vocatur.
3619 4881 3776 4949 Quod

2124 4969 2318 5020 nomen
2349 4970 2459 5006 non
2485 4955 2553 5006 ab
2585 4970 2659 5012 re.
2695 4955 2788 5008 sed
2817 4969 2885 5006 es:
2915 4953 3313 5020 apparentibus
3351 4956 3528 5008 rausis
3577 4958 3777 5010 sortita

2127 5031 2238 5078 cst:
2273 5019 2400 5076 δέκα
2430 5027 2570 5078 enim
2603 5025 2803 5086 Graece,
2864 5019 3056 5076 Latine
3103 5023 3304 5090 decem,
3366 5022 3514 5078 ἐννέα
3560 5041 3775 5092 novem,

2125 5095 2309 5150 cubita
2331 5095 2631 5150 acubando
2661 5095 2932 5149 inclinata
2961 5095 3044 5147 vel
3075 5101 3303 5148 curvata
3352 5111 3640 5164 possumus
3685 5097 3780 5152 di-

2126 5182 2264 5222 cere.
2299 5169 2414 5220 Hor
2443 5174 2624 5220 autem
2660 5167 2784 5218 ideo
2822 5166 3084 5232 quoniam
3137 5167 3353 5233 quidem
3407 5169 3779 5222 noremderim

2125 5253 2326 5291 mensa:
2354 5239 2413 5290 in
2443 5254 2506 5290 ea
2535 5253 2656 5307 qua:
2683 5236 2976 5290 serundum
3007 5251 3227 5290 carnem
3259 5243 3336 5290 est
3391 5242 3604 5292 Uornini
3647 5242 3779 5294 Jesu

2130 5308 2330 5362 Christi
2357 5310 2660 5362 Nativztate
2697 5313 3094 5378 apponuntur;
3134 5308 3191 5360 in
3234 5308 3433 5378 quibus
3476 5312 3780 5379 imperator

2122 5381 2338 5450 pariter
2394 5387 2444 5434 et
2500 5381 2738 5434 conviva
2795 5394 2904 5432 non
2946 5379 3220 5450 sedendo,
3287 5385 3347 5433 ut
3395 5383 3602 5436 caeteris
3666 5382 3782 5436 die-

2131 5449 2245 5517 bus,
2279 5451 2371 5504 sed
2417 5450 2776 5505 rreumbendo
2831 5449 3131 5520 epuhmtur
3156 5465 3177 5509 ;
3237 5451 3436 5520 quibus
3489 5453 3549 5506 in
3592 5453 3782 5510 diebus

2127 5538 2237 5576 non
2297 5525 2591 5588 argenteis,
2651 5522 2744 5576 sed
2797 5525 3010 5574 tantum
3067 5521 3218 5574 auris
3275 5525 3416 5576 ossis
3495 5525 3782 5579 ministra—

2129 5599 2242 5650 tur.
2277 5599 2388 5646 etc.
2424 5592 2720 5647 Videndus
2789 5591 3174 5646 Leunclavius
3225 5593 3287 5645 V.
3343 5593 3651 5650 (lonocluc.
3717 5596 3780 5650 in

2129 5665 2406 5719 Onomast.
2439 5663 2614 5719 Gou.
