4126 6296
306 372 434 431 737

1462 369 2007 434 HlSTOBlARUM
2050 370 2602 434 COMPENDIUM.

3615 377 3743 437 738

308 510 490 561 πᾶσαν
529 507 628 576 τὴν
660 504 823 560 πόλιν
850 504 1035 559 καὶτὰ
1089 498 1282 579 πόῤῥω
1336 500 1559 574 ταύτης.
1595 506 1684 577 [Ρ.
1717 505 1842 576 386]
1877 504 1965 560 Ἐν

2093 506 2335 574 stragem
2383 504 2444 560 in
2496 507 2642 564 urbe
2694 515 2752 565 et
2799 509 3043 565 remotis
3091 508 3271 563 etiam
3323 508 3470 565 locis
3523 509 3729 566 edidit.

316 590 389 664 δὴ
421 594 737 670 Ἀντιοχείᾳ
764 591 930 648 πάλιν
964 592 1155 667 γέγονε
1211 593 1432 666 σεισμὸς
1492 588 1680 667 μέγας.
1732 593 1881 649 Μετᾶ
1911 590 1971 647 δὲ

318 682 524 759 χρόνον
580 685 701 739 τινὰ
757 682 973 761 γέγονεν
1043 684 1279 757 ἀστέρων
1336 678 1539 757 δρόμος
1599 682 1688 761 ἀφ’
1744 682 1969 757 ἑσπέρας

313 769 423 834 ἓως
483 774 652 847 πρωῒ,
707 771 845 828 ὥστε
900 772 1103 832 πάντας
1163 770 1693 846 ὑπερεκπληττεσθαι
1747 770 1837 825 καὶ
1879 770 1972 826 λέ-

315 882 434 936 γειν
468 863 554 916 ὅτι
581 861 869 917 πίπτουσιν
926 861 979 915 οἱ
1033 860 1274 936 ἀστέρες,
1329 859 1583 936 Γεγόνασι
1616 857 1673 914 δὲ
1709 859 1969 932 κοσμικαὶ

319 948 686 1026 δημοκρατίαι
716 954 826 1020 (47)
865 950 956 1004 καὶ
1005 944 1157 1027 φόνοι
1206 948 1412 1005 πολλοὶ
1460 949 1549 1004 καὶ
1586 947 1848 1024 πόλεμοι,
1879 950 1970 1005 καὶ

316 1041 491 1106 νόσοι,
522 1041 613 1094 καὶ
646 1040 861 1103 θάνατοι
914 1043 1029 1101 τοῖς
1087 1038 1393 1100 ἀνθρώποις
1429 1037 1527 1093 οὐκ
1572 1036 1849 1095 ἐπέλιπον.
1882 1040 1971 1095 Ἐν

324 1126 382 1184 δὲ
412 1127 729 1202 Ἀντιοχείᾳ
789 1127 925 1202 μετᾶ
968 1127 1031 1181 τὸ
1089 1124 1331 1201 γενέσθαι
1384 1127 1476 1182 τὸν
1523 1129 1743 1201 σεισμὸν
1785 1123 1972 1201 γέγονε

321 1218 566 1293 βρυγμὸς
597 1216 659 1273 ἐκ
686 1220 783 1272 τοῦ
834 1212 1061 1290 οὖροινοῦ
1119 1210 1521 1293 φοϐερώτατος,
1552 1218 1643 1270 καὶ
1673 1214 1878 1272 πολλοὶ
1912 1214 1973 1270 ἐκ

317 1310 417 1361 τοῦ
444 1303 615 1385 φόϐου
647 1303 935 1368 ἀπέθανον.
1129 1357 1132 1359 λ

390 1397 485 1467 Τῷ
514 1390 571 1449 δὲ
602 1393 691 1469 λβ¹
732 1390 837 1449 ἔτει
895 1400 994 1463 τῆς
1059 1392 1333 1469 βασιλείας
1391 1395 1776 1448 Ἰουστινιανοῦ
1809 1392 1973 1470 φιλο-

316 1483 662 1557 καλουμὲνου
692 1487 800 1539 τῶν
858 1481 1096 1558 τρούλου
1130 1486 1243 1556 (4-8)
1271 1489 1370 1551 τῆς
1426 1483 1688 1558 Μεγάλης
1740 1480 1974 1548 Ἐκκλη-

324 1571 445 1636 σίας
502 1575 588 1645 (ἦν
646 1573 749 1648 γὰρ
808 1567 1196 1648 διερῥηγμένος
1280 1569 1340 1625 ἐκ
1416 1575 1523 1625 τῶν
1569 1568 1970 1645 ἐπιγενομένων

318 1658 777 1731 ἀλλεπαλλήλων
808 1662 1089 1734 σεισμῶν),
1140 1657 1296 1713 ἔπεσε
1341 1659 1404 1713 τὸ
1448 1658 1771 1715 ἀνατολικὸν
1809 1657 1971 1732 μέρος

319 1757 426 1820 τῆς
478 1747 901 1823 προϋποστολῆς
952 1752 1049 1803 τοῦ
1106 1746 1262 1823 ἁγίου
1295 1747 1701 1820 θυσιαστηρίου,
1734 1747 1822 1801 καὶ
1856 1769 1972 1801 συν-

318 1839 506 1913 έτριψε
559 1839 623 1893 ’ιό
680 1834 940 1912 κιϐώριον
1001 1840 1113 1909 (4-9)
1170 1837 1261 1891 καὶ
1323 1839 1423 1906 τήν
1482 1835 1633 1909 ἁγίαν
1700 1836 1968 1912 τράπεζαν
2001 1873 2046 1936 Β

393 1927 409 1948 \
478 1927 492 1945 ς
577 1925 602 1943 ν
656 1922 686 1949 ρ
1028 1924 1077 1943 κε
1216 1924 1259 1959 τ’,
1352 1925 1364 1941 '
1638 1926 1649 1943 ‘
1752 1923 1788 1956 ,ν
1921 1946 1939 1954 ..

314 1948 411 1982 και
440 1948 531 1982 τον
572 1948 823 2000 αμοωνα.
888 1932 1126 1980 Συνιοων
1184 1946 1274 1980 ΟυΙ
1344 1946 1372 1979 ο
1441 1924 1695 2000 βασιλευς
1760 1944 1970 1999 ηγειριν

319 2017 531 2079 ἄλλους
561 2016 783 2078 πιντοὺς
813 2016 904 2070 καὶ
953 2012 1164 2087 ἐδέξατο
1222 2016 1315 2070 τὸν
1378 2015 1635 2090 τροῦλον,
1668 2015 1758 2070 καὶ
1797 2014 1971 2078 οὕτως

320 2104 540 2175 ἐκτίσθη
602 2104 833 2178 ὑψωθεὶς
885 2103 1049 2159 πλέον
1107 2102 1274 2159 έῖκοσι
1339 2099 1523 2157 ποδῶν
1579 2104 1654 2166 εἰς
1712 2104 1847 2178 ὖψος
1876 2108 1972 2159 τοῦ

323 2213 550 2269 πρωτου
598 2194 916 2265 κτίσματος.
980 2190 1236 2261 Ἐποίησε
1293 2188 1352 2246 δὲ
1409 2193 1499 2247 καὶ
1554 2190 1680 2255 τοὺς
1721 2190 1821 2263 ἔξω
1876 2196 1973 2247 τοῦ

319 2284 449 2335 ναοῦ
497 2283 610 2353 (50)
661 2281 939 2335 καιτέναντι
994 2283 1102 2334 τῶν
1158 2277 1265 2333 ἔσω
1317 2283 1523 2334 πξνσῶν
1575 2281 1689 2353 (51)
1715 2280 1973 2354 τέσσαρας

315 2370 557 2449 κοχλίας
588 2375 720 2445 (52),
753 2369 843 2432 οὕς
876 2369 979 2424 ἀπὸ
1011 2377 1115 2444 γῆς
1146 2369 1408 2449 φυτεύσας
1453 2373 1622 2448 μέχρι
1664 2374 1761 2424 τοῦ
1809 2370 1969 2443 τρου-

318 2459 424 2516 λου
475 2454 816 2531 ἀνεϐίϐασεν,
874 2451 1099 2533 ἔρεισμα
1154 2459 1382 2520 τούτους
1438 2461 1547 2513 τῶν
1604 2455 1810 2532 ἁψιδων
1865 2461 1974 2531 (53)

320 2548 817 2624 κατεργασάμενος.
877 2547 1015 2604 Τότε
1072 2552 1219 2602 ποιεῖ
1274 2547 1364 2602 καὶ
1420 2549 1520 2616 τὴν
1577 2546 1728 2621 ἁγίαν
1783 2546 1976 2623 τράπε-

324 2643 446 2710 ζαν,
477 2632 633 2715 ἔργον
664 2637 967 2711 ἀμίμητον·
1000 2636 1106 2691 ἀπό
1154 2641 1214 2691 τε
1259 2639 1358 2713 γὰρ
1402 2641 1631 2712 χρυσοῦ,
1665 2637 1755 2691 καὶ
1808 2636 1974 2712 ἀργύ-

330 2747 451 2803 ρου,
483 2726 571 2780 καὶ
604 2725 755 2781 Αίθου
786 2725 1062 2796 παντοίου,
1093 2727 1184 2781 καὶ
1217 2723 1402 2796 ξύλου,
1434 2726 1524 2780 καὶ
1559 2726 1857 2798 μετάλλου,
1889 2728 1977 2782 καὶ

325 2813 505 2878 εἴδους
535 2814 728 2884 ἄλλου,
760 2815 859 2871 ’ὅσα
886 2836 945 2870 τε
976 2817 1050 2890 γῆ
1108 2815 1258 2892 φέρει
1312 2815 1402 2869 καὶ
1455 2814 1719 2885 θάλασσα,
1751 2815 1842 2870 καὶ
1874 2821 1979 2877 πᾶς

328 2905 358 2959 ὁ
387 2904 613 2978 κόσμος,
650 2903 711 2959 ἐκ
738 2904 954 2960 πάντων
1015 2906 1240 2976 συνάξας
1299 2903 1367 2958 τὰ
1426 2903 1519 2976 μὲν
1578 2902 1860 2976 κρείττονα
1888 2903 1979 2958 καὶ

324 3014 629 3067 τιμιωτερκ
684 2991 932 3060 πλείονα,
1001 2992 1067 3047 τὰ
1138 2990 1196 3046 δὲ
1271 2990 1481 3047 ἐλάττω
1538 2991 1863 3065 ἐνδεέστερα,
1917 2993 1983 3048 τὰ

326 3083 502 3153 τηκτὰ
529 3083 692 3153 τήξας
748 3082 815 3137 τὰ
870 3082 1008 3155 ξηρᾶ
1064 3075 1319 3151 ἐπέϐαΛε,
1372 3079 1463 3135 καὶ
1507 3080 1680 3142 οὕτως
1708 3080 1784 3142 εἷς
1815 3082 1982 3136 τύπον

327 3172 553 3246 ἑπιγέας
592 3169 977 3246 ἀνεπλήρωσεν
1037 3169 1226 3239 αὐτὴν,
1287 3171 1405 3225 ὃθεν
1462 3171 1554 3225 καὶ
1601 3170 1832 3242 ποικίλη
1866 3193 1983 3247 φαι-

2078 592 2393 648 Antiochia
2421 610 2661 651 rursum
2712 604 2883 653 terrze
2932 601 3095 652 motu
3146 602 3237 652 est
3264 614 3572 654 concussa.
3607 598 3729 653 Ali-

2079 686 2299 750 quanto
2332 688 2466 753 post
2494 685 2798 742 stellarum
2826 686 3129 741 discursus
3153 686 3266 740 fuit
3294 704 3329 741 a
3357 704 3599 759 vespera
3628 704 3729 742 us-

2080 787 2193 841 que
2225 772 2298 826 ad
2327 788 2626 841 auroram,
2661 776 2741 830 ita
2768 780 2833 830 ut
2871 793 3079 830 omnes
3108 778 3405 846 perterriti
3459 778 3728 833 dicerent

2081 863 2284 918 stellas
2316 863 2610 920 decidere.
2645 867 2903 921 Fuerunt
2934 868 3112 921 etiam
3144 868 3364 938 passim
3397 870 3459 923 in
3501 869 3727 924 mundo

2080 951 2283 1022 papuli
2306 953 2648 1024 seditiones,
2671 954 2882 1024 credes,
2904 954 3079 1021 bella,
3104 956 3413 1025 morbique
3433 964 3491 1012 et
3508 963 3728 1012 mortes

2080 1039 2353 1095 homines
2403 1058 2524 1096 non
2582 1042 2880 1098 faciebant
2925 1043 3160 1097 missos.
3217 1045 3543 1100 Antiochiae
3598 1052 3734 1118 post

2083 1133 2253 1184 terra:
2286 1135 2512 1185 motum
2537 1130 2754 1186 stridor
2774 1131 2905 1187 coeli
2928 1131 3261 1187 horrendus
3283 1150 3461 1203 supra
3486 1135 3728 1189 modum

2083 1218 2326 1286 exstitit,
2360 1218 2529 1289 cujus
2562 1224 2724 1276 metu
2756 1220 2928 1275 multi
2961 1220 3235 1276 exstincti
3268 1227 3425 1277 sunt.

2152 1401 2321 1453 Anno
2344 1398 2641 1454 tricesimo
2673 1400 2932 1454 secundo
2959 1400 3135 1455 trulla
3150 1402 3346 1473 magni
3371 1403 3573 1474 templi
3596 1420 3733 1458 con-

2080 1487 2410 1542 tinentibus
2442 1493 2614 1543 terrae
2640 1489 2901 1544 motibus
2931 1495 3212 1561 perrupta
3242 1490 3737 1563 concidit,etpars

2081 1578 2387 1632 orientalis
2416 1578 2661 1633 fornicis
2692 1584 2910 1634 sanctae
2942 1596 3080 1647 arae,
3136 1574 3529 1651 contrivitque
3569 1583 3733 1637 cibo-

2080 1667 2234 1720 rium
2267 1672 2325 1721 et
2353 1683 2582 1721 sacram
2629 1684 2895 1722 mensam
2929 1674 2989 1723 et
3034 1675 3390 1741 suggestum.
3425 1670 3490 1725 Id
3528 1671 3734 1726 videns

2081 1755 2404 1825 imperator
2454 1755 2571 1810 alia
2617 1756 2939 1827 pinnacula
2988 1757 3191 1824 erexit,
3241 1757 3455 1828 quibus
3494 1760 3735 1814 trullam

2080 1844 2396 1914 exciperet.
2456 1845 2659 1914 Itaque
2726 1845 3056 1900 instaurata
3113 1850 3223 1914 est,
3282 1846 3486 1918 viginti
3553 1848 3734 1919 pedes

2086 1932 2259 1987 altior
2292 1934 2439 1987 677
2478 1950 2655 2004 quam
2687 1934 2880 1989 fuerat
2907 1940 3062 1990 ante.
3094 1935 3305 1990 Eduxit
3333 1936 3506 1991 etiam
3543 1954 3577 1992 a
3607 1939 3733 1993 solo

2085 2038 2271 2093 usqus
2301 2021 2375 2076 ad
2426 2022 2665 2077 trullam
2715 2029 2970 2093 quatuor
3018 2024 3294 2079 cochlens
3343 2026 3402 2078 in
3446 2027 3736 2081 exteriore

2089 2110 2293 2182 templi
2325 2114 2510 2181 parte,
2538 2127 2567 2164 e
2596 2112 2838 2183 regione
2860 2112 3233 2168 internorum
3250 2113 3734 2184 pinnaculorum,

2087 2216 2220 2269 qum
2250 2198 2505 2253 cochleas
2535 2198 2815 2254 fulcirent
2872 2200 3184 2257 fornicem.
3230 2203 3467 2257 Sacram
3499 2220 3738 2274 quoque

2088 2303 2355 2342 mensam
2373 2293 2496 2341 tum
2508 2286 2821 2359 fecit,opus
2838 2289 3168 2344 imitatione
3182 2290 3347 2344 nulla
3359 2292 3739 2361 aequandum,

2089 2375 2412 2431 Constabat
2466 2392 2632 2441 auro,
2694 2382 2960 2448 argento,
3019 2379 3183 2433 omni
3235 2380 3471 2450 generis
3528 2380 3742 2451 lapidi-

2090 2465 2220 2530 bus,
2256 2464 2456 2536 lignis,
2483 2465 2760 2535 metallis,
2793 2466 3190 2538 omnibusque
3210 2467 3388 2523 rebus
3415 2485 3563 2539 quas
3588 2475 3745 2524 terra

2089 2555 2204 2610 fert
2234 2559 2292 2609 et
2320 2570 2482 2609 mare
2532 2559 2591 2609 et
2638 2559 2796 2610 totus
2846 2555 3125 2611 mundus.
3160 2557 3242 2610 Ex
3290 2557 3453 2612 omni
3495 2558 3746 2613 materia

2090 2642 2443 2714 pretiosiora
2498 2641 2688 2713 plura,
2764 2643 2972 2699 viliora
3041 2644 3323 2715 pauciora
3387 2645 3742 2718 collegerat;

2091 2730 2453 2802 liquatisque
2487 2730 2562 2788 iis
2611 2747 2741 2801 quae
2790 2731 3002 2799 ﬂuunt,
3036 2732 3193 2787 sicca
3240 2732 3360 2788 illis
3392 2735 3743 2802 immiserat,

2094 2825 2270 2889 atque
2292 2818 2374 2873 ita
2400 2817 2651 2873 formam
2669 2835 2891 2873 mensae
2916 2820 3267 2875 absolverat.
3291 2822 3497 2891 Itaque
3518 2824 3746 2877 varium

2095 2906 2245 2961 illud
2298 2923 2446 2977 opus
2498 2907 2919 2961 contuentibus
2967 2914 3269 2979 stuporem
3313 2909 3642 2980 injiciebat.
3682 2912 3746 2965 In

2095 2998 2301 3052 orbem
2349 2997 2505 3052 hanc
2551 2997 2756 3052 habuit
2806 2998 3310 3070 inscriptionem:
3359 3002 3482 3055 Tua
3529 3000 3599 3055 de
3634 3002 3748 3057 tuis

2096 3085 2202 3140 tibi
2250 3084 2556 3139 offerimus
2604 3085 2754 3139 servi
2803 3085 2906 3153 tui,
2958 3086 3212 3154 Christe,
3261 3087 3628 3143 Justinianus
3688 3093 3748 3143 et

2094 3174 2400 3230 Theodora
2415 3189 2428 3227 :
2444 3189 2513 3228 ea
2524 3178 2584 3227 tu
2598 3174 2891 3245 propitius
2903 3176 3332 3247 accipere,Filii
3347 3177 3448 3231 Dei
3463 3177 3742 3245 Verbum,

327 3233 530 3334 νομὲνη
559 3256 771 3334 θάμϐος
812 3233 1053 3335 ’παρέχει
1111 3265 1229 3322 τοῖς
1288 3258 1367 3322 εἷς
1422 3260 1590 3329 αὐτὴν
1625 3233 1977 3332 ἀτενίζουσιν,

2096 3263 2197 3335 qui
2228 3262 2416 3318 nostri
2449 3278 2629 3317 causa
2658 3278 2897 3318 carnem
2931 3264 3305 3336 assumpsisli
3338 3270 3396 3320 et
3424 3266 3583 3321 cruci
3613 3267 3742 3322 affi-

325 3350 626 3426 ἰπιγράψας
657 3349 902 3425 γῦρωθεν
956 3353 1148 3405 ταῦτα’
1206 3348 1290 3406 Τὰ
1345 3348 1412 3403 σὰ
1465 3348 1527 3404 ἐκ
1579 3354 1688 3405 τῶν
1746 3355 1853 3405 σῶν
1887 3372 1973 3406 σοι

326 3438 697 3516 προσφέρομεν
753 3439 805 3493 οἱ
859 3435 1050 3494 δοῦλοί
1126 3459 1245 3508 σου,
1317 3439 1533 3514 Χριστὶ,
1601 3441 1972 3503 Ἰουστινιανὸς

2096 3370 2206 3408 xus
2238 3351 2445 3417 fuisti;
2479 3367 2547 3406 ac
2580 3368 2689 3406 nos
2720 3351 2782 3405 in
2832 3358 2995 3409 recta
3042 3355 3125 3409 tui
3174 3354 3289 3409 ﬁde
3339 3371 3658 3424 conserva;
3693 3362 3755 3412 et

2086 3458 2264 3514 quam
2323 3439 2500 3495 nobis
2558 3440 2907 3496 commisisti
2966 3444 3421 3515 rempublicam,
3486 3461 3615 3500 eam
3670 3445 3745 3500 ad

1538 3566 1901 3623 XYLANDRI
1939 3569 2026 3623 ET
2067 3566 2285 3623 GOARI
2323 3565 2545 3619 NOTAE.

394 3692 512 3763 (47)
540 3693 689 3747 Puto
722 3707 857 3746 eum
886 3707 1115 3758 vocare,
1146 3707 1281 3746 eum
1331 3691 1589 3763 populus
1621 3697 1828 3748 contra
1857 3710 1983 3748 ma-

330 3763 647 3836 gistratum
678 3763 1202 3836 insurgit._Notum
1235 3768 1326 3836 est
1346 3763 1569 3836 dictum
1597 3764 1726 3834 ejus
1759 3765 1858 3835 qui
1889 3764 1985 3819 de-

326 3833 680 3890 mocratiam
713 3833 985 3890 suadenti
1019 3833 1344 3905 respondit,
1378 3835 1539 3889 domi
1572 3833 1692 3890 sum
1715 3833 1851 3890 eum
1879 3836 1981 3891 de-

327 3907 470 3962 bere
502 3921 633 3961 eam
665 3906 998 3974 instituere,
1034 3907 1083 3960 si
1129 3922 1261 3960 eam
1304 3906 1555 3978 formam
1587 3923 1720 3961 vere
1751 3907 1980 3978 probet.

326 3980 475 4034 XrL.
509 4005 577 4018 -ν
612 3978 859 4033 Partium
917 3982 975 4032 et
1023 3980 1349 4046 factionum,
1407 3977 1478 4031 de
1536 3977 1982 4048 quibus'supra.

330 4065 462 4105 sese
487 4053 695 4104 mutuo
727 4048 1162 4105 incursantium
1186 4054 1244 4102 et
1270 4049 1762 4110 tumultuantium
1793 4049 1980 4106 caedes.

332 4122 508 4175 Goaa.

401 4192 511 4261 (48)
540 4191 733 4258 Forte,
767 4207 902 4246 eum
933 4190 1300 4246 Justinianus
1331 4190 1393 4244 in
1449 4207 1515 4245 eo
1547 4195 1703 4245 esset
1729 4196 1795 4244 ut
1841 4189 1982 4245 trul-

329 4263 457 4318 lum
489 4262 778 4317 reﬁceret.
811 4263 947 4317 ΧΠ.
981 4293 1044 4302 -
1076 4263 1342 4317 Absoluta
1363 4261 1487 4331 jam
1518 4268 1686 4331 atque
1723 4264 1980 4330 picturis,

329 4334 605 4389 caelaturis
634 4340 685 4388 et
712 4350 873 4405 opere
919 4333 1165 4405 tesselato
1200 4337 1442 4403 perfecte
1480 4339 1751 4405 exornato
1794 4333 1981 4405 trullo,

335 4422 464 4475 quas
495 4400 789 4476 interpres
822 4404 1041 4460 omisit.
1077 4405 1143 4459 In
1175 4400 1312 4460 voce
1340 4401 1573 4474 τροῦλος
1606 4403 1704 4459 alii
1736 4400 1769 4457 λ
1802 4404 1959 4476 gemi

335 4482 499 4531 nant.
534 4478 711 4531 Gou.

2091 3693 2261 3763 stelce
2300 3692 2530 3761 quadrae
2586 3691 2933 3763 grandiores
2987 3699 3466 3749 concameratum
3529 3699 3746 3749 tectum

2094 3762 2523 3836 suffulcientes.
2565 3762 2740 3817 Casui
2792 3780 2910 3817 non
2964 3764 3223 3818 absimili
3274 3765 3653 3836 impediendo
3686 3765 3749 3819 in

2095 3836 2150 3906 S.
2185 3834 2360 3906 domo
2395 3834 2743 3906 Lauretana,
2776 3851 2967 3906 quam,
2988 3836 3319 3905 reparando
3351 3834 3436 3889 illi
3465 3837 3750 3906 quiCpoli

2094 3905 2323 3976 obtigit,
2354 3920 2556 3976 curam
2585 3904 2911 3976 adhibitam
2937 3904 3218 3961 describit
3238 3904 3580 3961 Turselinus
3604 3904 3751 3961 Ean-

2093 3975 2676 4050 retanaahistorieel.
2735 3977 3001 4050 ul,rc._7:
3036 3978 3294 4035 Basilica?
3332 3979 3544 4034 testudo
3578 3978 3750 4050 (trul-

2092 4046 2209 4115 lus)
2236 4046 2418 4101 stabat
2443 4052 2564 4100 octo
2598 4046 2860 4101 latericiis
2910 4046 3110 4103 innima
3136 4051 3287 4118 pilis.
3345 4046 3609 4105 Attamen
3638 4053 3751 4105 sive

2090 4123 2590 4187 superstructorum
2613 4119 2896 4186 parietum
2936 4119 3260 4176 altitudine.
3293 4122 3406 4176 sive
3435 4123 3612 4175 nimio
3644 4123 3754 4175 im-

2086 4190 2259 4259 positi
2286 4187 2498 4257 plumbi
2521 4189 2770 4256 pendere
2811 4188 3164 4257 degravanle,
3211 4193 3558 4247 succumbere
3588 4208 3752 4246 onere

2091 4266 2140 4314 et
2169 4261 2339 4313 rimas
2367 4274 2529 4329 agere
2558 4265 2779 4328 repente
2826 4261 3010 4329 erepit,
3043 4278 3184 4316 novo
3231 4263 3378 4316 cella
3426 4269 3749 4317 ornamento

2091 4330 2353 4401 cellaeque
2374 4332 2463 4384 cui
2486 4327 2807 4401 imlninebat
2816 4327 3024 4398 finitam
3040 4335 3261 4387 ruinam
3277 4334 3539 4387 minitans
3559 4334 3750 4401 (sacra

2091 4399 2379 4474 cellasub
2419 4399 2598 4465 tholo,
2650 4400 2751 4455 ubi
2796 4402 2905 4457 CP.
2937 4402 3229 4474 ciborium
3270 4404 3443 4473 eique
3474 4399 3747 4474 supposi-

2091 4478 2217 4546 tum
2248 4471 2450 4546 altare
2471 4476 2735 4546 erectum
2768 4478 2912 4537 erat,
2947 4473 3139 4530 locata
3168 4481 3300 4541 est).
3336 4471 3481 4530 Hinc
3507 4471 3747 4546 quihus-

401 4546 513 4619 (49)
544 4548 782 4619 Trnllus
811 4551 1068 4619 quatuor
1095 4545 1392 4601 columnis
1416 4546 1491 4601 ad
1513 4546 1717 4619 altaris
1738 4546 1982 4619 angulos
2018 4555 2058 4617 ι)
2091 4544 2228 4619 dam
2275 4543 2453 4619 interj
2466 4536 2649 4619 ectis;
2698 4536 2984 4612 confestim
3033 4546 3121 4619 de;
3152 4536 3425 4619 communi
3475 4536 3751 4603 sententia

334 4618 464 4673 sitis
494 4618 696 4688 fultus,
750 4617 1017 4690 illudque
1073 4623 1278 4690 tegens
1337 4623 1394 4672 et
1444 4618 1735 4690 ambiens,
1776 4617 1982 4688 quales

330 4690 682 4761 plerumque
714 4688 943 4746 veteres
992 4688 1259 4744 ecclesias
1315 4691 1594 4744 Romanas
1635 4688 1829 4761 adhuc
1860 4705 1981 4744 ser-

335 4760 492 4833 vant,
522 4760 789 4833 κιϐώριον
832 4765 944 4833 est.
995 4761 1321 4833 Germanus
1368 4761 1432 4815 in
1479 4760 1984 4833 Mystagogia,_Co-

340 4830 514 4904 diuus
545 4832 616 4887 de
648 4830 868 4904 templo
919 4832 1005 4904 S.A
1038 4831 1289 4904 Sophim,
1326 4837 1408 4904 get
1461 4830 1581 4904 nos
1600 4830 1685 4886 ex'
1702 4831 1786 4885 eis
1816 4831 1988 4900 plura

341 4902 498 4957 circa
527 4901 854 4960 Graecarum
887 4901 1273 4958 ecclesiarum
1306 4902 1786 4974 descriptionem.
1808 4904 1982 4974 Bosa.

415 4974 522 5041 (50)
553 4976 799 5046 Reliqua
829 4974 1006 5046 etiam
1030 4974 1268 5046 reliqui,
1292 4990 1366 5029 ne
1400 4973 1545 5046 mihi
1574 4979 1631 5027 et
1659 4973 1792 5046 aliis
1820 4973 1985 5028 nullo

339 5042 758 5129 fructnnessein
806 5044 1114 5129 molestus.
1164 5042 1399 5129 Πίνσους
1452 5044 1982 5129 pinnacula‘verti‘.

338 5115 511 5188 Apud
541 5117 781 5188 S_uidaxn
812 5123 920 5181 est,
953 5115 1113 5177 πισὸς
1168 5116 1256 5170 καὶ
1296 5111 1527 5188 νπινσὸς,
1560 5114 1722 5176 πεσὸς
1756 5111 1814 5168 δὲ
1841 5115 1987 5188 παρὰ

337 5184 654 5259 Προκοπίῳ.
708 5191 787 5243 Ex
816 5191 1041 5244 Zonara
1092 5204 1235 5243 sane
1294 5187 1676 5259 liquet,cum
1706 5184 1986 5258 magnum

335 5258 626 5331 templum
657 5260 731 5315 ab
763 5261 1120 5331 imperatore
1151 5266 1308 5331 esset
1329 5258 1456 5331 jam
1487 5258 1819 5331 absolutum
1852 5260 1987 5329 (huc

335 5327 601 5458 respici;
638 5349 743 5388 vox
800 5327 1349 5409 φῦιοκαλουμὲνου),’
1384 5348 1587 5387 casum
1648 5330 1806 5385 hunc
1855 5327 1984 5385 eve-

338 5417 521 5458 nisse.
609 5421 695 5458 YL.

338 5417 521 5459 111586.
556 5417 695 5461 ᾹΥῙι.

407 5474 517 5545 (51)
570 5482 613 5528 Α
665 5476 808 5546 pisis
866 5479 927 5546 et
962 5472 1380 5546 leguminibus
1438 5472 1687 5546 ridicule
1734 5471 1986 5527 lectores

337 5552 499 5600 arcet
526 5544 839 5624 Meursius,
871 5544 980 5624 ubi
1006 5544 1110 5615 pro
1143 5561 1280 5600 voce
1329 5544 1516 5624 πινσός
1552 5546 1779 5624 pinsum
1810 5547 1869 5624 et
1884 5546 1983 5624 pi:

331 5631 451 5688 sum
508 5619 763 5688 reponit.
821 5614 1053 5671 insulse
1111 5631 1346 5688 quoque
1383 5615 1691 5688 pinnacula
1729 5614 1990 5688 reddidit

330 5685 653 5758 Xylander,
677 5705 811 5761 quae
841 5685 1433 5757 sustantacula'sunt,
1451 5686 1588 5758 pilae
1617 5685 1904 5741 nimirum
1930 5691 1989 5741 et

2092 4614 2426 4688 (Sangallus
2485 4614 2844 4670 architectus
2895 4632 3030 4671 cum
3080 4617 3349 4688 Nerucio)
3387 4619 3538 4688 pilas
3596 4625 3750 4674 tanto

2093 4685 2257 4741 (meri
2288 4685 2551 4759 impares,
2591 4688 2883 4759 intentiore
2953 4705 3091 4742 cura
3142 4685 3358 4744 munire
3387 4685 3480 4745 _ac
3528 4694 3752 4759 ﬁrmare

2093 4757 2441 4831 aggreditur.
2473 4757 2647 4831 Igitur
2676 4758 2882 4813 validis
2908 4761 3161 4831 trabibus
3209 4757 3537 4816 testudinem»
3555 4764 3748 4831 proti-

2094 4846 2196 4884 nus
2240 4828 2427 4900 fulcit,
2479 4834 2532 4882 et
2587 4830 2791 4883 circum
2838 4829 3045 4898 effossis
3099 4838 3320 4887 strenue
3370 4828 3748 4900 fundamentis

2087 4901 2237 4971 pilas
2285 4899 2524 4973 impigre
2572 4902 2832 4973 convestit
2878 4904 3150 4971 quadrato
3199 4899 3403 4973 lapide,
3448 4907 3747 4972 ﬁrmatque

2095 4978 2338 5042 quatuor
2368 4972 2511 5024 inter
2557 4971 2802 5042 alternas
2843 4973 2992 5041 pilas
3035 4971 3269 5028 arcubus
3314 4974 3617 5028 minoribus
3647 4971 3743 5027 ea:-

2094 5042 2337 5106 structis,
2385 5042 2484 5110 qui
2528 5041 2950 5112 superimposito
2999 5047 3151 5098 oneri
3199 5048 3382 5112 forent
3428 5046 3579 5098 satis.
3618 5044 3743 5098 Uno

2094 5114 2269 5188 verbo
2327 5108 2532 5188 auctor
2558 5108 2793 5188 joster
2846 5108 3064 5188 ἤγειρεν
3125 5108 3329 5175 ἄλλους
3386 5111 3610 5174 πινσοὺς
3650 5112 3745 5167 καὶ

2095 5180 2309 5252 ἐδέξατο
2336 5182 2428 5235 τὸν
2448 5178 2711 5254 κτροῦλον.
2752 5178 2927 5239 Goaii.

2165 5256 2280 5324 (52)
2312 5253 2536 5308 Gradus
2568 5253 2805 5327 rotundi
2838 5271 2942 5325 per
2962 5272 3169 5327 gyrum
3193 5256 3254 5311 in
3284 5256 3471 5310 altum
3505 5256 3752 5312 tenden-

2096 5332 2206 5391 tes,
2227 5341 2479 5407 quorum
2499 5325 2755 5407 exterior
2771 5325 3068 5407 structura
3087 5326 3235 5407 pilas
3256 5327 3571 5407 interiores
3593 5345 3747 5384 com-

2095 5395 2402 5451 muniebat
2432 5401 2489 5449 et
2520 5395 2765 5450 trullum
2798 5395 3214 5453 subfulciebat.
3251 5401 3425 5455 Gaon.

2167 5469 2279 5543 (€53)
2310 5468 2573 5532 Quatuor
2601 5467 2889 5543 nimirum
2921 5486 3166 5524 arcuum
3198 5477 3454 5542 quatuor
3481 5471 3633 5543 pilas
3663 5472 3745 5526 si-

2095 5538 2221 5595 mul
2278 5538 2760 5593 connectentium
2819 5545 2876 5594 et
2932 5538 3343 5598 concamerato
3405 5538 3564 5598 tholo
3625 5544 3745 5598 sive

2096 5610 2293 5679 trullo,
2329 5609 2403 5665 ad
2433 5625 2569 5665 eum
2599 5609 3040 5681 excipiendum,
3069 5616 3530 5687 suppositorum.
3567 5617 3745 5671 Gom.
