4124 6312
455 315 498 375 7
499 315 576 374 43

451 553 640 594 annos
671 537 974 593 tredecim.
1007 539 1243 595 Statura
1272 541 1385 594 fuit
1406 541 1590 611 justa,
1625 540 1794 596 latus.
1831 541 2091 610 grandis,

451 625 796 695 subcmsius,
829 625 1153 694 subfulvus,
1187 644 1320 683 rara
1345 627 1546 695 barba,
1578 628 1988 696 meticulosus,
2019 629 2094 684 ad

448 713 596 769 iram
624 715 922 786 proclivis.
951 716 1131 771 Paulo
1155 722 1290 788 post
1328 717 1518 772 factus
1542 722 1631 772 est
1653 717 1864 772 elatior
1884 717 2090 786 animi,

449 802 720 872 stolidus,
755 804 1040 875 pleraque
1071 805 1236 860 nullo
1285 806 1538 860 concilio
1570 823 1772 878 agens,
1794 806 2090 862 condendi

447 893 770 960 studiosus,
802 895 1154 967 magniﬁcus
1211 897 1274 950 in
1305 896 1602 952 donando.
1635 898 1790 952 Uxor
1819 897 1949 969 ejus
1978 897 2092 952 fuit

445 983 683 1054 SOphia.
716 989 1042 1040 Coronatus
1101 989 1190 1040 est
1219 985 1290 1040 ab
1324 987 1548 1040 Joanne
1609 985 1961 1041 scholastica
1992 1001 2091 1056 pa-

444 1068 873 1125 triarcha.Cum
897 1076 1094 1125 autem
1116 1071 1252 1142 pius
1274 1072 1681 1144 esset,templa
1704 1072 2086 1127 aJustiniano

445 1157 687 1214 condita
744 1159 1072 1226 exornavit,
1122 1165 1188 1214 ut
1232 1176 1514 1232 magnum
1561 1160 2001 1232 Apostolorum,
2030 1165 2088 1215 et

443 1251 692 1322 reliqua,
726 1253 990 1309 donariis
1016 1259 1074 1308 et
1104 1253 1518 1310 instrumentis
1541 1271 1610 1310 ea
1641 1254 1953 1325 redituque
1985 1255 2085 1308 in-

444 1345 680 1396 struens
709 1340 893 1414 largo.
916 1342 1072 1396 Misit
1091 1343 1271 1399 etiam
1301 1343 1620 1398 Photinum
1648 1343 1942 1411 abbatem,
1971 1343 2083 1398 Be-

441 1429 630 1486 lisarii
673 1431 1026 1503 privignum,
1058 1449 1191 1488 cum
1243 1433 1419 1504 plena
1461 1438 1751 1505 potestate
1783 1449 1989 1504 pacem
2020 1433 2082 1488 in

443 1520 718 1575 Ecclesiis
746 1521 973 1593 Egypti
1006 1527 1066 1577 et
1094 1522 1467 1578 Alexandriae
1501 1523 1884 1579 conciliandi.
1914 1524 2082 1578 Justi-

443 1625 558 1665 nus
581 1609 678 1664 hic
698 1627 826 1665 cum
864 1611 1072 1666 crebro
1103 1617 1416 1684 aegrotaret
1445 1629 1513 1668 ac
1543 1613 1828 1684 vertigine
1847 1629 2084 1668 vexare-

445 1703 540 1753 tur
569 1714 764 1770 neque
813 1699 874 1754 in
925 1700 1229 1772 publicum
1277 1701 1516 1774 prodire
1558 1707 1779 1772 posset,
1812 1707 2083 1774 potentes

1809 315 2132 378 GEORGII
2173 316 2515 382 GEDBENI

523 451 788 507 Justinus
844 451 1037 522 patria
1107 453 1288 519 Trax,
1343 451 1724 518 orthodoxus,
1787 451 2096 525 imperavit
2123 453 2180 520 Α

3738 343 3868 402 744

2281 453 2571 549 Ἰουῢστῖνος
2611 458 2639 512 ὁ
2675 458 3010 549 νόρθύδοξος,
3061 465 3089 519 ὁ
3150 469 3310 542 Θρᾲξ,
3370 465 3714 530 ἐϐασίλευσεν
3761 475 3860 549 ἔτη

2255 539 2267 558 ι
2373 539 2400 560 γ
2667 548 2694 560 ~
2742 543 2815 566 νυ
2937 547 2994 568 ν..
3195 539 3204 542 ⁷
3273 539 3283 542 ⁷
3847 539 3859 549 ’

2200 560 2284 635 ιγ.
2322 543 2498 604 Ουτος
2529 544 2596 612 ἦν
2629 566 2697 618 τῃ
2744 563 2858 619 ιοεᾳ
2900 549 3112 622 ευηλιξ,
3163 552 3395 628 πλατὺς,
3429 555 3676 635 εὕογκος,
3717 562 3861 618 ὑπό-

2191 627 2452 723 γλαδκος,
2513 631 2832 706 ὑπόξανθος,
2893 639 3163 710 σπανίζων
3191 645 3292 712 τήν
3323 627 3593 723 γενειάδα,
3644 627 3856 723 δειλὸς,

2193 717 2635 816 ὀξύθυμος·ήμετ’
2665 724 2855 816 ὀλίγον
2889 724 2948 783 δὲ
3007 717 3426 811 μεγαλόψυχος,
3479 717 3858 816 ἀπονενοημὲζ

2191 827 2309 878 νος,
2337 805 2690 904 ἀσύμϐουλος
2748 815 2815 870 τὰ
2868 817 3046 874 πλείω
3091 805 3480 898 -φιλοκτίστης,
3525 805 3856 904 μεγαλόδω-

2193 914 2306 968 ρος.
2366 897 2572 988 Τούτου
2622 903 2756 976 γυνή
2817 907 3010 983 Σοφία.
3075 897 3336 988 Ἑστέφθη
3371 911 3428 970 δὲ
3460 897 3562 971 ὑπὸ
3594 897 3854 974 "lwa'vvou

2191 985 2536 1074 πατριάρχου
2591 995 2689 1045 τοῦ
2743 993 2850 1048 ἀπὸ
2910 985 3308 1071 σχολαστικῶν.
3370 1001 3615 1074 Εὐσεϐὴς
3671 1005 3730 1062 δὲ
3767 1007 3850 1062 ὢν

2191 1071 2532 1148 ἐπεκόσμησε
2615 1079 2710 1141 τὰς
2803 1081 3096 1154 ἐκκλησίας
3187 1088 3282 1153 τὰς
3369 1071 3674 1160 κτισθείσας
3740 1097 3852 1152 ὑπὸ

2189 1167 2596 1236 Ἰουστινιανυῦ,
2671 1170 2771 1237 τήν
2843 1193 2905 1227 τε
2980 1173 3240 1251 Μεγάλην
3317 1179 3634 1252 ἐκκλησίαν,
3709 1185 3846 1249 τοὺς

2189 1249 2408 1348 ,ᾼγίους
2466 1254 2854 1348 Ἀποστόλους,
2903 1263 2992 1316 καὶ
3042 1249 3138 1328 τάς
3184 1263 3406 1338 λοιπὰς,
3463 1249 3846 1348 ’χαρισάμενος

2183 1339 2372 1403 αὐταῖς
2435 1343 2704 1416 κειμήλια
2757 1350 2847 1403 καὶ
2903 1345 3110 1408 ἔπιπλα
3155 1359 3268 1430 (65)
3317 1358 3406 1412 καὶ
3469 1365 3638 1416 πᾶσαν
3663 1365 3843 1438 πρόσ-

2187 1427 2332 1487 οδον.
2369 1431 2680 1528 ’ἐξπέστειλε
2715 1432 2791 1528 δὲ-
2821 1439 2913 1493 τὸν
2971 1435 3142 1496 ἀϐϐἆν
3193 1427 3467 1502 Φωτεινὸν
3498 1449 3590 1504 τὸν
3619 1427 3841 1528 πρύγο-

2185 1539 2274 1572 νον
2339 1520 2683 1596 Βελισαρίου,
2769 1523 2894 1588 δοὺς
2979 1528 3124 1602 αύτῷ
3195 1538 3356 1588 πᾶσιν
3425 1520 3674 1606 ἐξουσίαν’
3735 1520 3840 1595 τοῦ

2188 1607 2494 1682 εἰρηνεῦσαι
2552 1612 2646 1674 τὰς
2705 1615 3036 1686 Ἐκκλησίας
3089 1621 3366 1696 Αἰγύπτου
3434 1628 3522 1682 καὶ
3583 1627 3845 1700 Ἀλεξαν-

2187 1695 2387 1772 δρείας.
2421 1701 2594 1764 Οὗτος
2650 1702 2677 1755 ὁ
2737 1702 3028 1768 Ἰουστῖνος
3091 1695 3333 1786 συνεχῶς
3391 1695 3840 1790 νοσηλευόμενος

442 1787 706 1858 quidam,
739 1789 879 1859 quia
925 1789 999 1844 ad
1048 1791 1465 1862 imperatorem
1499 1791 1752 1862 querelae
1783 1791 1854 1846 de
1887 1791 1960 1846 iis
1991 1791 2068 1880 ai-

2187 1787 2277 1842 καὶ
2307 1787 2658 1846 σκοτοδινιῶν
2685 1793 2774 1847 καὶ
2835 1796 2910 1867 μὴ
2971 1793 3268 1870 δυνάμενος
3300 1787 3684 1879 προέρχεσθαι,
3717 1805 3844 1862 ἐπεί

439 1874 583 1929 ferri
613 1893 732 1932 non
763 1879 1260 1948 possent,nemini
1281 1885 1594 1950 parcentes
1619 1879 1888 1934 omnium
1908 1879 2084 1934 facul-

441 1969 592 2020 tates
642 1965 786 2022 681
823 1967 1218 2039 diripuerunt.
1252 1970 1397 2024 Cum
1452 1985 1586 2024 vero
1615 1969 1942 2040 imperator
1971 1969 2084 2024 ali-

440 2054 678 2125 quando
737 2072 799 2110 se
849 2056 1256 2129 recollegisset
1297 2063 1474 2128 atque
1519 2058 1594 2113 ad
1627 2059 1913 2130 templum
1944 2075 2085 2130 pro-

439 2141 714 2212 diisset,ii
745 2145 845 2216 qui
867 2145 1088 2217 injuria
1106 2145 1344 2202 fuerant
1362 2147 1579 2214 affecti,
1611 2146 2081 2202 misericordiam

435 2231 624 2304 ipsius
647 2249 860 2306 magna
882 2251 1021 2291 voce
1040 2236 1524 2308 imploraverunt.
1551 2236 1838 2292 Omnibus
1851 2253 1986 2309 ergo
2019 2237 2080 2292 in

435 2321 661 2376 curiam
683 2325 1041 2391 convocatis,
1057 2325 1322 2380 Justinus
1351 2341 1365 2381 :
1389 2325 1836 2395 Existimabam,
1859 2326 2072 2397 inquit,

435 2426 537 2464 vos
570 2427 780 2467 omnes
835 2412 1118 2484 pietatem
1148 2413 1360 2486 colere,
1399 2413 1726 2486 vestrisque
1757 2420 2068 2470 contentos

434 2497 662 2553 nemini
690 2516 1010 2571 egenorum
1057 2501 1338 2574 injuriam
1365 2502 1606 2558 inferre.
1637 2505 1841 2573 Atvos
1871 2509 1929 2559 et
1963 2505 2076 2558 Deo

436 2590 496 2642 et
518 2586 768 2658 imperio
794 2594 997 2644 nostro
1021 2589 1266 2646 adversa
1287 2591 1532 2663 patratis
1553 2591 1836 2648 facinora.
1865 2594 2079 2648 Hortor

433 2689 570 2748 ergo
592 2691 693 2731 vos
715 2681 782 2731 ut
801 2678 1159 2748 pauperibus
1182 2695 1290 2734 sua
1309 2678 1464 2734 ultro
1486 2678 1768 2748 reddatis,
1787 2697 1862 2736 ne
1884 2685 2079 2736 vestra

432 2763 700 2834 ipsorum
731 2763 890 2820 bona
936 2766 1242 2822 amittatis.
1274 2769 1552 2824 Potentes
1591 2768 1685 2823 his
1716 2769 1954 2837 auditis,
1990 2776 2074 2826 ta-

429 2871 569 2910 men
598 2857 1030 2913 consuetudine
1052 2857 1538 2928 ducti,deteriora
1568 2861 1745 2916 etiam
1777 2861 2075 2932 prioribus

434 2945 781 3014 adjecerunt
809 2963 822 3000 :
855 2947 1009 3002 acris
1057 2949 1217 3003 enim
1268 2967 1364 3005 res
1397 2955 1487 3005 est
1517 2951 1906 3018 consuetudo,
1941 2968 2072 3022 quas

433 3033 610 3088 etiam
628 3033 813 3090 altera
840 3040 1054 3092 natura
1069 3036 1392 3108 judicatur.
1424 3039 1628 3108 Itaque
1650 3055 1784 3095 cum
1815 3040 2075 3112 impera—

2187 1897 2326 1940 τινες
2377 1881 2514 1935 κατά
2569 1886 2676 1936 τῶν
2744 1879 3016 1942 δυναστῶν
3071 1887 3323 1964 ἐγκαλεῖν
3385 1893 3488 1948 οὐκ
3541 1894 3718 1968 εἶχον,
3780 1898 3842 1952 o't

2189 1963 2440 2023 δυνάσται
2489 1970 2635 2032 τινὸς
2683 1973 2760 2043 μὴ
2811 1963 3122 2050 φειδόμενοι
3152 1979 3222 2033 τὰ
3247 1981 3464 2036 πάντων
3504 1963 3839 2060 διήρπαζον.

2191 2055 2260 2114 Εἴ
2305 2078 2439 2114 ποτε
2491 2056 2682 2114 ἴσχυσε
2729 2061 3015 2134 προελθεῖν
3066 2065 3142 2128 εἷς
3175 2069 3271 2138 τὴν
3304 2055 3622 2142 ἐκκλησίαν,
3651 2075 3839 2148 τούτῳ

2185 2143 2425 2202 ἐπεϐόων
2467 2148 2520 2202 οἱ
2571 2145 2920 2223 ἀδικούμενοι
2953 2151 3140 2218 ἐλέους
3167 2163 3377 2232 τυχεῖν.
3414 2161 3622 2222 Πάντας
3649 2163 3836 2219 τοίνυν

2185 2234 2274 2290 ἐπὶ
2349 2235 2656 2312 συγκλήτου
2747 2239 3262 2316 προσκαλεσάμενος
3325 2240 3450 2326 ἔφη·
3503 2238 3664 2325 ”Εγὼ
3734 2253 3835 2326 μὲν

2185 2323 2345 2398 ᾤμην
2406 2325 2642 2389 ἅπαντας
2702 2327 2843 2401 ὑμᾶς
2899 2326 3135 2396 εὐσεϐεῖς
3209 2323 3374 2390 εἶναι-
3402 2337 3492 2392 καὶ
3549 2338 3833 2412 ἀρκεῖσθαι

2183 2418 2301 2476 τοῖς
2331 2413 2518 2482 ἰδίοις,
2557 2415 2646 2472 καὶ
2707 2414 2916 2488 μηδένα
2968 2424 3078 2475 τῶν
3137 2428 3379 2499 πτωχῶν
3409 2423 3636 2482 ἀδικεῖνο
3671 2429 3833 2502 ὑμεῖς

2184 2499 2242 2557 δὲ
2267 2503 2517 2559 τάναντία
2553 2509 2650 2560 τοῦ
2706 2511 2842 2562 Θεοῦ
2897 2509 3159 2584 πράττετε
3207 2514 3294 2568 καὶ
3343 2521 3444 2584 τῆς
3502 2515 3642 2588 ἐμῆς
3671 2521 3838 2594 βασι-

2182 2590 2352 2656 λείας.
2413 2591 2587 2651 Ἀλλά
2649 2599 2952 2672 παρακαλῶ
3001 2599 3163 2672 ὑμᾶς,
3197 2601 3263 2658 τά
3289 2609 3396 2659 τῶν
3431 2590 3842 2684 πτῶχῶνάπό-

2182 2679 2304 2738 δοτε
2333 2681 2567 2754 ἑκόντες,
2624 2687 2822 2756 μήπως
2872 2689 2963 2742 καὶ
3017 2689 3083 2744 τὰ
3124 2690 3274 2765 ὑμῶν
3307 2679 3636 2766 ἀπολέσητε.
3673 2701 3741 2756 Οἱ
3775 2699 3834 2756 δὲ

2177 2777 2338 2828 τοῦτο
2369 2773 2691 2836 ἀκούσαντες
2721 2776 2950 2849 χείρονα
2981 2777 3198 2851 μᾶλλον
3257 2782 3294 2853 ἢ
3343 2783 3606 2861 πρότερον
3638 2784 3834 2861 ἔπρατ-

2175 2881 2291 2929 τον,
2348 2861 2451 2916 ὑπὸ
2508 2861 2788 2932 συνηθείας
2843 2863 3154 2938 ἑλκόμενον
3214 2867 3385 2926 δεινὸν
3443 2873 3544 2948 γὰρ
3604 2879 3637 2945 ἡ
3689 2898 3808 2930 συν-

2177 2951 2355 3020 ήθεια,
2385 2947 2527 3005 ὥστε
2583 2951 2670 3004 καὶ
2703 2948 2922 3027 δευτέρα
2976 2954 3135 3032 φύσις
3193 2947 3532 3033 λελόγισται.
3567 2964 3720 3027 Αὖθις
3749 2962 3808 3020 δὲ

2173 3043 2272 3094 τοῦ
2325 3037 2593 3114 βασιλέως
2651 3038 2738 3095 ἐπὶ
2791 3043 3086 3115 πρόκενσον
3118 3046 3407 3120 προϊόντος
3440 3049 3684 3114 πλείονες
3720 3052 3816 3108 ἒπ-

421 3124 518 3175 tor
539 3139 746 3178 rursus
773 3123 847 3178 ad
871 3141 1228 3195 procensum
1273 3126 1560 3198 prodiret,
1591 3127 1792 3198 plures
1815 3145 1952 3184 eum
1982 3131 2066 3184 iu-

2178 3123 2369 3185 εϐόων.
2400 3129 2462 3187 Ὁ
2484 3127 2542 3184 δὲ
2571 3129 2734 3186 πάλιν
2795 3131 2848 3187 ἐν
2901 3138 2970 3209 τῇ
3028 3135 3348 3210 προελεύσει
3377 3143 3477 3210 τήν
3509 3143 3822 3220 σύγκλητον

421 3209 732 3266 vocabant.
783 3213 1005 3267 Rursus
1051 3213 1230 3286 igitur
1277 3215 1339 3270 in
1382 3231 1698 3288 progressu
1745 3223 2062 3274 convocato

419 3307 631 3356 senatu
651 3301 796 3356 dicit
820 3318 833 3356 :
857 3302 915 3356 Si
937 3319 1032 3358 me
1061 3305 1235 3359 aDeo
1283 3307 1504 3375 putatis
1535 3305 1954 3378 imperatorem
1983 3309 2066 3364 fa-

417 3394 600 3455 ctum,
633 3391 762 3462 ejus
815 3391 1035 3448 auxilio
1095 3393 1412 3464 imperare,
1451 3403 1654 3466 parete
1700 3397 1879 3468 justis
1909 3398 2062 3454 meis

413 3478 710 3534 mandatis
733 3485 793 3534 et
812 3479 1034 3552 injuria
1054 3481 1290 3538 afﬁcere
1322 3500 1614 3556 pauperes
1643 3485 1894 3540 desinite
1925 3502 1938 3540 :
1963 3503 2060 3542 so-

409 3566 486 3622 lis
509 3584 768 3640 namque
799 3569 1064 3641 piscibus
1091 3571 1278 3627 moris
1304 3577 1396 3628 est
1425 3578 1493 3627 ut
1519 3573 1769 3628 validior
1789 3580 1848 3629 et
1868 3575 2061 3646 major

413 3655 652 3713 devoret
670 3659 985 3715 minorem.
1021 3660 1186 3726 Quod
1212 3661 1259 3716 si
1293 3662 1442 3717 meis
1462 3662 1774 3734 prmceptis
1799 3679 1919 3718 non
1949 3681 2052 3735 pa-

405 3762 560 3814 rere,
592 3748 696 3803 sed
719 3749 781 3804 in
821 3748 1104 3821 rapiendo
1145 3750 1343 3806 aliena
1361 3751 1572 3806 vestris
1602 3751 1848 3823 obsequi
1879 3753 2053 3808 vultis

403 3835 851 3906 cupiditatibus,
885 3837 1069 3893 alium
1091 3839 1254 3894 vobis
1274 3845 1466 3896 vestro
1489 3840 1781 3896 arbitratu
1811 3841 2051 3914 deligite

404 3921 826 3994 imperatorem
853 3943 866 3980 :
891 3943 996 3998 ego
1027 3928 1187 3982 enim
1219 3929 1688 3998 contumacibus,
1721 3931 1960 4001 injustis
1980 3948 2049 3986 ac

403 4011 601 4069 aliena
621 4013 1022 4071 involantibus
1050 4017 1343 4089 imperare
1357 4019 1517 4074 nolo.
1553 4019 1636 4074 lbi
1661 4019 1902 4090 quidam
1924 4037 2050 4092 pro-

399 4117 624 4170 cerum,
657 4103 930 4160 libertate
957 4105 1191 4162 dicendi
1223 4114 1478 4179 sumpta,
1512 4109 1595 4163 ita
1624 4109 2042 4180 imperatorem

396 4190 759 4262 alloquitur:
803 4196 1111 4250 Constitue
1158 4213 1253 4252 me
1292 4214 1494 4252 coram
1525 4197 1802 4254 omnibus
1831 4199 2041 4270 praefe-

393 4285 554 4336 ctum
612 4281 800 4350 urbis,
833 4283 1169 4356 mandaque
1223 4303 1297 4340 ne
1355 4288 1706 4359 cujusquam
1747 4289 2039 4344 rationem

391 4369 684 4440 potiorem
709 4371 948 4441 justitia
973 4372 1247 4442 habeam,
1279 4380 1462 4446 utque
1491 4375 1640 4431 mihi
1673 4381 1728 4432 te
1759 4377 1830 4432 de
1860 4377 2037 4434 rebus

393 4460 1068 4516 necessariismonituro
1091 4480 1328 4535 semper
1343 4465 1536 4520 aditus
1558 4471 1754 4537 pateat
1777 4483 1789 4521 :
1815 4467 2033 4539 recipio

396 4545 461 4601 in
490 4562 586 4602 me
617 4549 966 4604 effecturum
990 4567 1086 4606 me
1105 4552 1264 4608 intra
1283 4570 1664 4622 mensem,ne
1691 4556 1816 4611 ulla
1845 4557 1922 4612 sit
1950 4557 2040 4612 vel

398 4633 552 4689 682
585 4633 752 4691 illata
807 4636 870 4691 in
925 4637 1072 4694 urbe
1121 4640 1210 4695 vel
1257 4647 1499 4714 accepta
1546 4643 1787 4715 injuria.
1821 4645 2038 4710 Quodsi

398 4723 531 4793 quis
555 4723 816 4794 proferet
833 4726 1068 4798 culpam
1089 4745 1266 4800 quam
1289 4747 1394 4803 ego
1417 4731 1563 4785 mihi
1583 4733 1904 4788 indicatam
1922 4751 2043 4789 non

394 4812 756 4883 puniverim,
789 4816 979 4887 capite
1001 4833 1096 4872 me
1127 4819 1304 4890 plecti
1318 4819 1524 4890 jubeo.
1558 4821 1902 4892 Pergratum
1931 4823 2043 4879 hoc

395 4899 742 4973 imperatori
773 4903 902 4974 fuit,
936 4921 1192 4978 eumque
1236 4909 1583 4979 praefectum
1625 4909 1791 4965 urbis
1821 4912 2042 4966 consti-

393 4991 526 5046 tuit.
562 4993 618 5046 Is
650 5007 789 5066 ergo
843 5010 979 5049 cum
1026 5011 1200 5051 mane
1227 5013 1335 5066 pro
1382 4997 1668 5053 tribunali
1697 4999 1950 5066 sederet,
1983 5006 2044 5056 et

395 5082 671 5154 quaedam
702 5085 877 5142 vidua
925 5093 1276 5158 quereretur
1305 5105 1368 5144 se
1399 5106 1434 5145 a
1469 5090 1750 5162 magistro
1781 5093 2040 5163 quodam

394 5177 672 5232 omnibus
727 5178 849 5234 suis
897 5179 1282 5237 facultatibus
1325 5182 1660 5254 spoliatam,
1693 5185 1878 5240 mittit
1907 5203 2038 5242 eam

394 5279 531 5318 cum
563 5265 757 5337 sigillo
788 5266 864 5322 ad
887 5269 1236 5342 magistrum
1267 5271 1461 5341 illum,
1477 5272 1766 5346 jubetque
1797 5291 1933 5330 eum
1964 5275 2039 5332 ad

2175 3217 2688 3296 προσκαλεσάμενος
2745 3217 2872 3299 ἔφη’
2933 3223 2995 3280 Εἰ
3057 3226 3150 3298 μὲν
3208 3226 3268 3284 ἐκ
3313 3235 3448 3286 Θεοῦ
3505 3217 3709 3304 με’καὶ
3770 3235 3824 3291 ἐν

2171 3315 2285 3382 Θεῷ
2339 3307 2619 3384 βασιλείαν
2666 3307 2813 3390 ἔχειν
2870 3314 3064 3386 οἳεσθε,
3121 3317 3186 3372 τὰ
3244 3320 3372 3392 παρ’
3428 3321 3564 3396 tuo?)
3595 3321 3828 3390 δικαίως

2169 3395 2437 3473 λεγόμενα
2493 3399 2754 3474 πράττετε
2809 3402 2900 3457 καὶ
2951 3407 3048 3458 τοῦ
3099 3403 3304 3462 ἀδικεῖν
3362 3409 3490 3474 τοὺς
3551 3414 3826 3491 πτωχοὺς

2167 3485 2456 3542 παύσασθε·
2523 3489 2714 3561 μόνοις
2769 3493 2872 3566 γὰρ
2921 3490 3108 3568 ἷχθύσι
3160 3501 3322 3552 τοῦτο
3379 3501 3722 3574 νενόμισται,
3751 3507 3818 3560 τὸ

2162 3575 2254 3629 τὸν
2305 3572 2672 3652 δυνατώτερον
2728 3580 2819 3634 καὶ
2877 3580 3095 3652 μείζονα
3149 3587 3446 3642 κατεσθίειν
3501 3572 3593 3645 τὸν
3651 3572 3825 3649 ἐλάσ-

2165 3684 2315 3764 σονα.
2348 3663 2418 3721 Εί¹
2469 3663 2527 3764 δὲ
2551 3672 2696 3764 ⁵’τοῖς
2755 3667 2929 3764 ἐμοῖςΔ
2971 3675 3386 3751 προστάγμασιν
3421 3681 3502 3750 [Ρ.
3537 3683 3664 3755 389]
3701 3684 3820 3764 οὐχ

2164 3753 2428 3822 ὑπείκετε,
2476 3753 2624 3810 ἀλλά
2678 3761 2798 3818 ταῖς
2853 3755 3018 3822 ἰδίαις
3073 3762 3384 3837 ἐπιθυμίαις
3452 3753 3814 3842 ἀλισκόήμτνοί

2157 3841 2554 3912 πλεονεκτεῖτε,
2586 3845 3013 3920 προχειρίσασθε
3069 3847 3248 3925 ἕτερον
3306 3854 3362 3908 δν
3419 3856 3481 3911 ἄν
3535 3841 3817 3933 βούλησθε

2159 3931 2287 4004 ὑμῖν
2351 3931 2594 4006 βασιλέα·
2682 3933 2788 4008 ἐγὼ
2844 3937 2948 4011 γὰρ
3005 3937 3242 3996 ἀπειθῶν
3315 3946 3404 3998 καί
3460 3931 3662 4002 ἀδίκων
3719 3951 3813 4006 καὶ

2153 4020 2489 4076 πλεονεκτῶν
2525 4020 2830 4096 βασιλεύειν
2881 4025 2944 4080 ού
2997 4023 3252 4102 δύναμαι.
3289 4033 3382 4094 Εἷς
3420 4031 3477 4088 δέ
3503 4056 3586 4098 τις
3611 4042 3720 4092 τῶν
3755 4040 3812 4094 ἐν

2151 4107 2296 4165 τέλει
2335 4108 2844 4204 παῤῥησιασάμενός
2901 4136 3037 4204 φησι
3085 4122 3164 4190 τῷ
3225 4120 3462 4194 βασιλεῖ’
3511 4130 3812 4204 Προχειρι-

2151 4199 2297 4254 σέτω
2340 4219 2408 4270 με
2461 4201 2494 4269 ἡ
2561 4199 2811 4275 βασιλεία
2865 4223 2963 4258 σου
3022 4203 3255 4262 ἐνώπιον
3289 4209 3503 4266 πάντων
3537 4199 3808 4290 ἔπαργον,

2147 4285 2237 4342 καί
2268 4283 2560 4361 διορισάτω
2612 4285 2846 4362 μηδενὸς
2899 4289 3172 4370 φείδεσθαι
3229 4301 3326 4350 τοῦ
3385 4297 3598 4356 δικαίου
3629 4283 3806 4382 ἕνεκα,

2145 4375 2499 4451 συγχωρείτω
2529 4373 2586 4431 δὲ
2618 4398 2686 4449 με
2715 4377 3059 4458 εἷσὲρχεσθαι
3105 4385 3244 4456 πρὸς
3288 4407 3345 4442 σε
3374 4387 3674 4456 ἀκωλύτως
3705 4373 3806 4452 τού

2147 4465 2214 4520 τά
2277 4464 2544 4535 ἀνήκοντα
2614 4466 3051 4540 ὑπομιμνήσκειν
3119 4472 3182 4528 τὸ
3252 4476 3450 4550 κράτος
3525 4501 3643 4536 σου·
3711 4487 3804 4540 καὶ

2152 4549 2358 4630 βεϐαιῶ
2394 4551 2895 4642 μέχριΫτριάκοντα
2939 4561 3162 4636 ἡμερῶν
3214 4549 3296 4638 μὴν
3343 4565 3679 4642 εὑρίσκεσθαι
3709 4575 3804 4630 τὸν

2149 4642 2497 4714 ἀδικοῦνταῆ
2530 4641 2907 4718 ἀδικούμενον.
2958 4648 3021 4704 Εἰ
3079 4648 3137 4706 δὲ
3191 4673 3277 4715 τις
3338 4641 3643 4732 ὑπομνήσει
3675 4664 3801 4738 περὶ

2149 4754 2292 4797 τινος
2326 4734 2630 4798 ὑποθέσεως
2687 4737 2753 4804 ἧς
2812 4733 3041 4809 ἤκουσα,
3101 4738 3208 4814 ἐγὼ
3245 4743 3336 4798 καὶ
3367 4745 3467 4802 οὐκ
3495 4733 3798 4825 ἐξεδίκησα,

2149 4821 2460 4900 κεφαλικῶς
2533 4825 3022 4899 τιμωρηθήσομαι.
3125 4831 3300 4886 Τοῦτο
3365 4839 3462 4888 τοῦ
3529 4821 3802 4912 βασιλέως

2149 4911 2397 5001 ἀσμενως
2441 4908 2868 5001 ἀποδεξαμένου,
2918 4918 3308 4992 προεχειρίσθη
3357 4908 3622 5001 ἔπαρχος,
3655 4931 3797 4986 Ἕω.

2150 5003 2236 5056 θεν
2270 4998 2328 5056 δὲ
2357 4999 2446 5055 ἐπὶ
2491 5005 2572 5072 τῷ
2620 5000 2908 5076 ἐπαρχικῷ
2964 5005 3172 5078 βήματι
3229 4998 3674 5086 προκαθίσαντος,
3705 5019 3795 5074 καὶ

2145 5109 2294 5151 τινος
2321 5087 2472 5162 αὗτῷ
2501 5089 2760 5163 γυναικὸς
2805 5093 2988 5170 χήρας
3041 5097 3455 5172 προσελθούσης
3495 5105 3587 5160 καὶ
3619 5109 3797 5184 φησά-

2149 5199 2248 5250 σης
2283 5178 2358 5242 ὡς
2392 5177 2686 5254 μάγιστρός
2739 5200 2822 5242 τις
2879 5183 3226 5256 καθτςρπασεν
3278 5187 3446 5258 αὐτῆς
3474 5193 3574 5262 τήν
3607 5177 3795 5252 οὐσίαν

2148 5271 2380 5337 ἅπασαν,
2410 5265 2720 5322 ἀπέστειλεν
2769 5265 2934 5338 αὐτὴν
2990 5273 3123 5345 μετά
3179 5277 3475 5354 σφραγῖδος
3521 5282 3692 5340 εἰπεῖν
3720 5291 3799 5358 τῷ

1588 5445 1952 5504 XYLANDBI
1991 5447 2079 5502 ET
2119 5441 2337 5502 GOARI
2379 5440 2602 5496 NOTIE.

459 5556 570 5652 i653)
629 5559 902 5628 "Emam,
962 5565 1161 5636 aulaea,
1219 5568 1503 5638 stragulae,
1561 5569 1684 5625 vela
1737 5572 1978 5644 proprie
2029 5575 2172 5627 sunt
2219 5565 2410 5640 pepla,
2467 5580 2588 5620 non
2647 5565 3034 5634 instrumenta,
3064 5575 3131 5626 ut
3168 5581 3441 5646 corrupte
3480 5577 3794 5652 interpres.

391 5628 568 5685 chi.
