4124 6312
300 352 423 416 745

1404 364 1959 430 HISTORIARUM
2007 369 2548 433 GOMPENDIUM.

3596 366 3729 452 τω

303 477 593 564 μαγίστρῳ
649 469 1032 563 παραγενέσθαι
1117 487 1767 570 δικαιολογηθησόμενον.
1833 495 1930 563 Τῆς

2067 494 2378 558 dicendam
2413 520 2650 560 causam
2684 508 2905 564 venire.
2937 507 3082 565 Curii
3114 504 3245 567 eaiﬁ
3286 495 3572 588 ﬁiaﬁiét’ér
3589 500 3721 576 ibi:

299 572 356 630 δὲ
383 575 730 648 ἀπελθούσης
759 578 851 633 καὶ
904 579 1118 652 μᾶλλον
1166 582 1480 659 τυφθείσης,
1506 581 1599 639 ἕνα
1622 591 1730 641 τῶν
1786 588 1952 644 αὑτοῦ

304 666 644 741 κουρσώρων
704 668 732 721 6
763 664 1006 744 ἔπαρχος
1057 667 1192 744 πρὸς
1243 671 1333 726 τὸν
1395 673 1688 748 μάγιστρον
1721 673 1949 751 ἔπεμψε·

1712 773 1818 823 Τοῦ
1896 765 1952 822 δὲ

294 844 544 921 ἐπάρχου
574 846 628 902 ἐν
659 853 738 920 τῷ
798 849 1005 922 ἱππικῷ
1047 853 1138 906 τὸν
1199 853 1498 929 μάγιστρον
1561 853 1949 931 ἐκδεχομένου,

295 934 469 988 αὑτοῦ
499 957 558 991 τε
589 941 686 990 τοῦ
723 937 1026 1014 μαγίστρου
1056 937 1356 1011 κληθέντος
1413 943 1489 1006 εἷς
1519 946 1622 1014 τήν
1660 945 1950 1020 βασιλικὴν

296 1023 552 1093 ἑστίασιν,
584 1025 722 1094 ἦλθε
751 1027 841 1081 καὶ
875 1030 903 1082 6
934 1023 1176 1105 ἔπαρχος
1231 1032 1368 1106 πρὸς
1409 1035 1502 1088 τὸν
1554 1032 1803 1108 βασιλέα,
1862 1036 1951 1090 καί

298 1135 432 1191 φησι
461 1114 601 1190 πρὸς
633 1115 810 1170 αὐτόν·
873 1119 942 1173 Εἴ
1003 1120 1096 1192 μὲν
1150 1120 1182 1174 ἃ
1238 1122 1566 1197 προσέταξάς
1613 1145 1730 1196 μοι,
1763 1125 1808 1178 ὦ
1859 1126 1954 1198 βα-

297 1206 470 1274 σιλεῦ,
501 1203 816 1281 φυλάττεις,
847 1211 944 1260 τοῦ
981 1209 1058 1280 μή
1117 1207 1392 1287 φείδεσθαι
1457 1217 1566 1267 τῶν
1619 1213 1746 1275 τοὺς
1807 1235 1948 1268 mw-

299 1292 435 1370 χοῦς
495 1290 850 1366 ἀδικούντων,
903 1298 1074 1370 γνῶθί
1137 1319 1204 1371 με
1279 1299 1597 1356 τελειοῦντα
1653 1304 1751 1370 τήν
1813 1301 1951 1372 ἐμήν

295 1382 610 1457 ὑπόσχεσιν.
670 1383 734 1439 Εἰ
794 1381 852 1438 δὲ
925 1387 1364 1460 μεταμελόμενος
1455 1389 1649 1469 φίλους
1737 1389 1950 1465 μᾶλλον

293 1475 502 1543 σεαυτῷ
533 1477 708 1536 ποιεῖς
737 1474 824 1528 καὶ
887 1479 1179 1546 συνεστιᾷς,
1238 1484 1405 1552 γνῶθι
1455 1480 1596 1553 κάμὲ
1651 1481 1947 1556 παραιτού-

297 755 550 811 κάκεῖνον
633 757 1144 836 παραλογισάμενος
1250 764 1627 839 ἀπεπέμψατο.

296 1580 478 1632 μενον.
512 1562 610 1614 Καὶ
667 1562 694 1616 6
756 1561 1032 1637 βασιλεύς
1094 1565 1161 1620 Εἴ
1218 1566 1328 1640 ἐγώ
1378 1569 1492 1641 εἰμι
1543 1571 1570 1623 6
1603 1567 1831 1639 ἀδικῶν,
1865 1570 1945 1641 ἐξι·

294 1649 594 1719 ανάστησόν
625 1671 692 1722 με
722 1655 818 1705 τοῦ
879 1653 1098 1727 θρόνου,
1159 1656 1216 1709 Ὀ
1274 1653 1331 1710 δὲ
1383 1657 1578 1712 αὐτίκα
1630 1659 1724 1713 τὸν
1786 1659 1945 1734 μάγι-

289 1758 447 1812 στρον
483 1738 674 1812 βιαίως
715 1739 847 1814 ἄρας
899 1742 952 1796 ἐν
1019 1744 1090 1813 τῇ
1147 1743 1418 1819 λεγομένῃ
1476 1747 1664 1821 Χαλκῃ
1724 1751 1946 1823 παρεγέ-

2061 591 2302 647 beribus
2337 595 2488 649 male
2521 593 2828 652 multatam
2862 600 3215 669 remisisset,
3274 589 3459 661 mittit
3507 604 3717 679 praete:

2061 686 2190 736 ctus
2221 682 2293 737 ad
2317 700 2451 738 eum
2485 683 2556 738 de
2589 688 2932 743 cursoribus
2963 688 3087 746 suis
3117 687 3341 748 unum:
3377 693 3536 752 hunc
3577 689 3718 769 qua-

2060 787 2173 839 que
2205 771 2254 826 is
2284 771 2477 827 verbis
2509 773 2780 829 delusum
2813 775 3058 836 dimiSit.
3093 769 3337 838 Iinterim
3370 783 3511 840 dum
3561 789 3713 858 prte-

2055 862 2248 918 fectus
2282 864 2342 918 in
2374 866 2540 920 Circo
2565 867 2731 921 sedet
2759 870 3225 944 magistrumque
3255 870 3585 948 opperitur,
3616 880 3714 936 hic

2059 951 2131 1006 ad
2163 953 2491 1008 convivium
2523 955 2596 1009 ad
2638 955 2996 1026 imperatore
3054 967 3313 1018 vocatur.
3373 967 3591 1022 Eodem
3650 985 3713 1025 se

2057 1039 2373 1112 prmfectus
2406 1060 2642 1114 quoque
2666 1047 2913 1113 confert,
2944 1048 3142 1123 aitque
3175 1052 3516 1123 imperatOri
3545 1057 3626 1113 :Si
3651 1052 3712 1114 id

2059 1144 2150 1195 eo,
2184 1129 2526 1200 imperator.
2559 1130 2850 1202 persistis,
2895 1135 3054 1204 quod
3089 1120 3234 1192 mihi
3286 1136 3604 1212 mandasti,
3638 1141 3712 1202 ne

2057 1217 2150 1270 cui
2185 1217 2387 1272 eorum
2417 1219 2518 1289 qui
2551 1217 2841 1291 pauperes
2872 1220 3222 1280 concutiunt
3272 1222 3531 1300 parcam,
3567 1228 3712 1290 sciti)

2057 1321 2150 1359 me
2182 1307 2492 1374 promissis
2521 1307 2670 1362 meis
2703 1307 3171 1372 Satisfacturun’i.
3207 1311 3308 1393 Sin
3340 1319 3440 1372 eos
3483 1325 3544 1374 tu

2054 1394 2308 1449 nitentia
2337 1394 2549 1449 ductus
2577 1397 2800 1452 amicos
2832 1395 3050 1478 potius
3077 1391 3259 1458 habes
3313 1407 3372 1458 et
3427 1391 3711 1465 conviviis

2053 1482 2320 1551 adhibes,
2345 1487 2496 1541 scias
2513 1503 2610 1542 me
2641 1487 2876 1558 quoque
2907 1490 3238 1547 detrectare
3271 1497 3338 1548 ea
3369 1512 3500 1567 quaa
3531 1499 3590 1552 in
3613 1484 3708 1555 me

2054 1573 2270 1643 recepi.
2305 1574 2670 1644 Imperatore
2703 1579 3102 1648 respondente
3127 1582 3210 1635 uti
3225 1584 3487 1654 seipsum
3510 1588 3706 1657 potius

2053 1659 2198 1716 solio
2227 1661 2586 1730 detraheret,
2630 1665 2678 1719 si
2729 1674 2961 1722 sontem
3022 1669 3155 1724 talis
3217 1672 3484 1729 criminis
3507 1673 3705 1747 sciret,

2049 1750 2366 1819 prmfectus
2399 1751 2559 1807 illico
2591 1756 2939 1826 magistrum
2956 1757 3009 1811 vi
3042 1758 3461 1830 abripuit,etin
3476 1753 3704 1822 curiam

290 1847 434 1895 νετο,
495 1829 584 1882 καὶ
639 1825 1216 1908 ἀκριϐολογησάμενος
1299 1835 1365 1890 τὰ
1438 1839 1563 1911 παρ’
1617 1837 1930 1916 ἀμφοτέρων

290 1914 554 1941 \-,J__-_,__
845 1920 880 1941 ,‘
1001 1922 1013 1940 ε
1165 1922 1178 1941 ›
1383 1930 1406 1940 η.
1513 1923 1574 1941 ορ.
1660 1927 1698 1941 ο,
1922 1929 1930 1941 ι

2048 1841 2376 1908 (ΙιιωίΕτθίι
2431 1841 2650 1896 dicitur
2705 1825 2839 1898 cum
2897 1861 2965 1900 eo
3021 1825 3192 1904 abiit:
3250 1825 3334 1903 Ibi
3391 1849 3708 1924 diligenter

288 1914 576 1990 λεγόμενα,
627 1918 717 1972 καὶ
773 1920 928 1993 γνοὺς
985 1922 1061 1984 ὡς
1119 1922 1186 1976 οὐ
1238 1930 1446 1998 μικρῶς
1503 1914 1745 1996 ἠδικήθη
1808 1929 1935 2002 παρ’

285 2007 456 2062 αὑτοῦ
488 2009 522 2076 ἡ
555 2010 719 2082 γυνὴ,
747 2012 918 2083 τύψας
951 2011 1135 2079 αὐτὸν,
1167 2015 1256 2068 καὶ
1296 2017 1394 2084 τήν
1453 2016 1693 2090 κεφαλὴν
1725 2017 1930 2093 κείρας,

283 2098 374 2151 καὶ
400 2099 606 2172 γυμνὸν
668 2097 778 2172 ὄνῳ
838 2101 1148 2165 ἐπικαθίσας
1206 2101 1296 2159 διὰ
1356 2106 1520 2178 μέσης
1576 2115 1678 2178 τῆς
1715 2108 1931 2172 πόλεως

284 2182 670 2260 ἐθριάμϐευσε,
705 2186 832 2250 δοὺς
864 2194 931 2263 τῇ
962 2193 1177 2266 γυναικὶ
1217 2199 1387 2248 πᾶσαν
1455 2197 1552 2265 τὴν
1621 2198 1930 2270 περιουσίαν

281 2275 509 2331 ἐκείνου.
546 2277 643 2330 Καὶ
674 2276 734 2332 ἐκ
796 2277 984 2334 τούτου
1042 2281 1236 2346 πάντες
1300 2283 1772 2358 ἐσωφρονίσοησαν
1837 2289 1928 2343 καὶ

277 2365 414 2438 πρὸς
441 2363 731 2436 ἀλλήλους
763 2367 1126 2443 πολυτρόπως
1161 2371 1489 2446 εἰρηνευσαν,
1550 2375 1625 2437 ὡς
1680 2374 1846 2454 μέχρι
1881 2376 1928 2432 λ’

275 2455 500 2528 ἡμερῶν
536 2456 610 2526 μή
650 2455 982 2528 εὑρίσκεσθαι
1041 2457 1370 2533 ἐγκαλοῦντα
1407 2460 1443 2532 ἤ
1497 2464 1924 2540 ἐγκαλούμενον.

279 2542 383 2598 Καὶ
414 2544 442 2595 6
473 2541 712 2622 ἔπαρχος
744 2541 844 2624 ἔφη
879 2551 957 2618 τῷ
993 2549 1227 2622 βασιλεῖ·
1288 2556 1419 2620 Νῦν,
1480 2550 1733 2626 δέσποτα,
1795 2554 1927 2632 ὅπερ

281 2630 604 2704 ὑπεσχόμην
629 2631 936 2692 ἔτελείωσα.
970 2639 1082 2693 Τοῦ
1113 2637 1169 2693 δὲ
1229 2639 1497 2715 βασιλέως
1545 2630 1926 2718 προελθόντος,

285 2718 359 2781 ὡς
392 2717 568 2781 οὐδεὶς
596 2723 662 2788 ἦν
695 2723 721 2776 6
779 2721 1038 2798 ἐγκαλῶν,
1104 2728 1440 2803 ὑποστρέψας
1499 2733 1780 2806 πατρίκιον
1834 2733 1927 2788 αὐ-

283 2809 377 2862 τὸν
408 2807 630 2879 ἐποίησε
659 2811 746 2864 καὶ
777 2811 1020 2888 ὕπαρχον
1052 2814 1209 2870 αὑτὸν
1240 2819 1406 2893 μέχρι
1435 2819 1627 2884 τέλους
1653 2829 1754 2890 τῆς
1777 2828 1928 2891 ζωῆς

282 2918 466 2956 αυτου,

359 3077 482 3132 Ἐπὶ
539 3085 636 3146 τῆς
695 3078 971 3154 βασιλείας
1025 3086 1220 3141 τούτου
1280 3087 1570 3162 Ὀρμίσδας
1630 3089 1926 3152 ἐπίσκοπος

267 3166 498 3238 Ῥώμης
582 3165 905 3224 καταλαϐὼν
965 3174 1063 3243 τὴν
1153 3178 1744 3248 Κωνσταντινούπολιν,
1802 3179 1917 3252 ἅμα

2048 1928 2362 1999 utriusque
2394 1946 2670 1986 sermone
2703 1933 3100 2002 considerato,
3137 1953 3270 1992 cum
3302 1939 3460 1994 haud
3481 1942 3705 1998 levibus

2044 2016 2284 2086 injuriis
2326 2018 2398 2074 ab
2462 2037 2530 2074 eo
2590 2022 2863 2077 affectam
2921 2024 3235 2081 mulierem
3293 2031 3700 2103 comperisset,

2044 2107 2386 2163 verberibus
2419 2107 2716 2182 impositis
2747 2113 2975 2170 homini
3009 2122 3186 2188 caput
3212 2118 3376 2187 rasit,
3409 2121 3699 2194 asinoque

2040 2197 2268 2251 nudum
2300 2197 2643 2272 impositum
2674 2218 2782 2272 per
2821 2203 3080 2259 mediam
3137 2207 3348 2264 urbem
3395 2211 3573 2266 veluti
3634 2213 3696 2268 in

2042 2285 2343 2358 triumpho
2375 2287 2561 2356 duxit,
2598 2295 2656 2344 et
2686 2305 2898 2347 omnes
2931 2294 3061 2364 ejus
3118 2312 3260 2367 opes
3317 2285 3556 2355 mulieri
3587 2301 3691 2357 ad-

2039 2374 2208 2429 dixit.
2243 2377 2362 2431 Hoc
2392 2379 2730 2448 exemplum
2761 2381 3026 2452 reliquos
3065 2385 3146 2439 ita
3175 2385 3234 2439 in
3270 2387 3422 2442 viam
3444 2381 3691 2462 redegit,

2038 2469 2104 2518 ut
2122 2464 2343 2535 ubique
2375 2467 2528 2521 083
2562 2485 2797 2524 summa
2828 2467 2888 2524 in
2949 2487 3094 2541 pace
3147 2473 3456 2543 viveretur,
3515 2483 3693 2550 atque

2039 2553 2196 2608 intra
2227 2556 2293 2607 30
2324 2554 2483 2609 diem
2517 2573 2710 2626 neque
2740 2565 2906 2612 actor
2951 2561 3111 2616 ullus
3143 2569 3300 2618 esset
3328 2581 3520 2636 neque
3551 2585 3690 2624 reus

2038 2642 2574 2713 injuriarum.Tum
2601 2646 2915 2715 praefectus
2945 2649 3290 2721 imperatori
3313 2653 3608 2725 signiﬁcat
3629 2674 3691 2712 se

2037 2732 2332 2802 promissa
2362 2733 2699 2804 implevisse
2745 2753 2758 2802 ;
2818 2743 2876 2791 et
2934 2739 3262 2810 imperator
3291 2743 3353 2796 in
3383 2743 3689 2813 publicum

2038 2836 2407 2891 progressus,
2449 2839 2585 2877 cum
2615 2824 2782 2879 nulla
2805 2827 3049 2896 querela
3077 2831 3402 2901 audiretur,
3418 2831 3686 2891 reversus

2038 2909 2287 2979 patricia
2313 2909 2599 2982 dignitate
2620 2928 2756 2967 eum
2785 2920 2958 2970 ornat
2987 2922 3045 2970 et
3092 2934 3199 2988 per
3227 2936 3468 2977 omnem
3504 2923 3681 2980 vitam

2038 2999 2383 3068 praefectum
2411 2999 2573 3055 urbis
2605 3017 2734 3056 esse
2757 3003 2948 3074 jubet.

2107 3088 2335 3142 Justino
2367 3089 2721 3160 imperante,
2749 3093 3090 3149 Hormisdas
3121 3099 3321 3152 Romae
3370 3101 3684 3174 episcopus

2036 3177 2244 3247 Cpolin
2276 3193 2409 3231 cum
2440 3177 2713 3248 plurimis
2745 3182 3036 3254 episcopis
3080 3185 3378 3256 profectus
3409 3191 3688 3247 adversa-

269 3251 551 3315 πλείστοις
582 3253 922 3330 ἐπισκόποις,
952 3261 1079 3324 τοὺς
1109 3261 1527 3339 ἀνθισταμένους
1582 3273 1652 3341 τῇ
1707 3265 1914 3340 συνόδῳ

2048 3266 2146 3321 ’ἱοε
2176 3267 2672 3322 Chalcedonensis
2704 3271 2940 3325 concilii
2973 3274 3232 3338 damnat,
3267 3278 3542 3334 Severum
3575 3283 3684 3338 Ano

269 3340 622 3412 Χαλκηδόνος
675 3353 912 3422 καθῆρεν
972 3346 1215 3426 Σεϐῆρον
1285 3355 1374 3409 τὸν
1437 3340 1769 3430 Ἀντιοχείας
1827 3360 1914 3430 [Ρ.

274 3434 397 3507 390]
427 3435 514 3490 καὶ
577 3436 892 3511 Φιλόξενον,
946 3437 1338 3516 βεϐαιώσαντες
1412 3450 1512 3517 τὴν
1568 3449 1738 3517 αὐτὴν
1799 3447 1918 3503 σύν-

276 3519 421 3592 οδον,
452 3523 538 3578 καὶ
570 3525 694 3602 περὶ
724 3531 831 3582 τῶν
893 3527 987 3584 δύο
1032 3532 1239 3609 φύσεων
1292 3539 1390 3590 τοῦ
1442 3539 1680 3612 Χριστοῦ
1710 3537 1776 3594 τὰ
1807 3544 1914 3594 Ku-

271 3607 471 3683 ρίλλου
503 3611 912 3689 Ἀλεξανδρείας
970 3607 1282 3695 προσθέντες
1325 3607 1563 3700 ῥήματα.
1622 3628 1684 3680 Ὃ
1714 3629 1915 3704 στατήρ

269 3700 299 3753 6
357 3701 577 3770 νοητὸς,
643 3705 706 3757 τὸ
760 3707 1005 3779 νόμισμα
1055 3711 1118 3765 τὸ
1171 3711 1474 3786 βασιλικὸν,
1510 3716 1538 3769 ὁ
1597 3715 1648 3770 ἐν
1703 3700 1918 3786 ἑνότητι

271 3791 483 3854 ἁπλοῦς
517 3797 803 3872 χαρακτὴρ
833 3799 1062 3873 Χριστὸς
1093 3802 1280 3858 ἑαυτὸν
1315 3805 1444 3880 ὑπὲρ
1501 3807 1718 3862 πάντων
1747 3829 1916 3884 προσ·

268 3880 560 3952 κεκόμικεν
620 3883 695 3946 είς
754 3887 997 3943 ἁπάντων
1054 3895 1198 3960 ζωῆς
1285 3893 1626 3970 ἀντίλυτρον.
1702 3880 1810 3951 Δύο
1861 3894 1919 3952 δὲ

273 3969 458 4044 φύσεις
491 3968 741 4045 λέγοντες
799 3977 898 4044 τήν
950 3974 1210 4056 διαφορὰν
1266 3968 1606 4056 σημαίνομεν
1628 3992 1728 4054 τῆς
1785 4006 1917 4060 σαρ-

268 4060 367 4122 κὸς
398 4061 488 4115 καὶ
514 4066 610 4116 τοῦ
643 4063 822 4139 Λόγου
855 4063 943 4122 διὰ
971 4069 1034 4123 τὸ
1065 4071 1390 4146 ἁσύγχυτον.
1421 4075 1482 4130 Ἦ
1539 4075 1642 4150 γὰρ
1682 4075 1919 4151 σύγκρα-

269 4167 356 4208 σις
386 4148 690 4226 ἀφανισμὸν
737 4158 844 4208 τῶν
897 4151 994 4210 δύο
1052 4158 1261 4234 φύσεως
1312 4148 1685 4238 ἀπεργάζεται.
1861 4162 1919 4220 δὲ

269 4235 511 4312 (ipsum
542 4235 736 4302 ἓνωσις
794 4241 1220 4320 ὁμολογουμένη
1279 4251 1367 4304 καὶ
1428 4235 1768 4328 ἀσυγχύτους
1815 4276 1920 4333 φυ-

269 4325 457 4382 λάττει
486 4331 578 4392 τὰς
612 4330 818 4406 φύσεις,
848 4333 937 4388 καὶ
993 4335 1087 4390 ’ἐνα
1141 4338 1399 4395 ἀποτελεῖ
1448 4341 1498 4412 ἐξ
1543 4325 1758 4420 γᾶμφοῖν
1816 4325 1916 4421 όφ-

271 4414 428 4470 θέντα
458 4419 708 4493 Χριστὸν,
738 4422 866 4476 Θεὸν
900 4423 1041 4497 ὁμοῦ
1068 4447 1128 4481 τε
1173 4428 1264 4483 καὶ
1314 4429 1595 4504 ἄνθρωπον
1628 4433 1920 4508 γενόμενον

271 4505 364 4560 τὸν
393 4506 577 4565 αὐτόν.

2027 3355 2394 3410 tiochensem
2419 3361 2476 3409 et
2501 3355 2887 3413 Philoxenum
2916 3377 2929 3425 ;
2962 3368 3276 3434 ratumque
3308 3383 3437 3422 esse
3464 3369 3685 3439 jubent

2026 3443 2176 3499 illud
2207 3444 2549 3511 concilium,
2581 3461 2648 3498 ac
2679 3446 2750 3501 de
2798 3446 3026 3504 duabus
3056 3451 3117 3505 in
3166 3453 3396 3510 Christo
3448 3459 3680 3515 naturis

2027 3537 2153 3590 haec
2183 3535 2386 3605 Cyrilli
2435 3534 2816 3590 Alexandreae
2875 3538 3137 3611 episcopi
3188 3542 3417 3599 addunt
3452 3547 3630 3602 verba
3663 3562 3677 3604 :

2027 3626 2220 3680 Stater
2257 3624 2355 3694 qui
2391 3630 2587 3679 mente
2649 3626 3022 3698 intelligitur,
3080 3632 3378 3688 nomisma
3427 3636 3680 3707 regium,

2029 3713 2279 3784 simplex
2310 3713 2372 3766 in
2433 3713 2664 3767 unitate
2722 3714 3050 3784 character,
3110 3718 3376 3776 Christus
3417 3723 3680 3794 seipsum

2029 3819 2135 3872 pro
2167 3802 2447 3856 omnibus
2479 3802 2712 3878 obtulit,
2738 3808 2806 3857 ut
2826 3803 3001 3859 vitam
3034 3807 3304 3862 omnium
3337 3810 3683 3870 redimeret.

2028 3892 2173 3947 Cum
2207 3897 2406 3947 autem
2457 3892 2602 3946 duas
2661 3899 2903 3948 naturas
2962 3895 3238 3965 dicimus,
3284 3899 3685 3958 differentiam

2026 3982 2426 4054 signiﬁcamus
2458 3981 2652 4035 carnis
2684 3987 2742 4036 et
2771 3983 2874 4036 Dei
2911 3985 3100 4052 Verbi,
3136 3988 3276 4057 quia
3301 3989 3407 4045 illa
3436 3991 3682 4048 confusa

2028 4089 2147 4126 non
2195 4076 2352 4125 sunt.
2414 4070 2645 4123 Etenim
2696 4073 3030 4128 commistio
3081 4077 3392 4149 utriusque
3451 4087 3680 4136 natura:

2027 4160 2411 4216 abolitionem
2437 4175 2637 4212 secum
2697 4161 2975 4216 traheret.
3028 4163 3141 4218 Sed
3197 4167 3516 4223 ineﬁ'abilis
3575 4170 3680 4226 illa

2027 4266 2205 4321 quam
2237 4249 2592 4302 conﬁtemur
2621 4247 2833 4312 unitio,
2854 4266 3048 4320 neque
3071 4259 3310 4310 naturas
3341 4257 3675 4325 confundit,

2029 4345 2087 4393 et
2117 4355 2186 4392 ex
2220 4335 2448 4391 duabus
2479 4349 2665 4388 unum
2697 4335 2994 4392 Christum
3039 4342 3302 4410 conﬁcit,
3337 4344 3438 4414 qui
3493 4362 3554 4400 se
3586 4362 3684 4402 ex-

2028 4426 2223 4480 hibuit
2256 4441 2269 4491 ;
2299 4423 2578 4492 idemque
2610 4428 2668 4476 et
2697 4424 2852 4480 Deus
2874 4433 2964 4480 est
2997 4432 3055 4482 et
3084 4429 3286 4486 homo.

342 4599 431 4668 Τῷ
540 4594 646 4652 ἔτει
678 4600 930 4677 Αἰθέριος
955 4603 1046 4658 καὶ
1105 4603 1306 4672 Λῦδιος
1351 4609 1441 4663 καὶ
1489 4611 1539 4664 οἳ
1591 4611 1684 4664 σὺν
1734 4613 1918 4676 αὐτοῖς

2098 4608 2269 4660 Αηηο
2301 4606 2560 4662 secundo
2589 4607 2884 4662 [Etherius
2926 4613 2985 4661 et
3043 4608 3289 4678 Audius,
3347 4604 3684 4686 medicique

278 4682 454 4758 ἰατροὶ
522 4683 920 4746 ἐπεϐούλευσαν
973 4698 1057 4766 τῷ
1135 4696 1372 4770 βασιλεῖ,
1455 4699 1545 4753 καὶ
1599 4702 1922 4774 γνωσθέντες

276 4772 534 4830 ἀπέθανον
557 4777 716 4856 ξίφει.

349 4865 436 4930 Τῷ
510 4865 558 4938 γ’
613 4864 717 4922 ἔτει
771 4870 1239 4946 μεταστειλαμένη
1323 4877 1498 4953 Σοφία
1547 4879 1582 4947 ἡ
1640 4877 1925 4954 Λὺγοῦστα

277 4947 478 5011 πάντας
509 4953 635 5014 τοὺς
689 4965 1100 5035 χρεωστοῦντας
1154 4961 1401 5020 ἀπέδωκε
1429 4972 1546 5027 τοῖς
1575 4987 1923 5044 κιχρεωσ-τηο

279 5036 467 5109 μένοις
522 5041 694 5099 πάντα
745 5048 810 5101 τὰ
869 5049 1223 5126 ὀφειλόμενα,
1279 5053 1742 5133 ἀντιστραφέντων
1817 5063 1924 5114 τῶν

276 5125 550 5202 ἐνεχύρων
590 5139 709 5196 τοῖς
747 5125 1240 5205 ἰδίοιςίαὺοένταις.

344 5221 437 5290 Τῷ
467 5215 509 5272 δ’
541 5217 647 5276 ἔτει
688 5223 857 5294 κτίζει
911 5229 974 5283 τὸ
1032 5230 1300 5287 παλάτιον
1348 5237 1457 5288 τῶν
1516 5241 1795 5313 Σοφιανῶν
1851 5239 1927 5301 εἷς

274 5302 452 5379 ὄνομα
481 5316 582 5378 τῆς
604 5315 862 5386 γυναικὸς
891 5316 1056 5373 αὐτοῦ
1088 5321 1308 5400 Σοφίας.

343 5401 436 5468 Τῷ
468 5400 504 5451 ε’
534 5392 640 5454 ἔτει
671 5403 838 5472 κτίζει
869 5407 969 5474 τήν
1005 5392 1190 5480 μονὴν.
1235 5418 1335 5481 τῆς
1395 5412 1731 5488 Πρίγκηπος,
1790 5437 1925 5492 προ-

273 5479 399 5535 άστε
410 5502 485 5536 ιον
519 5481 686 5554 αὑτὴν
713 5488 870 5544 οὖσαν
882 5535 894 5547 .

342 5574 433 5642 Τῷ
463 5573 508 5634 ς’
538 5568 644 5629 ἔτει
679 5578 900 5652 Ναρσῆς
933 5582 960 5634 ὁ
1013 5581 1295 5658 ἀγαπητὸς
1355 5591 1453 5642 τοῦ
1513 5586 1782 5662 βασιλέως
1840 5587 1927 5643 ἕκ-

267 5679 386 5715 τισε
414 5663 514 5730 τὴν
547 5663 721 5719 οἰκίαν
750 5668 968 5742 Ναρσοῦ
1023 5672 1113 5726 καὶ
1161 5676 1260 5743 τήν
1325 5678 1494 5749 μονὴν
1526 5682 1636 5731 τῶν
1658 5679 1924 5753 καθαρῶν.

520 5798 784 5861 ΡΑτιιοι..
831 5803 942 5864 Gn.
988 5805 1194 5869 CXXI.

2033 4695 2133 4765 qui
2165 4693 2284 4748 illis
2307 4693 2575 4762 aderant,
2628 4696 2890 4751 insidiati
2933 4701 3073 4750 sunt
3101 4697 3477 4768 imperatoris
3526 4702 3685 4770 vita),

2033 4789 2093 4837 et
2122 4800 2184 4837 re
2217 4783 2450 4839 detecta
2484 4783 2675 4856 gladio
2710 4785 3074 4857 interempti.

2105 4872 2298 4927 Tertio
2329 4889 2486 4928 anno
2547 4873 2765 4944 Sophia
2826 4879 3112 4946 Augusta,
3171 4877 3376 4932 accitis
3409 4879 3690 4934 omnibus

2035 4961 2135 5031 qui
2164 4978 2278 5015 aere
2318 4962 2514 5017 alieno
2545 4963 2811 5018 obstricti
2845 4962 3001 5017 684
3033 4970 3222 5033 erant,
3257 4965 3455 5021 debita
3485 4982 3692 5022 eorum

2036 5049 2431 5105 creditoribus
2489 5051 2774 5122 persolvit
2833 5057 2889 5105 et
2951 5051 3199 5123 pignora
3255 5054 3380 5108 suis
3433 5053 3692 5108 dominis

2037 5140 2316 5195 reddidit.

2107 5233 2323 5296 Quarto
2348 5248 2506 5287 anno
2537 5233 2805 5286 Justinus
2854 5231 3055 5287 condit
3106 5233 3390 5304 palatium
3439 5235 3688 5307 Sophia-

2034 5337 2270 5384 norum,
2303 5321 2376 5375 de
2407 5321 2651 5375 nomine
2683 5321 2918 5392 Sophim
2951 5322 3224 5394 conjugis
3255 5340 3397 5380 sum.

2105 5410 2318 5474 Quinto
2377 5425 2532 5464 anno
2595 5409 2853 5464 aediﬁcat
2935 5411 3304 5466 mansionem
3391 5414 3688 5488 Principis

2037 5500 2272 5554 femina)
2301 5497 2362 5551 in
2394 5497 2700 5553 suburbio.

2109 5589 2282 5643 Sexto
2319 5602 2476 5642 anno
2505 5587 2719 5640 Narses
2747 5587 3133 5644 charissimus
3191 5590 3534 5663 imperatori
3583 5593 3694 5649 do-

2039 5695 2200 5734 mum
2227 5675 2489 5733 Narsetis
2505 5677 2866 5732 exstruxitet
2892 5677 3280 5736 Catharorum
3294 5673 3693 5740 mansionem.

3370 5799 3450 5872 ει
