4124 6312
440 283 562 348 747

1753 281 2068 347 GEORGII
2115 281 2465 344 CEDRENI

3733 278 3856 341 ’με

436 415 509 478 Et
531 417 795 474 Justinus
823 415 1136 474 inaudiens
1191 417 1523 488 Augustum
1565 432 1740 473 suum
1771 415 2068 472 sobrinum

2197 411 2462 474 Ἀκούσας
2491 407 2549 467 δὲ
2573 411 2866 476 Ἰουστῖνος
2889 408 2974 466 ὅτι
3009 410 3038 466 6
3069 407 3288 486 ἄνεψιὸς
3308 410 3474 468 αὖτοῦ
3502 405 3852 486 Αὔγουστος,

437 504 652 563 ducem
681 506 1066 562 Alexandrea;
1085 506 1197 562 sibi
1225 505 1475 562 insidias
1499 505 1720 576 moliri,
1754 505 1953 562 missis
1975 505 2088 560 mi-

437 596 663 664 nistris,
691 595 883 668 capite
915 597 1230 652 truncavit.

507 685 768 757 Septimo
820 701 980 740 anno
1032 686 1301 741 Justinus
1360 685 1537 757 C(Bpit
1592 685 1846 740 condere
1899 683 2088 739 aedem

435 775 854 848 Apostolorum
877 775 1035 829 Petri
1063 780 1123 830 et
1151 775 1340 843 Pauli,
1375 775 1434 829 in
1474 773 1604 829 loco
1639 774 1738 845 qui
1779 789 1814 828 a
1844 773 2089 844 pupillis

433 863 760 920 educandis
801 863 1397 935 Orphanotropheum
1454 863 1690 920 dicitur.
1741 861 1984 918 Addidit
2033 865 2089 915 et

431 953 655 1026 templo
687 953 848 1024 quod
879 957 970 1006 est
997 953 1060 1007 in
1089 951 1428 1008 Blachernis
1459 951 1608 1006 duos
1637 950 1920 1018 fornices,
1953 950 2090 1005 effe-

431 1041 628 1114 citque
660 1046 727 1096 ut
771 1041 964 1097 crucis
1018 1041 1273 1097 formam
1320 1039 1588 1095 referret.
1652 1039 1872 1095 Eodem
1931 1055 2086 1095 anno

429 1145 630 1202 pugna
659 1129 816 1184 inter
867 1130 1085 1184 Persas
1144 1133 1204 1184 et
1255 1129 1552 1184 Romanos
1607 1127 1681 1182 ad
1737 1127 2087 1199 Sargatbum

431 1220 772 1288 commissa,
805 1218 1050 1274 victoria
1078 1217 1192 1273 fuit
1219 1234 1404 1289 penes
1434 1219 1754 1273 Romanos.

500 1309 668 1365 Nono
699 1325 855 1365 anno
887 1309 1106 1364 Avares
1151 1307 1226 1362 ad
1281 1307 1615 1362 Danubium
1671 1310 1964 1362 venerunt
2018 1321 2087 1361 ac

428 1399 700 1458 vicerunt
728 1403 1044 1458 Romanos.
1085 1400 1152 1456 Et
1178 1399 1516 1456 Artabanus
1546 1401 1746 1467 Persa,
1775 1399 1836 1453 in
1870 1400 2086 1454 Roma-

428 1508 644 1547 norum
672 1491 964 1547 ditionem
995 1490 1151 1546 facta
1182 1489 1546 1556 incursione,
1571 1488 1793 1544 multos
1823 1488 2084 1560 captivos

428 1580 702 1647 abduxit,
735 1586 1026 1652 captoque
1058 1580 1236 1636 etiam
1260 1580 1443 1634 Daras
1474 1583 1667 1634 castro
1716 1578 1957 1633 domum
1988 1593 2079 1632 re-

427 1669 556 1726 diit.
587 1671 856 1726 Justinus
886 1669 1097 1724 nuntio
1151 1673 1330 1724 tanta;
1389 1667 1576 1722 cladis
1609 1671 1849 1738 accepto
1881 1666 2082 1722 animo

2195 501 2253 564 ὅς
2283 501 2350 571 ἦν
2386 498 2514 572 δοὺξ
2541 497 2971 575 Ἀλεξανδρείας,
3004 503 3267 572 ωσκευήν
3320 500 3524 581 μελετᾷ
3579 502 3713 557 κατᾶ
3748 503 3850 556 τοῦ

2197 587 2491 666 βασιλέως,
2523 591 2744 664 πέμψας
2777 589 2937 646 αὐτὸν
2965 591 3354 666 ἆπεκεφάλισε.

2263 682 2358 754 Τῷ
2389 682 2429 751 ζ’
2478 679 2581 736 ἔτει
2613 683 2815 755 ἦρξατο
2864 683 3158 744 Ἰουστῖνος
3216 681 3416 752 κτίζειν
3456 681 3546 737 τὸν
3587 681 3713 736 ναὸν
3739 685 3855 736 τῶν

2191 770 2390 846 Ἁγίων
2421 768 2768 828 Ἀποστόλων
2795 774 2999 847 Πέτρου
3024 771 3114 826 καὶ
3139 770 3358 826 Παύλου
3387 769 3439 826 ἐν
3469 775 3548 844 τῷ
3576 771 3850 850 Ὀρφανοο

2189 859 2454 936 τροφείῳ.
2488 860 2802 935 Προσέθηκε
2833 857 2890 915 δὲ
2932 861 3022 916 καὶ
3079 859 3157 922 εἷς
3209 862 3301 917 τὸν
3357 861 3485 916 ναὸν
3540 865 3649 916 τῶν
3705 857 3854 917 Βλα-

2187 953 2396 1026 χερνῶν
2422 949 2520 1012 τὰς
2563 946 2660 1004 δύο
2717 945 2934 1024 ἁψῖδας,
3001 949 3091 1006 καὶ
3153 950 3402 1022 ἐποίησεν
3457 951 3626 1021 αὐτὴν
3682 971 3852 1005 σταυ-

2186 1039 2390 1111 ρωτήν.
2451 1041 2546 1110 Τῷ
2593 1036 2742 1111 αύτῷ
2817 1035 2924 1094 ἔτει
2990 1037 3188 1117 γέγονε
3272 1036 3521 1113 πόλεμος
3599 1037 3724 1114 περὶ
3785 1039 3852 1094 τὸ

2187 1127 2468 1204 Σάργαθον
2505 1128 2642 1202 μετὰ
2674 1132 2890 1204 Περσῶν
2919 1127 3010 1184 καὶ
3041 1127 3360 1203 Ῥωμαίων,
3390 1127 3485 1184 καὶ
3509 1127 3760 1200 ἐνίκησαν
3798 1128 3852 1184 οἱ

2192 1221 2464 1291 Ρωμαῖοι.

2255 1309 2350 1380 Τῷ
2391 1308 2440 1360 θ’
2469 1300 2576 1361 ἔτει
2623 1305 2794 1376 ἦλθον
2823 1307 2876 1363 οἳ
2908 1301 3144 1380 ’Ἂϐαρες
3203 1310 3314 1384 (66)
3361 1307 3439 1370 εἷς
3495 1307 3587 1364 τὸν
3642 1309 3848 1364 Δάνου-

2189 1388 2296 1466 ὄιν,
2352 1395 2442 1450 καὶ
2495 1394 2744 1466 ἐνίκησαν
2803 1394 2930 1459 τοὺς
2987 1397 3320 1471 Ῥωμαίους.
3381 1396 3486 1453 Καὶ
3543 1392 3572 1450 6
3629 1394 3848 1472 Πέρσης

2189 1479 2456 1560 Ἀρταϐἁν
2512 1487 2626 1559 (67)
2684 1483 2914 1558 ἐξήλασε
2968 1485 3106 1543 κατὰ
3172 1490 3280 1542 τῶν
3351 1485 3662 1560 Ῥωμαίων,
3747 1485 3847 1540 καὶ

2184 1571 2404 1644 πολλὴν
2464 1571 2854 1649 αἰχμαλωσίαν
2939 1569 3128 1629 λαϐὼν
3196 1573 3522 1650 ὑπέστρεψεν
3616 1577 3694 1636 εἷς
3737 1575 3846 1644 τὴν

2184 1660 2324 1718 ἰδίαν
2356 1658 2934 1739 χώραν,παραλα6ὼν
2990 1663 3083 1719 καὶ
3138 1663 3202 1719 τὸ
3249 1664 3442 1741 Δάρας.
3476 1663 3658 1721 Τοῦτο
3727 1684 3843 1736 μα-

425 1757 794 1816 abalienatus
826 1764 934 1824 est,
968 1758 1258 1830 petiitque
1288 1756 1360 1813 ab
1393 1756 1708 1812 Hormisda
1731 1756 1818 1811 uti
1867 1771 2068 1827 pacem

2191 1752 2293 1815 θὼν
2322 1753 2619 1859 Ἴουστῖέος
2647 1756 2730 1826 τῷ
2771 1753 2983 1829 μεγέθει
3013 1759 3116 1823 τῆς
3160 1757 3442 1832 συμφορᾶς
3471 1753 3618 1825 νόσῳ
3664 1771 3850 1826 παρα-

423 1855 826 1921 componeret,
859 1865 992 1920 quas
1025 1853 1084 1903 et
1107 1848 1168 1902 in
1199 1863 1424 1903 annum
1455 1851 1627 1918 pacta
1644 1851 1754 1902 est.
1783 1847 2075 1902 Constitu-

421 1942 550 1994 tum
581 1938 730 1996 685
766 1937 876 1994 sub
909 1954 978 1993 eo
1009 1941 1186 1993 estut
1229 1935 1495 2008 psalmus
1555 1938 1680 1992 Ταω
1725 1952 1886 1992 cena:
1929 1953 2075 2006 mys-

421 2025 544 2084 ticae
575 2043 787 2100 magna
824 2026 973 2082 feria
1002 2025 1212 2098 quinta
1239 2031 1572 2081 caneretur.
1606 2024 1799 2080 Allata
1836 2041 2074 2096 quoque

419 2120 563 2172 tunc
593 2121 684 2172 est
732 2117 926 2188 imago
985 2115 1153 2170 nulla
1204 2131 1384 2170 manu
1433 2115 1642 2170 effecta
1711 2114 2074 2170 Camulianis

419 2222 569 2279 pago
599 2205 1006 2278 Cappadociae,
1030 2211 1088 2260 et
1118 2203 1456 2260 veneranda
1501 2203 1660 2276 ligna
1707 2203 1780 2258 ab
1810 2205 2075 2276 Apamea

419 2296 567 2350 urbe
597 2295 779 2368 Syria:
810 2295 1110 2350 secundm.
1143 2294 1490 2350 lnstitutum
1523 2293 1703 2348 etiam
1735 2299 1825 2348 est
1852 2299 1918 2348 ut
1961 2294 2070 2364 hy-

419 2401 598 2441 mnus
623 2384 992 2442 Cherubic-us
1020 2388 1380 2439 cantaretur.

486 2566 659 2620 Anno
693 2567 757 2618 10
787 2562 1058 2620 Justinus
1107 2561 1406 2618 Tiberium
1452 2561 1732 2616 comitem
1764 2559 2068 2616 excubito-

416 2671 552 2720 rum
583 2653 881 2727 adoptavit
936 2669 1004 2710 ac
1065 2653 1358 2708 Cmsarem
1417 2651 1655 2719 creavit,
1714 2651 2070 2722 imperiique

418 2745 708 2818 collegam
744 2742 970 2800 ascivit.
1007 2740 1337 2798 Laborabat
1365 2741 1633 2796 Justinus
1663 2739 2069 2796 obstructione

416 2833 659 2907 pedum,
695 2850 765 2890 ac
794 2833 1153 2906 plerumque
1182 2829 1596 2886 decumbebat.

489 3012 812 3070 Undecimo
841 3027 998 3068 anno
1029 3010 1354 3082 imperator
1409 3007 1700 3064 exstruxit
1753 3007 1902 3063 duos
1946 3024 2068 3064 ma-

416 3120 563 3178 gnos
593 3100 1000 3174 aquaaductus,
1024 3098 1278 3155 alterum
1312 3095 1594 3167 Valentis,
1608 3095 1862 3151 alterum
1890 3095 2069 3151 Adra-

416 3209 556 3249 nem
589 3191 858 3256 nomine,
887 3194 1066 3260 atque
1097 3187 1229 3242 istis
1259 3184 1538 3257 Operibus
1567 3200 1843 3256 magnam
1901 3201 2070 3256 aqua:

2181 1840 2337 1920 φόρῳ
2391 1835 2784 1915 περιϐάλλεται
2848 1842 2936 1897 καὶ
3018 1839 3250 1904 σπονδὰς
3323 1849 3553 1912 ποιῆσαι
3609 1841 3846 1896 αἰτεῖται

2182 1929 2273 1984 τὸν
2303 1927 2601 2005 Ὀρμίσδαν
2644 1931 2784 2006 (68),
2816 1928 2964 1993 ὅστις
3020 1931 3112 1986 καὶ
3169 1929 3497 1992 ένιαυσιαίας
3563 1928 3842 2002 ἐποίησεν.

2183 2019 2309 2077 Ἐπὶ
2337 2017 2533 2075 τούτου
2573 2019 2824 2091 έτυπώθη
2858 2018 3163 2095 ψάλλεσθαι
3223 2025 3292 2095 τῇ
3354 2019 3567 2098 μεγάλῃ
3601 2027 3639 2075 ε’
3698 2022 3840 2096 (69)’

2181 2111 2292 2166 Τοῦ
2325 2105 2540 2164 δείπνου
2601 2113 2697 2164 σοῦ
2748 2113 2846 2165 τοῦ
2899 2108 3166 2184 μυστικοῦ
3227 2111 3362 2185 (70).
3433 2106 3604 2166 Ἦλθε
3655 2106 3839 2166 δὲκαὶ

2180 2201 2216 2268 ἡ
2249 2198 2674 2274 άχειροποίητος
2701 2201 2816 2274 (71)
2845 2199 2953 2254 ἀπὸ
2992 2203 3102 2255 τῶν
3162 2197 3578 2274 Καμουλιανῶν,
3635 2201 3840 2273 κώμης

2179 2290 2280 2354 τῆς
2333 2284 2738 2362 Καππαδοκίας,
2794 2289 2886 2344 καὶ
2934 2291 3001 2344 τὰ
3047 2289 3206 2363 τίμια
3263 2287 3398 2360 ξύλα
3454 2287 3560 2344 άπὸ
3616 2287 3840 2352 πόλεως

2182 2381 2490 2454 Ἀπαμείας
2546 2383 2646 2450 τῆς
2706 2378 2957 2456 δευτέρας
3011 2381 3228 2456 Συρίας.
3287 2381 3572 2453 Ἐτυπώθη
3607 2377 3666 2436 δὲ
3694 2379 3845 2455 ψάλο

2181 2467 2367 2526 λεσθαι
2395 2471 2486 2526 καὶ
2517 2471 2545 2526 ὁ
2574 2466 2906 2548 Χερουϐικὸς
2935 2468 3104 2546 ὕμνος
3134 2474 3266 2546 (72).

2249 2561 2343 2634 Τῷ
2374 2560 2402 2614 ι’
2433 2558 2538 2616 ἔτει
2569 2561 2860 2624 Ἰουστῖνος
2919 2562 2948 2616 6
3017 2558 3275 2636 βασιλεὺς
3313 2556 3561 2636 Τιϐέριον
3619 2561 3712 2618 τὸν
3743 2563 3843 2617 κό-

2183 2670 2330 2722 μητα
2358 2654 2468 2704 τῶν
2504 2645 2897 2726 έξκουϐιτόρων
2927 2650 3013 2724 [Ρ.
3049 2655 3176 2724 391]
3210 2651 3679 2724 υἱοποιησάμενος
3725 2654 3844 2726 (73)

2184 2739 2425 2813 Καίσαρα
2469 2738 2802 2814 ἀνηγόρευσε
2856 2741 2946 2795 καὶ
3000 2737 3366 2815 συγκάθεδρον
3419 2739 3584 2795 αὐτοῦ
3643 2739 3842 2811 ἐποίη-

2179 2848 2288 2886 σεν.
2329 2830 2429 2885 Ἦν
2459 2824 2516 2883 δὲ
2564 2830 2593 2884 6
2655 2826 2912 2903 βασιλεὺς
2969 2829 3307 2909 στυφόμενος
3369 2827 3499 2892 τοὺς
3527 2825 3697 2893 πόδας
3717 2832 3833 2902 (74)

2179 2917 2271 2973 καὶ
2299 2918 2363 2974 τὸ
2393 2915 2588 2974 πλεῖον
2609 2919 3012 2994 κατακείμενος.

2249 3008 2338 3080 Τῷ
2372 3014 2436 3062 ια’
2465 3003 2569 3064 ἔτει
2598 3002 2800 3064 ἔκτισεν
2853 3009 2882 3064 6
2945 3007 3210 3086 βασιλεὺς
3267 3010 3358 3065 τὸν
3422 3008 3585 3086 μέγαν
3613 3007 3821 3084 ἀγωγὸν

2181 3101 2278 3153 τοῦ
2307 3096 2611 3154 Οὐάλεντος
2644 3097 2732 3153 καὶ
2765 3098 2856 3154 τὸν
2886 3094 3067 3173 ἕτερον
3114 3099 3327 3176 ἀγωγὸν
3383 3099 3476 3155 τὸν
3533 3096 3830 3173 λεγόμενον

2183 3181 2474 3258 Ἀδράνην,
2504 3185 2592 3240 καὶ
2625 3185 2938 3262 ἐχορήγησε
2965 3191 3034 3262 τῇ
3087 3185 3250 3243 πόλει
3303 3185 3586 3262 δαψίλειαν
3615 3183 3836 3251 ὕδατος.

417 3280 651 3352 copiam
681 3278 816 3334 urbi
848 3275 1266 3348 suppeditavit.
1298 3271 1626 3329 JEdiﬂcavit
1645 3273 1824 3329 etiam
1854 3273 2068 3345 palatia

2191 3273 2361 3344 Κτίζει
2395 3273 2488 3329 οὗν
2511 3274 2601 3330 καὶ
2630 3276 2697 3330 τά
2719 3274 2959 3331 παλάτια
2985 3275 3053 3331 τὰ
3078 3274 3131 3331 έν
3175 3277 3256 3349 τῷ
3287 3273 3593 3332 Ἰουλιανοῦ
3626 3274 3840 3350 λιμένι.

417 3369 482 3424 in
512 3372 687 3440 portu
744 3365 982 3436 Juliani,
1042 3365 1358 3436 ipsumque
1409 3368 1646 3434 portum
1694 3362 2072 3434 repurgavit;

2184 3362 2567 3440 ’ᾼποκαθαίρει
2600 3361 2658 3419 δὲ
2711 3363 2800 3419 καὶ
2861 3363 3020 3422 αὐτὸν
3075 3367 3170 3421 τὸν
3229 3364 3428 3440 λιμένα
3484 3365 3574 3421 καὶ
3628 3363 3841 3436 στήλας

420 3457 690 3528 duasque
725 3456 790 3512 in
819 3454 1018 3511 medio
1049 3453 1181 3526 ejus
1209 3450 1520 3507 collocavit
1549 3455 1793 3518 statuas,
1825 3450 2068 3507 alteram

2191 3447 2279 3507 δύο
2307 3452 2362 3508 ἐν
2398 3451 2548 3526 μέσῳ
2597 3451 2761 3508 αὐτοῦ
2810 3451 3023 3525 ’ἰστησι,
3067 3455 3168 3525 τήν
3222 3475 3282 3510 τε
3347 3454 3538 3510 ἑαυτοῦ
3591 3453 3684 3508 καὶ
3738 3457 3845 3520 τῆς

420 3561 612 3614 suam,
671 3543 926 3601 alteram
975 3541 1181 3598 uxoris
1237 3539 1490 3612 Sophim.
1537 3541 1780 3594 Portum
1837 3556 2068 3611 quoque

2191 3541 2434 3618 γυναικὸς
2493 3541 2660 3597 αὐτοῦ
2709 3542 2933 3621 Σοφίας,
2967 3543 3341 3618 μετονομάσας
3398 3543 3490 3599 καὶ
3518 3543 3610 3598 τὸν
3641 3541 3848 3616 λιμένα

417 3635 616 3708 ipsum
649 3633 932 3706 Sophiam
961 3629 1390 3688 denominavit.
1418 3628 1638 3684 Eodem
1676 3629 1858 3684 etiam
1889 3629 2069 3684 aediﬁ-

419 3727 573 3782 cavit
605 3725 891 3798 templum
912 3721 1205 3796 principis
1235 3720 1476 3783 ducum,
1509 3718 1603 3775 cui
1635 3718 1706 3774 ab
1742 3719 1903 3775 Adda
1934 3736 2076 3791 quo-

422 3815 565 3872 dam
597 3813 679 3869 ibi
712 3819 943 3870 morato
975 3828 1196 3868 nomen
1231 3814 1340 3867 est.

489 3907 666 3960 Anno
720 3905 789 3958 l2
845 3901 994 3958 obiit
1047 3902 1304 3957 Joannes
1343 3899 1658 3971 episcopus
1706 3897 2070 3970 Cpolitanus.

415 3994 566 4050 Eum
615 3991 1023 4064 episcopatum
1079 4005 1236 4046 anno
1287 3990 1352 4043 l3
1455 3987 1682 4059 recepit
1755 3988 2072 4061 Eutyches.

2179 3629 2403 3710 Σοφίας.
2437 3628 2828 3705 Ἐποικοδομεῖ
2862 3629 2920 3687 δὲ
2946 3633 3038 3688 καὶ
3084 3633 3176 3688 τὸν
3207 3635 3334 3689 ναὸν
3363 3637 3461 3689 τοῦ
3494 3631 3836 3709 ἀρχιστρατ-

2182 3721 2326 3794 ήγου
2375 3721 2512 3794 (75),
2571 3719 2632 3783 ὃς
2689 3715 2750 3776 ἔκ
2793 3740 2942 3784 τινος
2993 3718 3172 3777 Ἀδδα
3227 3721 3397 3778 ἐκεῖσε
3423 3727 3844 3792 κατοικοῦντος,

2183 3807 2649 3886 προσηγορεύετο.

2255 3899 2350 3971 Τῷ
2415 3898 2483 3972 ιβ’
2535 3891 2642 3952 ἔτει
2694 3897 3042 3970 ἐτελεύτησεν
3103 3899 3366 3971 Ἰωάννης
3426 3900 3455 3955 6
3537 3896 3842 3964 ἐπίσκοπος

2185 3985 2837 4051 Κωνσταντινουπόλεως.
2887 3989 2983 4062 Τῷ
3071 3991 3134 4068 ιγ’
3217 3985 3326 4046 ἔτει
3407 3987 3666 4065 Εὗτυχὴς
3726 3991 3834 4064 (⁸16

1607 4085 1970 4142 XYLANDRI
2007 4087 2096 4142 ET
2131 4087 2344 4143 (ἓοΑΒί
2385 4088 2610 4142 ΝΟΤιλΕ.

483 4190 599 4264 (66)
625 4189 945 4264 Simocatta
974 4205 1011 4258 1,
1125 4203 1139 4241 :
1173 4184 1365 4264 Οὗνχοι
1424 4179 1482 4238 δὲ
1511 4182 1662 4264 οξτοι
1699 4187 2057 4264 προσοικοῦν-

406 4249 500 4325 τες
526 4249 607 4334 “ab
637 4261 855 4334 Ἴστρῳ,
888 4249 1246 4314 ἀπιστότατον
1276 4249 1428 4320 ἔθνος
1474 4254 1565 4308 καὶ
1618 4249 2054 4324 ἀπληστότατον.

411 4337 587 4390 ϐοΑιι.

2169 4185 2419 4259 sostomi
2447 4185 2740 4259 liturgiam
2753 4230 2765 4243 .
2799 4190 2977 4244 Gon.

2239 4257 2352 4330 (73)
2381 4257 2467 4331 A_d
2517 4257 2676 4331 fores
2716 4260 2920 4331 palatii
2977 4261 3328 4331 excubabant
3355 4259 3444 4314 illi
3482 4264 3567 4331 Aet
3597 4257 3835 4315 aditum

2166 4323 2579 4404 observabant.
2605 4323 2829 4404 Glossas
2855 4331 3242 4404 Basili‘corum
3271 4347 3284 4385 :
3314 4323 3706 4404 έξκουϐίτωρες
3723 4334 3839 4384 τῶν

481 4404 786 4479 (ϐηᾘυηο
823 4402 1084 4479 _Zonaras
1140 4400 1505 4479 Ardamanem
1562 4398 1852 4468 nominat,
1911 4399 2051 4454 Eva-

2191 4397 2474 4479 ταρεξόδων
2499 4403 2596 4479 τος)
2625 4399 2910 4479 παλατίου-
2937 4401 3276 4479 ὑπάρχοντες
3331 4397 3588 4479 ᾠύλακες.
3617 4397 3826 4479 ’διωρ-

407 4472 715 4549 ςτὶυείιζν,
748 4474 1174 4549 Λᾴααννηαηειῃ.
1199 4472 1336 4527 Χγι..

2163 4477 2320 4527 catta
2350 4471 2519 4542 quasi
2550 4473 2797 4528 Cedreni
2830 4471 3181 4530 scholiast'es
3229 4471 3462 4542 futurus
3511 4491 3590 4542 ill,
3625 4477 3714 4540 11,
3748 4473 3825 4529 de

481 4547 593 4618 (68)
625 4535 767 4620 ιῖςρε
789 4547 1080 4620 Persaan
1106 4543 1349 4620 _Zonaras
1381 4559 1396 4598 :
1427 4556 1566 4596 nam
1591 4535 1870 4613 Evagrius
1891 4541 2052 4597 hunc

2191 4535 2392 4620 ,‘iberio
2423 4547 2628 4620 nostro
2679 4545 2886 4620 scribjt
2915 4545 3272 4620 :_’Iooo~t_i’voc
3331 4535 3587 4620 Τιϐέριον
3639 4535 3830 4620 υἱοθε-

407 4613 644 4688 quoque
665 4613 978 4688 iChosroen
1006 4613 1168 4688 facit.
1201 4615 1338 4688 va.

477 4681 590 4761 (69)
621 4687 714 4742 Sic
743 4691 913 4744 vocat
939 4685 1148 4761 feriam
1179 4685 1470 4761 quintam,
1530 4699 1635 4761 seu
1694 4681 1848 4761 diem
1883 4683 2056 4761 _Jovis

404 4753 603 4826 malis,
635 4775 768 4830 quas
789 4758 1057 4830 proxime
1089 4761 1178 4812 est
1197 4753 1346 4812 ante
1400 4753 1646 4830 Pascha,
1677 4754 1930 4830 celebris
1961 4755 2054 4810 in-

405 4825 710 4888 stitutione
743 4825 1135 4885 sacrosanctae
1167 4843 1368 4896 cmme,
1392 4828 1490 4881 der
1519 4825 1659 4896 hoch
1686 4825 1819 4880 oder
1839 4830 2056 4894 griinen

401 4907 766 4971 Donnerstag.
799 4900 891 4956 Sic
922 4905 982 4954 et
1009 4901 1265 4955 Zonaras
1309 4899 1373 4952 in
1429 4895 1757 4968 posteriore
1805 4897 2055 4969 imperio

401 4974 772 5032 Constantini
813 4972 1026 5027 Leonis
1057 4971 1187 5027 filii.
1221 4972 1359 5025 XVL.

472 5047 586 5121 (70)
615 5044 882 5101 Modulus
911 5048 1003 5121 est
1031 5041 1326 5121 in_Basilii
1377 5039 1581 5104 missa,
1613 5039 2054 5095 communionis

403 5114 671 5190 tempore
705 5115 1056 5190 cantandus.
1090 5114 1264 5190 ϐολαί

471 5181 792 5262 (7l)Quam
851 5185 1170 5262 imaginem
1229 5181 1856 5262 dicathignorohnisi
1917 5184 2050 5254 quis

394 5252 580 5330 putet'
603 5252 674 5316 de
707 5260 894 5330 linteo
924 5252 1216 5330 impressa
1245 5252 1623 5330 aChristoet
1650 5252 2048 5330 ad_Abgarum

395 5322 762 5387 Edessenum
787 5329 971 5386 missa
1000 5322 1092 5384 sui
1121 5327 1380 5400 imagine
1436 5322 1870 5400 accipiendum.
1907 5329 2046 5400 Χγι..

470 5402 583 5472 (72)
605 5402 964 5458 Decantatur
993 5394 1274 5470 quotidie'
1306 5399 1461 5472 inter
1513 5394 1712 5472 sacros
1744 5394 2048 5472 liturgicos

400 5467 676 5545 hymnos,
709 5487 846 5545 cum
869 5467 1132 5527 amensa
1161 5467 1588 5545 propositionis
1639 5467 1813 5545 dicta
1855 5471 1926 5523 ad
1961 5470 2049 5545 al-

396 5537 547 5604 tare.
575 5542 828 5598 solemni
860 5537 1179 5612 processu;
1199 5537 1365 5597 sacra
1409 5540 1582 5605 dona,
1641 5537 1701 5612 id
1733 5543 1842 5612 est.
1876 5543 2047 5610 panis

393 5620 455 5674 et
476 5615 702 5683 vinum,
733 5607 1099 5683 dele-runtur.
1122 5607 1412 5667 Arcadius
1427 5627 1605 5683 opere
1627 5607 2046 5683 de_Con_cordia

389 5679 704 5759 utriusque
736 5682 1030 5753 Ecclesiae,
1068 5679 1488 5754 Euchologiuni
1510 5681 1572 5735 in
1593 5679 1752 5735 notis
1773 5681 1847 5735 ad
1868 5683 2044 5755 Chry-

2165 4609 2253 4684 σίᾳ
2277 4615 2585 4690 κοσμήσας,
2639 4614 2729 4669 καὶ
2783 4615 2884 4690 τῆς
2947 4615 3228 4690 βασιλείας
3283 4609 3545 4690 κοινωνὸν
3582 4615 3821 4690 ποιησά-

2165 4703 2332 4810 ίιῒενος
2390 4685 2716 4760 ἀνηγόρευσε
2759 4685 3021 4763 Καίσαρα.
3107 4687 3358 4764 Ἥγεμὼν
3409 4685 3466 4742 δὲ
3522 4685 3827 4762 ἐτύγχανεν

2212 4760 2374 4810 ντῶν
2433 4761 2530 4810 τοῦ
2592 4756 2862 4810 ϐασιλέως
2916 4758 3402 4810 σωιιατοωυλάκων
3459 4760 3552 4810 καὶ
3584 4754 3822 4810 ὕπασπι-

2212 4754 2862 4834 νμτῶνῄτοῧςβασιλέως
2916 4754 3402 4834 ιξωματοφυλάκων
3459 4760 3552 4834 καὶ
3584 4754 3822 4814 {Sita-cm-

2165 4831 2361 4906 gFGWL
2385 4824 2444 4880 δν
2495 4824 3174 4906 κόμηταμέξκουϐιὲώρων
3225 4835 3309 4906 τῇ,
3381 4831 3600 4900 συνήθει
3659 4833 3820 4906 φωνῇ

2163 4896 2282 4960 ἔθος
2311 4896 2862 4972 ⁸Ρωμαίοὶςάαλεῗν.
2895 4896 3075 4975 Ιεᾳυέ
3099 4903 3257 4960 idem
3271 4896 3617 4959 'forsan'est
3635 4896 3817 4972 quem

2163 4977 2296 5043 post
2323 4979 2680 5028 memoratos
2711 4975 3052 5032 excubitores
3075 4975 3538 5030 domesticorum
3560 4975 3819 5030 comitem

2163 5043 2532 5168 :xcubitorem
2591 5046 2834 5101 nomine
2886 5053 3159 5102 recenset
3217 5045 3594 5102 Marcellinus
3628 5045 3668 5100 Ι.
3713 5061 3816 5100 xx.

2186 5131 2335 5168 ιΟΑΒ.

2186 5131 2335 5170 ιΟΑΒ.

2257 5187 2345 5260 74)
2373 5187 2630 5260 Zonaras
2659 5205 2794 5243 eum
2825 5205 2896 5244 ex
2927 5189 3177 5260 pedibus
3208 5189 3508 5244 laborasse
3539 5189 3644 5244 ait.
3675 5187 3817 5260 Χη.

2215 5258 2606 5340 ,(ζῦμβιιοινιι
2635 5258 2946 5340 Xylander
2995 5261 3221 5340 caelestis
3267 5261 3483 5340 militia
3523 5258 3823 5340 principis

2157 5328 2458 5384 Michaelis
2488 5328 2731 5400 nomen,
2791 5337 2850 5388 et
2905 5333 3215 5404 pueriliter
3257 5328 3574 5404 principem
3613 5328 3819 5386 dzwum

2158 5399 2422 5456 anneHat
2481 5403 2654 5456 GOAR.

2158 5417 2422 5457 ειοοθιιίιι
2481 5417 2654 5457 UOAR.

2197 5418 2232 5472 p
2282 5418 2422 5456 enat
2481 5418 2654 5457 uom.

2199 5418 2346 5548 (376)
2395 5473 2700 5548 Eutycbius
2757 5474 3078 5548 legendum
3136 5493 3208 5548 ex
3244 5475 3486 5548 _Zonara
3532 5472 3816 5548 et‘Nice-

2157 5543 2343 5671 Rati-0
2377 5561 2508 5610 xvn,
2541 5545 2608 5599 36
2643 5561 2656 5610 ;
2690 5552 2750 5601 et
2775 5543 2908 5618 post
2939 5546 3115 5618 paulo
3148 5545 3450 5604 Cedrenus
3474 5547 3557 5601 ita
3610 5544 3810 5602 habet.

2210 5631 2293 5669 γι.
