4126 6296
277 355 415 419 749

286 486 548 547 ἀπέλαϐε
616 492 709 547 τὸν
765 492 953 566 θρόνον
1029 493 1666 559 Κωνσταντινουπόλεως.

283 578 557 656 βασιλεὺς
591 581 891 652 ἀσθενήσας
932 581 1023 637 καὶ
1107 584 1301 658 μικρὸν
1356 583 1562 649 ἀνεθεὶς
1621 580 1959 659 προσεκαλέ-

277 690 422 725 σατο
452 671 550 725 τόν
583 691 644 725 τε
702 671 965 746 ἀρχιερέα
1008 670 1100 726 καὶ
1152 673 1251 742 τήν
1307 672 1613 746 σύγκλητον
1677 674 1762 729 καὶ
1825 673 1959 727 πάν-

276 780 408 830 τας,
478 760 571 815 καὶ
629 759 850 850 ἀγαγὼν
904 761 995 816 τὸν
1056 762 1296 834 Καίσαρα
1353 756 1604 839 Τιϐέριον
1693 760 1963 850 παροῦσίᾳ

283 851 512 905 πάντων
547 843 888 924 προεϐάλετο
947 849 1111 905 αὐτὸν
1174 851 1421 927 βασιλέα,
1482 851 1670 907 εἰπών·
1706 853 1767 909 Ὀ
1824 843 1954 916 Θεὸς

295 938 503 1014 ἀγαθόν
537 958 597 993 σε
649 939 888 1009 ποιήσας
942 936 1127 1010 αὒτὸς,
1188 940 1289 995 οὐκ
1338 938 1465 1015 ἐγὼ,
1523 941 1587 996 τὸ
1633 948 1830 1019 σχῆμα
1859 948 1958 1011 τῆς

297 1025 591 1103 βασιλείας
643 1049 728 1083 σοι
788 1025 1003 1088 δίδωσι.
1063 1032 1315 1104 Τιμησον
1355 1031 1510 1100 αὐτὸ,
1575 1030 1667 1086 ἳνα
1719 1034 1960 1106 τιμηθῇς

293 1118 393 1173 ὑπ’
426 1118 622 1175 αὐτοῦ.
661 1117 753 1187 Μὴ
786 1116 1085 1194 ἐπιχαίρῃς
1116 1118 1329 1193 αἳμασι,
1368 1122 1444 1195 μή
1477 1121 1729 1176 κοινώνει
1752 1120 1958 1199 φόνοις.

290 1208 391 1276 Μὴ
450 1208 612 1263 κακὸν
671 1205 789 1263 ἀντὶ
849 1212 1022 1264 κακοῦ
1078 1205 1397 1284 ἀποδώσῃς.
1456 1211 1550 1281 Μὴ
1587 1214 1790 1284 μηνιῇς
1828 1210 1960 1285 τινί,

294 1297 379 1358 ὡς
427 1296 600 1373 κάγώ·
661 1296 817 1375 κάγὼ
884 1297 989 1374 γὰρ
1050 1304 1262 1372 μηνιῶν
1296 1293 1542 1371 ἕπταισα,
1599 1300 1689 1355 καὶ
1735 1298 1960 1379 σφαλεὶς

291 1380 578 1442 ἀπέλαϐον
607 1388 745 1443 κατᾶ
772 1386 867 1449 τὰς
899 1387 1133 1462 ἀνομίας
1179 1407 1306 1464 μου’
1368 1388 1514 1446 ἄλλὰ
1573 1387 1867 1465 δικάσομαι
1905 1388 1958 1446 ἐν

286 1479 379 1547 τῷ
410 1478 529 1548 Θεῷ
557 1481 675 1537 τοῖς
733 1471 1115 1534 ὒποϐάλλουσί
1178 1500 1273 1552 μοι
1324 1484 1513 1539 ταῦτα.
1571 1481 1666 1551 Μὴ
1723 1479 1962 1554 ἐπαρθῇς

285 1563 385 1619 ἐπὶ
414 1568 551 1640 τιμῇ
572 1572 640 1636 τῆ
665 1588 690 1631 ς
732 1564 1011 1641 βασιλείας
1044 1589 1161 1625 σου.
1206 1570 1396 1632 Οῦτως
1449 1567 1549 1649 ἔχε
1601 1568 1727 1632 τοὺς
1758 1569 1960 1631 πάντας

287 1654 373 1715 ὡς
405 1653 613 1712 ἑαυτόν.
642 1658 813 1711 Γνῶθι
840 1655 926 1718 τίς
965 1660 1032 1726 ἧς
1072 1656 1164 1713 καὶ
1219 1658 1303 1722 τίς
1363 1659 1415 1715 εἴ
1469 1663 1583 1716 νῦν.
1619 1660 1720 1727 Μὴ
1760 1658 1958 1734 ὑπερή-

293 1763 472 1822 φανος
502 1745 568 1815 ᾖς
595 1748 714 1807 τοῖς
746 1744 1083 1822 ὁμοφύλοις,
1113 1747 1203 1801 καὶ
1237 1746 1345 1823 οὐχ
1374 1746 1646 1822 ἁμάρτῃς.
1680 1744 1848 1810 Οἶδας
1877 1746 1960 1808 τίς

288 1828 453 1905 ἤμην
484 1832 576 1887 καὶ
624 1832 705 1895 τίς
749 1831 864 1906 εἶμι
921 1838 1031 1903 νῦν,
1090 1834 1181 1890 τὸν
1239 1836 1466 1900 θάνατον
1529 1835 1582 1891 ἐν
1643 1834 1957 1908 ὀφθαλμοῖς

291 1920 467 1995 ὁρῶν.
514 1921 714 1983 Πάντες
745 1919 898 1977 οὗτοι
947 1922 1000 1977 οἱ
1062 1924 1458 1999 παριστάμενοι
1514 1920 1705 1979 δοῦλοί
1734 1923 1837 1979 εἶσι
1866 1923 1959 1978 καὶ

288 2008 460 2065 τὲκνα
517 2031 635 2067 σου.
706 2012 798 2083 Τῷ
851 2016 1066 2087 στρατῷ
1122 2013 1385 2087 πρόσεχε.
1473 2010 1803 2089 Ἀνάνδρους
1867 2010 1959 2067 καὶ

296 2097 589 2162 ἀσυνέτους
649 2100 727 2173 μή
789 2100 1168 2176 προχειρίζου.
1222 2103 1316 2173 Μή
1369 2123 1427 2157 σε
1478 2102 1816 2158 πεισάτωσαν
1872 2100 1957 2157 ὅτι

295 2189 393 2243 καὶ
427 2189 479 2243 οἱ
507 2189 614 2263 πρὸ
659 2192 758 2245 σοῦ
817 2189 992 2253 οὕτως
1051 2187 1374 2266 διεγένοντο.
1431 2194 1613 2248 Ταῦτα
1667 2194 1958 2268 παρεγγυῶ

300 2295 389 2330 σοι
421 2276 509 2331 καὶ
540 2281 786 2352 παραινῶ
818 2277 906 2355 ἀφ’
968 2278 1043 2332 ῶν
1073 2272 1288 2342 ἔπαθον.
1353 2279 1670 2354 Περιουσίας
1712 2280 1766 2334 οἱ
1796 2276 1955 2355 ἔχον.

290 2385 386 2428 τες
417 2362 842 2421 ἀπολαυέτωσαν
897 2365 1076 2422 αὐτῶν
1135 2367 1449 2444 χρησίμως.
1500 2373 1625 2431 Τοῖς
1661 2369 1738 2443 μὴ
1767 2362 1957 2444 ἔχουσί

296 2474 358 2509 σε
414 2453 781 2531 προετίμησα.
866 2456 981 2525 Τὴν
1049 2455 1258 2532 μητέρα
1331 2478 1449 2529 σου,
1517 2459 1617 2529 τήν
1674 2453 1808 2512 ποτέ
1858 2477 1955 2512 σου

300 2540 590 2600 δέσποιναν
649 2545 973 2622 γενομένην,
1030 2541 1189 2601 σέϐου
1244 2546 1335 2603 καὶ
1390 2546 1545 2621 τίμα·
1603 2546 1802 2612 δοῦλος
1852 2547 1953 2622 γὰρ

200 2656 210 2663 ·
304 2631 453 2700 ἦσθα
473 2636 757 2709 πρότερον,
790 2639 881 2689 νῦν
916 2632 973 2690 δὲ
1000 2640 1163 2708 γενοῦ
1220 2637 1336 2698 υἱὸς
1393 2636 1583 2708 αὐτῆς.
1644 2640 1826 2695 Ταῦτα
1883 2634 1957 2691 εί-

302 2722 509 2778 πόντος
536 2727 631 2779 τοῦ
673 2722 964 2799 βασιλέως,
1003 2726 1094 2781 καὶ
1140 2730 1238 2780 τοῦ
1296 2725 1569 2802 Καίσαρος
1602 2726 1652 2782 ἐν
1703 2732 1820 2790 τοῖς
1852 2746 1957 2782 πο-

307 2811 393 2866 σὶν
424 2812 588 2868 αὐτοῦ
619 2813 873 2877 πεσόντος
906 2815 1044 2890 (⁸7),
1090 2809 1193 2890 ἔφη
1254 2817 1282 2870 ὁ
1343 2815 1621 2891 βασιλεύς·
1648 2816 1717 2873 Εἴ
1754 2815 1953 2889 θέλεις,

303 2899 444 2973 εἰμὶ,
476 2900 523 2956 εἰ
554 2901 615 2957 ού
649 2901 848 2976 θέλεις,
881 2903 942 2958 ού
979 2909 1074 2973 ζῶ.
1107 2905 1168 2963 Ὀ
1215 2906 1343 2968 Θεὸς
1375 2907 1403 2961 6
1460 2906 1552 2962 τὸν
1580 2902 1806 2982 οὒρανὸν
1864 2907 1953 2963 καὶ

296 2991 401 3060 τὴν
432 2997 532 3067 γῆν
564 2995 823 3064 ποιήσας,
866 2989 1082 3069 ἐμϐάλῃ
1140 2994 1216 3058 εἰς
1273 2998 1372 3067 τὴν
1429 2994 1654 3074 καρδίαν
1711 3018 1808 3053 σου
1863 2999 1954 3053 καὶ

299 3077 470 3150 ἄλλα,
503 3079 538 3136 ἅ
565 3079 917 3156 ἐπελαθόμην
974 3083 1145 3140 εἰπεῖν
1204 3106 1311 3144 σοι.
1371 3089 1487 3156 Της
1541 3087 1704 3142 νόσου
1762 3083 1821 3141 δὲ
1874 3108 1954 3160 τῳ

303 3167 523 3243 βασιλεῖ
554 3169 763 3245 βαρέως
796 3171 1146 3248 ἐπικειμένης
1183 3175 1298 3247 μετ’
1329 3173 1392 3229 ού
1430 3172 1575 3230 πολὺ
1607 3172 1946 3245 ἐτελεύτησε.

298 3257 405 3313 Καὶ
435 3243 588 3330 ἐτέθη
611 3243 674 3313 τὸ
712 3264 870 3333 σῶμα
898 3243 1062 3317 αὐτοῦ
1104 3243 1275 3335 γίνίτῷ
1331 3263 1503 3337 ἡρῴῳ
1539 3243 1947 3335 Ἰουστινιανοῦ,
1980 3243 2024 3312 C

301 3345 357 3400 ἒν
388 3345 614 3422 λάρνακι
646 3349 1055 3425 Προικοννησίῳ
1074 3353 1187 3425 (78)
1206 3351 1342 3427 μετὰ
1367 3351 1568 3429 Σοφίας
1580 3358 1681 3423 τῆς
1697 3353 1953 3428 γυναικὸς

306 3432 490 3495 αὐτοῦ.

374 3614 497 3671 Ἐπὶ
550 3618 638 3690 [Ρ.
698 3619 827 3690 392]
881 3616 1080 3673 τούτου
1130 3623 1228 3673 τοῦ
1285 3613 1669 3676 εὐσεϐεστάτου
1732 3620 1955 3679 ’ῐουστί-

301 3725 402 3760 νου
431 3701 696 3768 Ἰουδαῖός
726 3727 811 3769 τις
868 3705 921 3761 ἐν
975 3708 1046 3780 τῇ
1092 3708 1254 3763 πόλει
1307 3707 1540 3783 ὑελοψὸς
1597 3708 1814 3767 παιδίον
1871 3711 1955 3768 ἐκέ

303 3814 476 3864 κτητο
529 3795 835 3869 μονογενὲς,
890 3797 919 3850 ’ὀ
975 3793 1259 3871 παρέδωκε
1318 3798 1598 3870 μανθάνειν
1657 3805 1957 3876 γράμματα

305 3881 548 3967 πλησίον
580 3890 680 3953 τῆς
711 3882 971 3959 Μεγάλης
1004 3884 1355 3958 Ἐκκλησίας,
1414 3888 1482 3957 ἧς
1537 3889 1566 3942 ὁ
1619 3890 1953 3967 σκευοφύλαξ

308 3965 456 4049 ἔχων
507 3970 734 4047 λείψανα
788 3972 976 4029 πολλὰ
1030 3981 1130 4044 τῆς
1216 3974 1372 4050 ἁγίας
1424 3973 1699 4050 τραπέζης
1755 3965 1957 4034 δέδωκε

303 4064 424 4121 τοῖς
458 4059 615 4114 παισὶ
645 4061 785 4137 πρὸς
826 4059 890 4116 τὸ
931 4059 1237 4132 δαπανῆσαι
1294 4061 1446 4119 αὐτά.
1509 4066 1641 4121 Μεθ’
1699 4066 1772 4121 ῶν
1827 4088 1948 4122 συν-

302 4146 445 4219 ῆλθε
491 4148 584 4204 καὶ
666 4150 730 4205 τὸ
804 4147 1102 4208 Ἰουδαϊκὸν
1160 4149 1400 4208 παιδίον·
1463 4152 1595 4226 ὅπερ
1664 4153 1955 4225 ἆπολυθέν,

300 4239 440 4313 πρὸς
471 4237 603 4303 τοὺς
629 4244 808 4315 γονεῖς
855 4238 1021 4297 αὐτοῦ
1061 4240 1292 4309 ἀπῆλθε.
1352 4241 1455 4298 Καί
1507 4264 1672 4321 φησιν
1724 4245 1955 4320 ὁπατὴρ

302 4326 488 4382 αὐτοῦ.
518 4329 633 4385 Ἵνα
669 4327 723 4383 τί
782 4323 1102 4404 ἐϐράδυνας,
1158 4331 1386 4401 τέκνονς
1446 4332 1503 4384 '0
1561 4329 1618 4386 δὲ
1673 4338 1800 4396 παῖς
1851 4335 1957 4389 ἀπ-

304 4416 516 4490 εκρίθη·
546 4419 696 4475 Μετὰ
722 4423 829 4475 τῶν
858 4423 1208 4494 Χριστιανῶν
1259 4417 1495 4475 παιδίων
1530 4420 1610 4483 εἷς
1628 4423 1727 4490 τήν
1776 4425 1956 4500 Μεγά-

304 4504 409 4578 λην
440 4507 769 4579 Ἐκκλησίαν
805 4506 1007 4589 ἔφαγον
1067 4508 1244 4585 κάγὼ,
1303 4510 1493 4586 πάτερ.
1554 4512 1617 4568 Ὀ
1672 4508 1728 4566 δὲ
1769 4509 1957 4577 δόλιος

1428 361 1979 424 HISTOltlARUM
2021 363 2339 424 COMPEN
2355 365 2578 428 DIUM.

3592 365 3723 425 750

1749 497 1811 553 Ὀ
1897 492 1956 551 δὲ
1987 499 2041 564 Α
2072 498 2402 569 Imperator
2429 503 2626 555 autem
2657 516 2790 556 cum
2814 499 3037 555 afﬂicta
3063 496 3398 554 valetudine
3419 502 3725 571 utcunque

2068 603 2130 641 se
2164 587 2519 660 collegisset,
2552 590 2951 660 patriarcham
3002 596 3273 644 senatum
3333 593 3391 643 et
3432 588 3722 660 populum

2068 678 2410 733 convocavit
2442 694 2455 744 ;
2490 679 2892 750 productoque
2924 679 2988 733 in
3032 682 3416 749 conspectum
3447 678 3720 734 omnium

2066 766 2298 822 Tiberio
2329 768 2558 823 Caesare
2588 768 2904 840 imperium
2937 767 2989 822 ei
3021 767 3341 833 commisit,
3369 766 3720 839 hujusmodi

2066 857 2334 911 oratione
2365 857 2567 912 habita
2599 874 2613 911 :
2646 857 2820 924 Deus,
2854 857 2956 927 qui
2983 860 3040 911 te
3070 855 3293 912 bonum
3323 855 3484 924 fecit,
3517 856 3719 925 is,non

2068 963 2194 1019 ego,
2228 948 2340 1003 hoc
2364 953 2418 1002 te
2450 951 2624 1003 ornat
2652 947 2878 1002 habitu.
2900 947 3065 1001 Hunc
3093 946 3361 1002 habitum
3381 949 3723 1002 reverenter

2066 1035 2239 1106 habe,
2290 1042 2356 1091 ut
2401 1036 2473 1091 ab
2524 1036 2651 1108 ipso
2705 1034 2859 1091 686
2912 1036 3138 1090 honore
3223 1035 3527 1092 afﬁciaris.
3588 1032 3722 1090 Noli

2067 1125 2322 1195 gaudere
2354 1125 2481 1180 fuso
2514 1125 2822 1198 sanguine,
2865 1140 3059 1195 neque
3092 1123 3550 1179 homicidiorum
3580 1140 3720 1195 par-

2068 1213 2255 1285 ticeps
2277 1219 2423 1271 esto.
2458 1213 2672 1269 Malum
2731 1212 2888 1269 malo
2946 1212 3276 1285 rependere
3332 1212 3478 1282 noli,
3526 1226 3722 1282 neque

2067 1303 2299 1375 gravius
2329 1304 2605 1374 cuiquam
2637 1319 3037 1370 succensere;
3090 1301 3151 1357 id
3209 1300 3370 1372 quod
3428 1315 3533 1373 ego
3585 1313 3722 1354 cum

2067 1391 2366 1459 fecissem,
2398 1393 2585 1449 erravi
2630 1408 2699 1447 ac
2753 1395 3131 1464 peccatorum
3188 1405 3459 1445 meorum
3520 1388 3721 1459 accepi

2066 1482 2425 1549 mercedem,
2461 1497 2801 1555 quanquam
2829 1482 2983 1536 Deus
3017 1480 3132 1535 mei
3192 1495 3373 1535 causa
3403 1478 3726 1534 ulciscatur

2067 1589 2169 1628 eos
2218 1572 2319 1643 qui
2375 1572 2490 1628 ista
2543 1571 2689 1627 mihi
2752 1575 3088 1627 suaserunt.
3140 1572 3221 1626 Ne
3278 1569 3588 1642 superbias
3645 1567 3721 1624 ob

2068 1661 2304 1734 imperii
2337 1663 2421 1717 tui
2451 1662 2849 1733 majestatem.
2869 1661 3088 1717 Omnes
3121 1659 3329 1716 eodem
3356 1675 3473 1730 quo
3497 1663 3554 1714 te
3588 1656 3720 1713 loco

2068 1750 2241 1808 habe.
2275 1752 2477 1824 Cogita
2507 1751 2640 1823 quis
2697 1750 2879 1807 fueris
2933 1755 2992 1805 et
3043 1748 3178 1820 quis
3234 1764 3396 1804 nunc
3427 1747 3529 1803 sis.
3586 1744 3719 1802 Noli

2069 1840 2321 1912 superbe
2353 1846 2559 1896 contra
2587 1840 2840 1913 gentiles
2891 1844 3021 1894 tuos
3075 1838 3294 1908 efferri,
3351 1853 3427 1895 ne
3484 1852 3716 1909 pecces.

2067 1929 2191 1985 Scis
2221 1930 2323 2000 qui
2355 1929 2570 1985 fuerim
2597 1934 2657 1985 et
2714 1929 2847 2000 quis
2890 1944 3052 1983 nunc
3082 1926 3218 1992 sim,
3249 1930 3506 1983 mortem
3579 1928 3718 1980 ante

2067 2019 2271 2074 oculos
2300 2018 2548 2074 habens.
2582 2018 2800 2073 Omnes
2829 2017 2891 2071 hi
2949 2017 3051 2088 qui
3106 2016 3512 2083 circumstant,
3564 2012 3719 2070 servi

2066 2108 2151 2163 tui
2186 2113 2323 2164 sunt
2353 2113 2413 2163 et
2439 2109 2526 2164 tui
2558 2108 2688 2164 filii.
2719 2107 3024 2163 Exercitus
3060 2123 3265 2163 curam
3320 2121 3481 2180 gere.
3515 2103 3720 2160 Molles

2067 2205 2126 2254 et
2154 2200 2564 2273 imprudentes
2594 2217 2669 2257 ne
2702 2200 3016 2272 praeﬁcias.
3069 2200 3270 2271 Neque
3331 2214 3400 2254 eo
3448 2197 3553 2253 tibi
3584 2212 3722 2269 per-

2067 2289 2379 2356 suadeant,
2411 2289 2569 2361 quod
2599 2289 2828 2361 priores
2859 2294 2916 2344 te
2947 2289 3338 2359 imperatores
3371 2285 3519 2342 tales
3537 2286 3719 2341 fuisse

2066 2379 2286 2436 dicent.
2317 2380 2451 2433 Haec
2470 2378 2577 2433 tibi
2626 2377 2929 2450 praecipio,
2987 2392 3237 2447 meoque
3285 2374 3532 2431 edoctus
3562 2373 3719 2429 malo

2064 2469 2272 2524 hortor
2309 2473 2375 2522 ut
2440 2467 2513 2522 iis
2562 2471 2703 2523 stes.
2753 2466 2862 2531 Qui
2912 2464 3241 2536 locupletes
3289 2467 3447 2531 sunt,
3506 2460 3719 2533 opibus

2063 2556 2293 2613 utiliter
2318 2555 2612 2612 fruantur.
2636 2554 2879 2612 Prmtuli
2938 2558 2998 2608 te
3051 2553 3124 2608 iis
3177 2551 3279 2622 qui
3311 2567 3433 2607 non
3471 2548 3715 2606 habent.

2062 2648 2306 2702 Matrem
2336 2651 2523 2712 tuam,
2548 2661 2679 2716 quea
2738 2642 2983 2699 domina
3039 2639 3366 2712 aliquando
3426 2644 3526 2695 tua
3583 2638 3715 2710 fuit,

2063 2736 2191 2792 cole
2215 2752 2282 2791 ac
2314 2751 2582 2790 reverere
2617 2750 2631 2788 :
2664 2749 2866 2788 servus
2928 2731 3089 2787 enim
3147 2735 3308 2796 ante,
3360 2745 3522 2784 nunc
3554 2727 3715 2783 illius

2064 2824 2194 2896 ejus
2223 2824 2413 2879 factus
2461 2840 2544 2878 es.
2594 2822 2730 2876 Haec
2777 2821 3010 2876 locutus
3068 2819 3414 2891 imperator,
3474 2833 3609 2873 cum
3641 2813 3717 2871 ad

2063 2914 2245 2986 pedes
2277 2915 2406 2985 ejus
2438 2930 2500 2969 se
2530 2911 2948 2984 prostravisset
2976 2912 3191 2976 Cmsar,
3223 2906 3494 2964 addidit:
3529 2906 3587 2961 Si
3605 2906 3714 2974 vis,

2063 3020 2236 3061 sum:
2268 3003 2326 3057 Si
2352 3019 2472 3057 non
2497 3002 2604 3069 vis,
2636 3017 2757 3057 non
2800 3001 3008 3055 vivam.
3055 2999 3211 3054 Deus
3269 2996 3371 3068 qui
3413 2995 3628 3051 celum
3659 2999 3723 3051 et

2064 3097 2283 3149 terram
2314 3090 2602 3159 condidit,
2625 3090 2689 3145 in
2721 3106 2822 3144 cor
2837 3094 3006 3143 tuum
3037 3086 3205 3142 indat
3229 3084 3348 3141 alia
3377 3084 3717 3155 etiam,quaa

2063 3183 2171 3238 tibi
2204 3181 2399 3237 dicere
2430 3180 2650 3236 oblitus
2672 3196 2824 3235 sum.
2857 3176 3494 3248 Casterumimperator
3513 3173 3720 3230 morbo

2060 3272 2503 3344 ingravescente
2548 3269 2706 3326 haud
2762 3267 2951 3325 multo
3009 3272 3145 3339 post
3173 3266 3352 3321 vitam
3402 3263 3717 3320 conclusit.

2058 3364 2282 3434 Corpus
2308 3361 2438 3433 ejus
2468 3359 2531 3414 in
2588 3358 2772 3414 heroo
2826 3355 3148 3413 Iustiniani
3207 3353 3547 3427 depositum
3604 3357 3717 3423 est,

2058 3452 2121 3507 in
2177 3467 2315 3507 arca
2370 3448 2817 3516 Proconnesia;
2861 3446 3154 3519 juxtaque
3241 3442 3480 3516 SOphia,
3566 3457 3718 3498 uxor

2059 3542 2207 3614 ejus.

2131 3630 2251 3685 Hoc
2279 3629 2508 3684 Justino
2539 3627 2870 3699 imperante
2900 3622 3141 3695 quidam
3169 3622 3231 3676 in
3261 3621 3407 3676 urbe
3428 3620 3714 3676 vitrorum

2062 3718 2352 3774 caullator
2380 3717 2617 3772 Judaaus
2675 3713 2823 3770 681
2886 3713 3127 3768 unicum
3176 3709 3384 3765 habuit
3430 3708 3710 3778 ﬁliolum,

2060 3825 2237 3879 quem
2252 3808 2314 3861 in
2342 3806 2606 3862 scholam
2632 3820 2844 3875 magno
2864 3801 3084 3873 templo
3102 3799 3356 3854 vicinam
3378 3797 3719 3881 litterarum

2061 3896 2480 3953 discendarum
2513 3909 2691 3951 causa
2709 3893 2944 3947 mittere
3000 3888 3251 3945 solebat.
3313 3886 3455 3959 Ejus
3512 3883 3724 3956 templl

2063 3986 2320 4041 mdituus
2349 4000 2484 4039 cum
2517 3980 2998 4037 haberetmultas
3011 3995 3192 4034 sacra:
3214 3974 3719 4047 coanzereliquiasv

2063 4074 2264 4145 pueris
2312 4072 2447 4127 illas
2504 4068 2944 4126 consumendas
3002 4067 3200 4123 dabat.
3254 4066 3332 4121 lis
3389 4065 3540 4121 forte
3593 4069 3721 4120 tum

2062 4162 2253 4218 adfuit
2277 4161 2537 4226 Judaaus,
2571 4176 2749 4230 quem
2779 4157 2922 4225 dixi,
2954 4155 3260 4228 puerulus.
3300 4154 3403 4209 Hic
3435 4152 3719 4209 dimissus

2063 4268 2196 4306 cum
2230 4251 2475 4305 domum
2513 4248 2810 4315 rediisset,
2844 4263 2880 4301 a
2934 4251 3100 4317 patre
3158 4259 3400 4299 causam
3439 4239 3722 4297 tardioris

2063 4340 2305 4397 domum
2354 4337 2666 4394 reditionis
2714 4322 3046 4407 postulatus
3100 4331 3408 4405 respondit
3463 4346 3526 4386 se
3583 4344 3720 4383 cum

2064 4428 2536 4485 Christianorum
2592 4426 2793 4498 pueris
2841 4425 2904 4479 in
2958 4439 3173 4496 magno
3242 4418 3469 4492 templo
3521 4417 3722 4474 cibum

2067 4518 2415 4589 sumpsisse.
2446 4519 2520 4570 At
2545 4515 2783 4571 Iudaeus
2843 4519 3030 4586 pater,
3075 4511 3289 4567 dolosa
3344 4509 3451 4565 illa
3505 4508 3719 4576 bestia,

303 4595 504 4659 ἐκεῖνος
537 4598 641 4672 θὴρ
673 4597 882 4677 σφόδρα
934 4598 1143 4672 μανεὶς,
1207 4598 1341 4672 μετᾶ
1394 4599 1456 4654 τὸ
1508 4598 1793 4676 ἀριστῆσαι
1854 4601 1956 4659 λα-

2068 4607 2289 4679 ingenti
2319 4605 2518 4661 furore
2544 4604 2825 4676 percitus,
2849 4620 2884 4658 a
2916 4601 3164 4675 prandio
3210 4615 3459 4672 puerum
3491 4597 3552 4652 in
3581 4596 3721 4652 offl-

304 4683 413 4741 6ὼν
448 4686 510 4740 τὸ
542 4684 757 4742 παιδίον
790 4687 881 4742 καὶ
912 4684 1171 4752 ἀπελθὼν
1202 4687 1277 4750 εἰς
1328 4687 1392 4742 τὸ
1434 4685 1796 4765 ἐργαστήριον
1855 4693 1955 4748 αὐο

308 4778 403 4830 τοῦ
424 4769 638 4850 ἕρῥιψεν
668 4774 799 4830 αὐτὸ
862 4775 941 4839 είς
1003 4777 1105 4845 τήν
1156 4778 1384 4850 κάμινον
1443 4776 1532 4831 καὶ
1579 4777 1800 4840 κλείσας
1856 4783 1956 4850 τήν

310 4863 472 4937 θύραν
504 4863 873 4939 ἀνεχώρησεν.
923 4865 986 4922 Ἡ
1039 4864 1096 4919 δὶ
1151 4864 1286 4940 γυνὴ
1346 4865 1513 4920 αὐτοῦ
1569 4868 1668 4937 τήν
1698 4870 1834 4924 κατὰ
1862 4875 1959 4925 τοῦ

307 4947 501 5013 παιδὸς
536 4951 726 5024 μανίαν
755 4957 853 5007 τοῦ
906 4950 1119 5029 ἀνδρὸς,
1179 4954 1351 5023 αὐτῆς
1399 4951 1592 5027 εἰδυῖα,
1652 4957 1959 5015 ἀπελθοῦσα

308 5038 362 5095 ἐν
418 5040 500 5112 τῷ
568 5039 905 5119 ἐργαστηρίῳ
954 5044 1045 5099 καὶ
1101 5040 1189 5099 διὰ
1243 5050 1343 5113 τῆς
1398 5042 1541 5109 ὀπῆς
1597 5046 1960 5123 παρακύψασα

306 5127 508 5196 ἤκουσε
531 5129 630 5198 τῆς
673 5133 858 5209 φωνῆς
908 5136 1009 5189 τοῦ
1061 5128 1256 5194 παιδὸς
1314 5132 1405 5186 καὶ
1457 5132 1776 5198 εἰσελθοῦσα
1835 5139 1960 5215 εὗρε

2068 4695 2263 4752 cinam
2294 4694 2537 4750 abducit
2565 4695 2749 4764 inque
2782 4691 3085 4749 caminum
3113 4688 3342 4761 abjicit,
3402 4704 3471 4743 ac
3499 4686 3723 4759 opertis

2066 4784 2293 4840 foribus
2322 4783 2567 4839 recedit.
2589 4783 2745 4838 Uxor
2775 4788 3132 4852 autem,quaa
3163 4777 3363 4835 mariti
3395 4777 3456 4832 in
3472 4774 3724 4831 ﬁliolum

2067 4875 2329 4930 furorem
2353 4874 2655 4946 cognitum
2669 4872 2937 4940 haberet,
2956 4870 3030 4926 ad
3061 4869 3363 4925 officinam
3374 4883 3508 4922 cum
3522 4880 3722 4921 acces-

2069 4965 2261 5030 sisset,
2294 4981 2401 5036 per
2429 4963 2640 5018 rimam
2675 4960 3096 5032 introspiciens
3124 4958 3292 5030 pueri
3316 4971 3519 5012 vocem
3548 4967 3725 5009 exau-
3770 5002 3777 5009 .

2069 5054 2231 5109 divit.
2266 5054 2338 5107 Et
2368 5053 2634 5125 ingressa
2664 5050 2891 5105 invenit
2947 5066 3083 5105 eum
3116 5049 3177 5102 in
3224 5047 3399 5101 furno
3426 5044 3722 5115 integrum

2068 5142 2223 5197 nihil
2253 5142 2326 5197 ab
2356 5142 2492 5212 igne
2524 5155 2786 5212 passum.
2818 5138 2926 5203 Qui
2980 5153 3015 5192 a
3064 5140 3251 5191 matre
3284 5132 3554 5197 eductus,
3585 5145 3722 5185 cum

1500 5242 1860 5303 XYLANDRI
1901 5250 1988 5304 ET
2026 5250 2245 5306 GOARI
2283 5249 2505 5304 ΝΟΤΕ.

376 5363 489 5447 (77)
515 5363 840 5447 Adoptatos
869 5365 945 5447 ad
974 5365 1606 5447 pedessadoptantium
1643 5371 1963 5447 procidere

2075 5389 2188 5444 que
2216 5371 2625 5444 patriarchami
2665 5367 3001 5440 adoptionis
3050 5371 3183 5444 vota
3235 5381 3308 5420 ex
3362 5358 3724 5444 Euchologio

305 5431 478 5518 docet
502 5431 663 5520 ritus
680 5431 1119 5520 euchol'ogicus.
1144 5431 1395 5493 Przestat
1439 5439 1499 5493 id
1529 5431 1772 5520 Iustino
1789 5444 1963 5520 fl‘ibe-
2073 5431 2285 5520 legisse
2312 5449 2537 5520 narrat,
2560 5443 2633 5520 ad
2664 5431 2834 5513 cujus
2850 5455 3058 5511 preces
3088 5437 3267 5494 etiam
3297 5438 3560 5493 astantes
3572 5431 3725 5486 bene

304 5508 534 5586 rius,_et
563 5508 848 5586 Sophiam
878 5508 1090 5586 Justini
1139 5525 1384 5586 uxorem
1411 5526 1556 5586 _non
1586 5511 1715 5582 jam
1746 5508 1964 5586 δέσποι-
2073 5508 2194 5570 sint
2221 5508 2544 5586 apprecati.
2577 5508 2750 5586 Goia;

300 5595 417 5644 ναν,
447 5578 880 5649 imper-amcam.
906 5578 1010 5635 sed
1053 5587 1283 5636 matrem
1313 5580 1426 5636 sibi
1484 5578 1961 5643 commendatam

304 5651 589 5722 agnoscit.
608 5649 978 5706 Refertidem
1002 5651 1323 5709 Simocatta
1350 5651 1478 5709 loco
1509 5653 1687 5708 citato
1709 5671 1721 5722 ;
1742 5656 1963 5728 ipsum-

2143 5573 2273 5660 (78)'
2292 5573 2528 5657 Lapidis
2559 5585 2676 5641 albi
2702 5573 3080 5660 (Strabone
3138 5581 3178 5637 1.
3229 5597 3334 5660 x_1_u
3364 5573 3629 5660 laudati,
3688 5588 3721 5627 θ

2070 5653 2464 5714 Prmconnéso
2495 5655 2890 5729 Propontidos
2922 5654 3121 5711 insula
3149 5653 3323 5710 eruti.
3357 5654 3532 5708 (ἶοΑιι.
