4124 6312
265 398 389 459 ’153

1393 385 1942 457 HISTORIARUM
1990 384 2530 465 COMPENDIUM.

3569 386 3687 447 754

315 535 482 608 ορεῖν.
517 530 761 607 ’Λγαγὼν
796 529 854 586 δὲ
897 529 1251 589 Ἀναστασίαν
1303 532 1404 599 τὴν
1456 531 1684 604 γυναῖκα
1739 523 1903 578 αὐτοῦ

2039 518 2325 573 Produxit
2355 519 2531 574 etiam
2580 520 2952 575 Anastasiam
2978 536 3223 575 uxorem
3244 535 3436 589 suam,
3468 536 3539 575 ex
3570 536 3689 592 qua

270 611 508 696 ἔχουσαν
570 618 622 692 ἒξ
680 619 846 689 αὐτῆς
904 621 994 673 καὶ
1055 621 1347 695 θυγατέρας
1407 615 1505 671 δύο
1562 614 1781 690 Χαριτὼ
1836 611 1928 696 διαὶ

265 714 711 778 Κωνσταντῖναν,
776 711 998 784 ἒστεψεν
1059 709 1231 777 αὐτην
1288 706 1630 781 Αὐγοῦσταν,
1693 700 1782 757 καὶ

265 804 419 877 ῥιψεν
493 799 750 856 ὑπατείαν
804 803 921 872 (84)
999 796 1239 869 πολλήν.
1309 794 1499 868 Τούτῳ
1558 797 1637 865 τῷ
1712 788 1929 868 βασιλεῖ

263 876 456 969 γέγονε
511 888 628 946 θεία
677 888 854 966 ὀμφή,
915 886 1152 964 ἀγγέλου
1183 888 1296 941 κατ’
1330 881 1458 959 ὄναρ
1494 876 1927 969 εῗπὸντοςχΤάδε

260 964 354 1033 σοι
380 976 530 1054 λέγει
562 977 625 1032 τὸ
666 964 990 1052 Τρισάγιου,
1042 974 1131 1030 Ὀἱ
1182 972 1432 1047 ιύραννοι
1487 973 1586 1036 τῆς
1649 964 1926 1045 βασιλείας

270 1065 359 1121 ἐπὶ
389 1070 494 1121 σῶν
526 1064 588 1120 οὗ
620 1080 943 1142 φοιτησουσι
977 1063 1199 1137 χρόνον.

330 1158 430 1228 Τῷ
472 1156 519 1231 β’
566 1150 672 1211 ἔτει
717 1151 1002 1208 ἀπέστειλε
1052 1145 1304 1226 πρέσϐεις
1367 1150 1502 1225 πρὸς
1558 1148 1650 1204 τὸν
1697 1144 1925 1222 βασιλέα

264 1250 485 1320 Περσῶν
552 1244 688 1300 κατὰ
753 1244 816 1298 τὸ
896 1239 1040 1312 ἔθος,
1127 1239 1349 1314 μηνύων
1410 1239 1508 1307 τήν
1574 1236 1920 1312 ἀναγόρευσιν

265 1334 453 1389 αὐτοῦ·
512 1333 602 1389 καὶ
661 1332 722 1388 οὗ
780 1333 1098 1405 προσήκατο
1156 1331 1258 1399 τὴν
1319 1327 1533 1403 εἰρήνην
1568 1328 1733 1382 ὁτῶν
1776 1329 1921 1399 Περ-

264 1428 372 1478 σῶν
408 1420 683 1498 βασιλεύς.
734 1422 796 1479 Ὀ
837 1418 895 1475 δὲ
947 1415 1195 1495 Τιϐέριος
1255 1416 1566 1490 διασπείρας
1605 1414 1732 1477 τοὺς
1764 1416 1921 1488 βασι-

260 1510 454 1575 λικοὺς
513 1510 821 1585 θησαυροὺς
881 1507 1069 1565 πολλά
1126 1503 1466 1583 στρατόπεδα
1519 1504 1763 1575 ἐποίησε,
1799 1522 1919 1578 χει-

260 1603 562 1679 ροτονήσας
621 1601 1003 1657 Ἰουστινιανόν
1063 1619 1182 1653 τινα
1240 1595 1539 1671 στρατηγὸν
1595 1592 1919 1664 Ἀνατολῆς,

265 1691 326 1755 ὅς
356 1687 644 1747 ἀναλαϐὼν
672 1692 769 1753 τὰς
822 1686 1077 1763 δυνάμεις
1135 1687 1225 1742 ἐπὶ
1279 1687 1342 1741 τὸ
1401 1684 1577 1758 Δαρὰς
1608 1686 1719 1758 (85)
1745 1703 1922 1757 παρα-

255 1783 491 1858 γίνεται.
548 1781 651 1838 Καὶ
679 1783 782 1850 τῆς
813 1780 1160 1852 παρατάξεως
1218 1774 1518 1852 γενομένης
1556 1778 1665 1828 τῶν
1704 1776 1921 1849 Περσῶν

254 1868 349 1923 καὶ
380 1865 807 1958 ⁹Ρωμαίων,νεῖς
867 1864 1070 1941 λόγους
1096 1863 1268 1934 ἦλθον
1319 1860 1410 1917 καὶ
1461 1859 1599 1937 πρὸς
1632 1858 1915 1931 ἀλλήλους
1948 1893 2000 1958 Β

260 1954 582 2015 σπένδονται
614 1957 815 2032 χρόνον
841 1962 1123 2031 τετραετῆ.

332 2046 426 2120 Τῷ
455 2049 504 2123 γ’
533 2041 661 2116 ἔτει,
713 2050 811 2101 τοῦ
858 2050 965 2100 τῶν
1023 2047 1244 2119 Περσῶν
1305 2044 1576 2121 βασιλέως
1610 2039 1916 2118 μέλλοντος

264 2135 358 2192 τὸν
425 2133 673 2208 πόλεμον
763 2134 1104 2211 αὐτουργεῖν,
1165 2135 1192 2188 6
1250 2133 1533 2207 Ῥωμαίων
1615 2130 1914 2206 στρατηγὸς

264 2223 401 2298 πρὸς
459 2223 585 2285 τοὺς
652 2225 857 2298 Πέρσας
925 2227 1117 2298 χωρεῖ.
1190 2222 1293 2279 Καὶ
1360 2228 1459 2291 τῆς
1507 2215 1912 2290 κατασυστάδην

268 2313 457 2389 μάχης
512 2312 829 2387 γενομένης,
891 2311 1109 2387 βαθείας
1159 2317 1262 2381 τῆς
1312 2315 1421 2366 τῶν
1479 2308 1767 2383 Ῥωμαίων
1810 2308 1915 2377 φά-

260 2400 471 2479 λαγγος
504 2401 671 2473 οὕσης
727 2405 762 2471 ἡ
819 2407 926 2457 τῶν
981 2404 1197 2477 Περσῶν
1247 2401 1337 2456 καὶ
1373 2395 1742 2457 Βαϐυλωνίων
1790 2396 1912 2471 τρέ-

258 2513 417 2548 πεται
450 2490 688 2561 πληθὺς,
735 2490 828 2546 καὶ
885 2491 1229 2565 ἀναιροῦνται
1284 2491 1474 2561 πλήθη
1514 2486 1719 2544 πολλά.
1754 2494 1909 2559 Λαμ-

261 2576 493 2636 ϐάνουσι
535 2578 591 2634 δὲ
639 2582 690 2635 οἱ
747 2581 1015 2653 Ῥωμαῖοι
1070 2578 1160 2634 καὶ
1212 2580 1274 2633 τὸ
1328 2584 1436 2634 τῶν
1493 2581 1707 2652 Περσῶν
1740 2574 1910 2633 τοῦλ-

262 2667 355 2724 δον
390 2672 530 2742 (86),
585 2670 676 2723 καὶ
730 2669 791 2723 τὸ
852 2667 1137 2745 βασιλικδν
1186 2669 1583 2741 σκηνοπήγιον,
1614 2666 1710 2721 καὶ
1736 2671 1908 2721 πᾶσαν

261 2757 361 2825 τὴν
419 2748 724 2824 ἀποσκευήν
775 2753 1018 2829 ἐπίδοξον
1068 2753 1254 2825 οὖσαν,
1304 2756 1393 2809 καὶ
1430 2753 1561 2816 τοὺς
1592 2753 1909 2828 ἐλέφαντας,

262 2846 316 2918 ἐξ
347 2847 422 2900 ὧν
453 2847 519 2900 τὰ
573 2844 816 2919 ἐπίσημα
853 2847 988 2920 πρὸς
1046 2847 1140 2901 τὸν
1203 2844 1432 2921 βασιλέα
1460 2844 1758 2916 πέμπουσι.
1792 2846 1908 2913 Τὴν

258 2934 528 3012 αἰσχύνην
559 2936 738 2991 τοίνυν
796 2937 824 2990 6
877 2939 987 2990 τῶν
1052 2939 1270 3010 Περσῶν
1335 2932 1592 3010 βασιλεὺς
1626 2935 1702 3006 μή
1731 2933 1909 3009 φέρων

256 3026 547 3098 νομοθετεῖ
576 3027 773 3098 μηκέτι
825 3024 1051 3101 βασιλέα
1101 3027 1320 3100 Περσῶν
1370 3024 1446 3085 εἴς
1488 3021 1731 3095 πόλεμον
1766 3019 1912 3097 ἐξέρ-

257 3128 475 3196 χεσθαι.
535 3117 596 3174 Ὁ
664 3113 721 3170 δὲ
783 3114 1092 3188 Ῥωμαῖκὸς
1157 3114 1387 3189 στρατὸς
1450 3111 1730 3177 ἐπετίθετο
1795 3118 1911 3174 ταῖς

258 3210 548 3280 Περσικαῖς
609 3208 935 3281 συμφοραῖς,
1002 3202 1092 3258 καὶ
1157 3203 1294 3278 πρὸς
1356 3202 1424 3257 τὰ
1489 3199 1743 3257 ένδότατα
1805 3207 1907 3270 τῆς

256 3265 523 3370 Περσίδος
588 3265 863 3373 ἐχώρησε,
930 3293 1020 3347 καὶ
1079 3265 1299 3360 πολλὴν
1362 3289 1749 3371 αῗχμαλωσίαν
1818 3265 1980 3345 καἰο

259 3383 463 3438 ἅλωσιν
504 3383 556 3438 ἐν
613 3380 831 3457 Περσίδι
887 3380 1177 3453 πεποίηκε,
1230 3380 1436 3458 φθάσας
1480 3381 1569 3435 καὶ
1613 3381 1773 3454 μέσον
1805 3387 1904 3449 τῆς

259 3473 574 3548 ’Υριανικῆς
640 3468 933 3543 θαλάσσης.
1001 3472 1293 3544 Χειμῶνος
1359 3468 1415 3525 δὲ
1479 3469 1806 3545 γενομένου,
1856 3468 1909 3524 ἐν

261 3559 484 3636 Περσίδι
515 3561 908 3640 παρεχείμασε.

328 3654 417 3722 Τῷ
446 3648 486 3705 δ’
514 3651 688 3708 αὐτοῦ
747 3646 851 3704 ἔτει
906 3648 1077 3720 κτίζει
1128 3644 1377 3724 Τιϐέριος
1408 3650 1469 3704 τὸ
1502 3645 1767 3722 δημόσιον
1795 3651 1905 3703 τῶν

256 3738 592 3814 Βλαχερνῶν
623 3737 878 3814 λουτρὸν,
932 3738 1143 3793 ἀνανεοῖ
1195 3734 1253 3792 δὲ
1309 3737 1398 3792 καὶ
1447 3735 1740 3807 ἐκκλησίας
1773 3744 1908 3792 πολ-

255 3828 359 3891 λὰς
418 3828 509 3883 καὶ
563 3829 793 3897 ξενῶνας
850 3826 939 3881 καὶ
990 3832 1368 3901 γηρωκομεῖα,
1428 3830 1796 3900 γατακροσμεῖ
1851 3822 1909 3879 δὲ

255 3918 351 3974 καὶ
376 3918 469 3974 τὸν
498 3915 951 3993 χρυσοτρίκλινον
1009 3921 1108 3970 τοῦ
1161 3915 1450 3973 παλατίου.
1486 3918 1567 3990 [Ρ.
1603 3919 1729 3988 394]
1772 3912 1909 3971 Τότε

256 4005 470 4063 κελεύει
528 4007 823 4084 γράφεσθαι
880 4006 1042 4060 αὐτὸν
1097 4003 1150 4059 ἐν
1205 4010 1321 4067 τοῖς
1378 4000 1741 4079 συμϐολαίοις
1797 4007 1906 4076 (87)

255 4093 511 4171 Τιϐέριον
579 4100 997 4151 Κωνσταντῖνον.
1066 4098 1155 4166 Τῷ
1240 4091 1286 4148 δ’
1344 4090 1448 4151 ἔτει
1512 4091 1738 4164 τελευτᾷ
1804 4093 1909 4150 Εὐ-

253 4183 509 4259 τύχιοςὸ
540 4182 912 4259 πατριάρχης,
966 4182 1054 4236 καί
1107 4181 1242 4254 μετά
1294 4178 1346 4251 ἓξ
1405 4179 1614 4255 ἡμέρας
1646 4199 1906 4255 χειροτο-

253 4280 426 4331 νεῖται
456 4274 723 4342 Ἰωάννης
769 4268 1014 4333 διάκονος
1060 4276 1160 4341 τῆς
1209 4271 1475 4346 Μεγάλης
1523 4268 1849 4340 Ἐκκλησίας
1880 4269 1908 4323 6

252 4364 593 4434 Νηστευτής.
650 4363 711 4420 Ὀ
760 4359 819 4416 δὲ
876 4359 1133 4432 βασιλεὺς
1189 4359 1460 4436 ἀγοράσας
1494 4360 1722 4433 σώματα
1766 4356 1910 4412 ἐθνι-

254 4456 365 4508 κῶν
402 4451 696 4521 κατέστησε
752 4449 1058 4522 στράτευμα
1115 4447 1191 4510 εἷς
1251 4447 1424 4522 ὄνομα
1478 4445 1645 4516 ἴδιον,
1703 4446 1910 4524 ἀμφιά-

256 4563 353 4607 σας
395 4542 486 4596 καὶ
542 4537 876 4601 καθοπλίσας
933 4536 1129 4599 αὐτοὺς
1189 4533 1450 4612 χιλιάδας
1514 4537 1593 4604 ιε’,
1655 4531 1910 4597 δεδωκὼς

2038 608 2187 663 duas
2214 607 2471 663 habebat
2493 608 2670 678 ﬁlias,
2702 610 3081 665 Charitonem
3114 626 3182 665 ac
3212 610 3685 681 Constantinam,

2038 713 2287 767 eamque
2338 697 2634 770 augustali
2686 715 2905 754 corona
2952 699 3272 766 exornavit,
3307 698 3685 770 multumque

2036 786 2333 842 nomisma
2393 787 2455 841 in
2508 786 2795 859 populum
2855 788 3090 859 sparsit.
3152 789 3296 844 Huic
3354 789 3415 843 in
3455 788 3682 844 somnis

2035 875 2280 947 angelus
2306 874 2584 947 praedixit
2611 876 2853 931 nomine
2902 881 3120 933 sanctas
3151 877 3450 932 Trinitatis
3480 882 3685 949 tyran-

2035 981 2144 1020 nos
2177 965 2303 1037 ipso
2334 964 2665 1036 imperante
2694 964 3010 1037 imperium
3041 982 3162 1020 non
3192 966 3520 1022 invasuros.

2104 1140 2277 1194 Anno
2310 1139 2544 1210 imperii
2596 1139 2686 1194 sui
2739 1139 2998 1194 secundo
3048 1139 3314 1195 Tiberius
3354 1140 3576 1213 legatos
3604 1141 3677 1196 de

2032 1246 2197 1284 more
2229 1229 2302 1283 ad
2331 1231 2646 1285 Persarum
2688 1246 2886 1302 regem
2930 1229 3112 1299 misit,
3144 1230 3430 1286 nuntians
3459 1247 3521 1285 se
3551 1246 3680 1286 esse

2031 1320 2453 1391 imperatorem
2524 1316 2819 1375 creatum.
2874 1320 3164 1374 Caeterum
3231 1321 3410 1376 Persa
3472 1337 3683 1392 pacem

2030 1408 2381 1480 repudiavit.
2435 1408 2703 1464 Tiberius
2754 1425 2893 1481 ergo
2943 1409 3345 1480 imperatoriis
3384 1409 3682 1466 thesauris

2031 1499 2253 1554 multos
2284 1498 2570 1554 conduxit
2624 1498 2917 1554 exercitus
2949 1504 3009 1554 et
3042 1499 3445 1556 Justinianum
3477 1516 3681 1572 quem-

2031 1591 2166 1646 dam
2200 1591 2425 1646 Orienti
2457 1591 2763 1663 praefecit;
2796 1592 2896 1664 qui
2929 1608 3063 1647 cum
3097 1592 3361 1648 exercitu
3391 1591 3467 1648 ad
3493 1593 3676 1648 Dares

2029 1680 2329 1751 profectus
2377 1685 2485 1735 est.
2508 1681 2613 1736 Ubi
2638 1698 2771 1736 cum
2796 1681 3055 1737 adversus
3078 1682 3206 1754 jam
3237 1681 3394 1738 acies
3426 1682 3676 1751 coirent,

2028 1773 2396 1844 colloquium
2428 1772 2500 1829 de
2531 1790 2676 1845 pace
2707 1772 3241 1845 intervenit,eaque
3270 1775 3331 1829 in
3363 1773 3677 1847 quadrien-

2028 1862 2198 1919 nium
2228 1868 2403 1935 pacta
2431 1863 2566 1920 fuit.

2097 2041 2291 2096 Tertio
2349 2057 2528 2107 anno,
2580 2057 2716 2098 cum
2770 2057 2873 2096 rex
2926 2042 3240 2101 Persarum
3292 2042 3418 2113 ipse
3447 2041 3674 2097 bellum
3738 2114 3741 2117 _

2027 2134 2300 2202 gesturus
2332 2135 2509 2200 esset,
2542 2129 2661 2185 dux
2709 2132 3109 2186 Romanarum
3141 2131 3445 2203 copiarum
3476 2130 3675 2186 Persis

2028 2220 2257 2275 obviam
2308 2219 2639 2276 contendit.
2670 2220 2996 2276 Commissa
3034 2225 3233 2276 autem
3265 2221 3535 2276 cominus
3560 2237 3672 2292 pu-

2025 2325 2159 2378 gna,
2194 2312 2596 2365 Romanorum
2647 2309 2890 2380 plalanx
2937 2308 3251 2365 ordinibus
3295 2310 3511 2381 stipata
3539 2311 3672 2365 Per-

2026 2414 2225 2453 sarum
2253 2403 2311 2452 et
2333 2396 2790 2469 Babyloniorum
2812 2398 2999 2453 aciem
3018 2398 3674 2470 pepulit,magnamque

2025 2504 2231 2542 eorum
2286 2492 2541 2560 stragem
2598 2487 2802 2542 edidit.
2831 2489 3128 2558 Ceperunt
3186 2486 3436 2544 Romani
3482 2486 3665 2542 etiam

2022 2577 2337 2631 Persarum
2396 2575 2628 2632 tuldum
2687 2580 2747 2631 et
2800 2576 2958 2648 regis
2998 2575 3319 2631 tentorium
3351 2575 3671 2648 omniaque

2021 2664 2451 2737 impedimenta
2480 2682 2693 2738 magno
2724 2664 3017 2720 aestimata
3046 2664 3672 2736 elephantosque.Qua

2024 2754 2096 2809 de
2127 2753 2327 2825 praeda
2357 2770 2427 2809 ea
2458 2771 2589 2824 quas
2622 2759 2792 2809 erant
2818 2753 3074 2809 maxime
3104 2753 3363 2827 insignia
3385 2753 3458 2809 ad
3481 2753 3671 2826 impe-

2020 2848 2280 2899 ratorem
2306 2844 2617 2899 miserunt.
2674 2843 2788 2898 Sed
2844 2845 3160 2898 Persarum
3202 2859 3307 2897 rex
3362 2842 3671 2899 dedecoris

2020 2934 2361 3006 impatiens.
2387 2934 2542 2989 690
2570 2933 2762 3007 legem
2784 2932 2899 2987 fert
2925 2948 2998 2987 ne
3030 2949 3132 2987 rex
3160 2934 3477 2987 Persarum
3508 2933 3670 2987 ullus

2020 3024 2263 3095 posthac
2326 3022 2386 3076 in
2441 3021 2667 3076 bellum
2726 3021 3157 3091 proficiscatur.
3201 3020 3495 3076 Romanus
3526 3036 3662 3075 vero

2021 3112 2311 3167 exercitus
2368 3110 2545 3166 rebus
2602 3112 2915 3165 Persarum
2973 3108 3206 3163 afﬂictis
3264 3108 3560 3164 insultans
3603 3108 3665 3164 in

2019 3201 2292 3256 intimam
2324 3216 2513 3270 usque
2542 3198 2848 3254 Persidem
2897 3197 3183 3269 pervenit,
3216 3197 3556 3269 multosque
3586 3197 3668 3253 ibi

2019 3289 2327 3357 mortales,
2360 3288 2551 3343 multa
2581 3288 2800 3359 oppida
2829 3287 2889 3342 in
2921 3290 3277 3358 potestatem
3299 3303 3469 3342 suam
3496 3286 3669 3342 rede-

2017 3380 2119 3449 git,
2150 3385 2209 3434 et
2236 3395 2427 3449 usque
2458 3376 2531 3432 ad
2564 3376 2829 3431 medium
2872 3376 3053 3430 maris
3084 3375 3335 3447 Hyrcani
3367 3376 3666 3448 perrexit;

2018 3486 2086 3525 ac
2118 3468 2312 3524 hieme
2343 3467 2518 3533 facta,
2552 3466 2615 3521 in
2646 3465 2886 3522 Perside
2918 3464 3169 3520 hiberna
3197 3463 3424 3520 habuit.

2089 3651 2307 3715 Quarto
2359 3663 2517 3703 anno
2567 3645 2835 3701 Tiberius
2879 3645 3183 3716 publicum
3216 3645 3280 3699 in
3323 3645 3662 3702 Blacbernis

2017 3738 2296 3794 balneum
2329 3736 2603 3803 aediﬁcat,
2636 3735 3046 3804 instauratque
3078 3733 3267 3788 multa
3299 3734 3539 3805 templa,
3554 3734 3663 3789 do—

2018 3844 2148 3882 mos
2180 3825 2505 3897 hospitales
2529 3829 2585 3878 et
2607 3822 2850 3876 senibus
2880 3820 3147 3875 fovendis
3173 3820 3378 3876 factas.
3406 3823 3667 3878 Exornat

2020 3916 2197 3972 etiam
2229 3930 2476 3970 aureum
2506 3912 2707 3983 palatii
2734 3909 3082 3965 triclinium.
3109 3911 3270 3965 Tuuc
3299 3910 3478 3966 etiam
3511 3928 3572 3966 se
3606 3911 3668 3967 in

2020 3983 2433 4060 contractuum
2463 3999 2735 4055 formulis
2768 3997 2946 4053 scribi
2972 3997 3154 4068 jussit
3181 3997 3479 4054 Tiberium
3512 4001 3660 4055 Con-

2021 4093 2369 4149 stantinum.
2404 4089 2625 4144 Eodem
2656 4104 2813 4144 anno
2855 4086 3106 4141 moritur
3135 4088 3457 4159 Eutychius
3489 4090 3670 4160 patri-

2019 4181 2297 4247 archa,ac
2327 4184 2461 4251 post
2492 4194 2592 4233 sex
2623 4176 2750 4232 dies
2783 4176 2844 4230 in
2874 4175 3072 4230 locum
3104 4175 3235 4247 ejus
3265 4177 3548 4232 suffectus
3583 4182 3673 4233 est

2018 4272 2276 4325 Joannes
2306 4270 2698 4340 cognomento
2728 4265 3055 4337 Jejunator,
3087 4264 3286 4336 magni
3318 4265 3525 4337 templi
3554 4265 3673 4321 dia-

2020 4376 2225 4414 conus.
2260 4360 2443 4412 Porro
2500 4354 2768 4411 Tiberius
2826 4353 2972 4408 emit
3023 4352 3334 4410 barbarica
3372 4353 3673 4426 mancipia

2023 4448 2097 4503 ad
2154 4446 2346 4501 millia
2396 4442 2760 4515 quindecim,
2794 4459 2981 4513 exque
3036 4442 3109 4497 iis
3167 4443 3393 4498 vestitis
3443 4461 3570 4499 ase
3611 4447 3670 4499 et

2021 4536 2267 4592 armatis
2326 4532 2652 4589 exercitum
2712 4531 3075 4603 composuit,
3133 4530 3207 4586 de
3263 4549 3368 4588 suo
3425 4533 3671 4589 nomine

250 4631 437 4694 αὐτοῖς
494 4629 582 4685 καὶ
643 4628 950 4702 στρατηγὸν
1011 4627 1310 4702 Μαυρικιον
1365 4626 1457 4679 τὸν
1520 4626 1741 4698 κόμητα
1799 4629 1909 4679 τῶν

2028 4625 2394 4682 [‘iberianum
2425 4622 2777 4695 appellans;
2810 4621 3141 4693 ducemque
3174 4622 3245 4677 iis
3278 4621 3442 4678 dedit
3464 4624 3675 4681 Mauri-

1465 4762 1822 4818 XYLANDRI
1860 4763 1948 4817 ET
1986 4762 2203 4818 GOARI
2233 4760 2455 4816 ΝΟΤᾸΞ.

300 4902 378 4937 ιον
425 4882 641 4938 dicitur
695 4880 850 4952 apud
890 4878 1347 4952 Theophanem,
1381 4895 1447 4934 ac
1479 4878 1898 4952 imperatorem

300 4903 378 4937 ιον
425 4903 641 4938 (llClLlll‘
695 4903 850 4952 apuu
917 4903 1347 4951 ιιιυυμιιειιιυιιι,
1381 4903 1447 4934 tu:
1479 4903 1556 4933 Ill]
1605 4903 1898 4933 Ul'dLUI'BIH

254 4903 653 5036 Philippicum
683 4950 757 5036 εἰς
787 4951 850 5005 τὸ
880 4948 1231 5036 ὀρνατούριον
1265 4953 1373 5003 τῶν
1412 4903 1691 5036 μρασΐνων
1724 4949 1905 5036 refert

254 5021 576 5084 adduxisse
598 5024 832 5080 Ruﬁ‘um
853 5021 1172 5094 quemdam
1189 5038 1203 5088 ;
1219 5037 1396 5094 quem
1412 5021 1611 5077 locum
1629 5021 1906 5094 eumdem

251 5099 599 5156 amatorium
631 5093 1007 5159 Prasinorum,
1033 5093 1134 5148 ubi
1170 5093 1455 5148 nimirum
1486 5095 1597 5149 oris
1629 5098 1687 5148 et
1728 5093 1906 5147 limbis

248 5169 513 5227 vestibus
544 5167 782 5223 attextis
804 5181 933 5221 sese
955 5164 1345 5231 adornabant,
1373 5164 1518 5220 dicit
1543 5165 1759 5220 Paulus
1780 5164 1906 5220 dia-

247 5260 436 5300 conus
469 5257 484 5305 ;
518 5256 699 5310 quem
730 5236 1007 5310 eumdem
1058 5234 1405 5310 ᾀρματώριον
1439 5235 1771 5291 Cedrenum
1804 5253 1906 5290 vo-

246 5331 415 5370 casse
446 5308 1008 5381 coritemplabimur.
1051 5308 1228 5362 Gosn.

319 5387 429 5457 (84)
459 5378 738 5457 Intelligo
763 5385 1062 5436 monetam
1094 5378 1466 5457 consularem
1496 5396 1509 5433 :
1543 5395 1683 5457 nam
1715 5378 1905 5457 impe-

242 5448 475 5513 ratores
533 5448 913 5509 consulatum
957 5467 1192 5522 quoque
1251 5452 1506 5522 gessisse
1538 5455 1598 5504 et
1626 5451 1686 5504 in
1719 5448 1907 5522 titulis

246 5529 373 5585 suis
405 5538 905 5582 commemorasse
962 5519 1167 5579 notum
1227 5519 1335 5576 est.
1392 5521 1549 5577 Infra
1578 5535 1813 5592 quoque
1845 5519 1906 5573 in

246 5601 450 5657 Phoca
488 5595 687 5651 ὑπάτια
717 5610 824 5666 pro
856 5593 1031 5648 donis
1072 5593 1412 5666 missilibus
1442 5598 1501 5648 et
1532 5591 1905 5664 in’populum

250 5670 477 5744 sparsis
494 5663 768 5744 ponitur,
803 5681 939 5744 cum
968 5664 1144 5744 verbo
1186 5663 1586 5744 piatumva.

325 5744 441 5815 (85)
461 5733 898 5815 Mesopotamizp
920 5734 1130 5815 urbem
1152 5733 1226 5792 ab
1249 5736 1561 5793 Anastasio
1582 5733 1905 5793 conditam:

255 5807 342 5872 (ιε’
364 5807 485 5888 qua
509 5812 574 5870 in
600 5807 936 5870 Anastasio.
968 5807 1144 5865 Gou.

2080 4878 2193 4948 (86)
2228 4875 2409 4948 Sicet
2441 4872 2612 4948 infra.
2647 4870 2841 4948 Credo
2866 4869 3323 4948 fuisse_signum
3364 4877 3467 4928 aut
3494 4873 3674 4928 vexil-

2013 4941 2137 5003 lum
2170 4941 2719 5018 pracipuumﬁicut
2750 4942 2907 4996 infra
2936 4941 2998 5018 in
3032 4942 3302 5018 Heraclio
3330 4959 3438 5018 pro
3469 4949 3665 5018 turma

2016 5012 2291 5091 ponitur,
2313 5012 2414 5091 ein
2449 5020 2637 5085 fanen.
2672 5015 2821 5091 Κητ-
2851 5043 2914 5052 -
2949 5012 3219 5091 Somniat
3245 5012 3349 5091 hic
3369 5014 3533 5091 circa
3560 5016 3671 5069 tul-

2016 5083 2149 5146 ἱιιιηι
2193 5083 2507 5161 xylander,
2541 5091 2601 5141 et
2649 5083 2915 5161 υεανίζζιιπι
2970 5083 3193 5161 referre
3244 5084 3431 5161 ﬁngit,
3464 5101 3668 5161 a_qu_o

2018 5153 2312 5218 semotum
2327 5164 2454 5215 erat
2475 5153 2651 5212 Omne
2678 5154 2993 5218 vexillum;
3028 5153 3102 5209 ad
3124 5153 3466 5226 conflictum
3490 5153 3672 5226 siqui-

2017 5233 2153 5288 dem
2184 5231 2561 5287 delerebatur
2589 5226 3035 5296 vexillum,cl_1m
3066 5225 3337 5291 sarcinis,
3354 5225 3668 5296 jumen’tis,

2017 5299 2853 5375 impedimentispuerisguas
2866 5291 3673 5375 to§ASOVDsigniﬂ_cat,nul_lum

2018 5362 2540 5459 aut'superlluumﬁ.
2600 5362 2875 5459 Suic‘l'asn:
2922 5362 3226 5459 ΣΞγμάρῖα
3271 5366 3333 5420 τὸ
3378 5368 3504 5459 παρ’
3537 5369 3673 5459 ἡμιγ

2018 5437 2317 5519 λεγόμενον
2363 5437 2619 5505 τοῦλδον,
2676 5437 2743 5492 τὰ
2801 5437 3158 5511 βαστάζοντα,
3205 5437 3534 5510 ἀποσκευήν,
3581 5437 3673 5497 xui

2018 5517 2115 5561 ea?»
2154 5508 2530 5561 ιιετακοιιιδῆν
2557 5515 2667 5561 τῶν
2695 5503 3054 5561 ὶπιττδείων.
3086 5509 3262 5561 601m.

2016 5508 2115 5585 τήὑ
2158 5508 2168 5516 ’
2196 5508 2530 5583 ετακομιδήν
2557 5515 2667 5564 τῶν
2695 5508 3054 5576 ὶπιτηδείων.
3086 5509 3262 5565 (ΞοΛιι.
3472 5508 3478 5510 ἡ
3522 5508 3527 5509 ί

2087 5537 2197 5659 (δέ)
2231 5586 2552 5657 Diplomatis
2580 5580 2878 5659 alitteris
2899 5581 3226 5637 correctius
3258 5582 3354 5639 hic
3385 5583 3674 5659 interpre-

2017 5651 2220 5715 tabere
2256 5651 2434 5729 quam
2487 5671 2624 5711 cum
2651 5651 3363 5726 Xylandro,contractuum
3388 5651 3670 5725 formulis.

2018 5732 2193 5789 Goxn.
