4124 6312
397 324 529 383 ’155

1756 308 2077 372 GEORGII
2122 309 2465 377 CEDRENI

3709 320 3842 379 756

401 456 558 513 cium
583 453 864 511 comitem
884 447 1513 520 fuederatorum,eique
1539 448 1801 521 legatum
1834 443 2055 500 addidit

2175 443 2511 520 φοιδεράτων
2571 447 2664 506 καί
2719 449 3127 528 ὑποστράτηγον
3189 452 3360 508 αὐτοῦ
3423 456 3667 528 Ναρσῆν,
3735 452 3840 507 καὶ

402 550 728 611 Narsetem,
787 559 855 598 ac
924 546 1128 597 contra
1186 542 1395 595 Persas
1448 537 1666 592 emisit.
1724 535 2055 593 Commissa

403 652 599 710 pugna
630 637 824 690 Persas
855 633 991 688 victi
1020 630 1298 704 pulsique
1349 635 1509 694 sunt,
1551 633 1610 683 et
1639 642 1911 699 rerepere
1944 628 2056 681 Ro-

404 726 567 785 mani
602 725 778 781 urbes
810 728 869 778 et
887 721 1106 794 Oppida
1137 720 1209 776 ab
1254 721 1327 775 iis
1377 719 1709 774 Iustiniano
1741 722 1799 772 et
1824 716 2057 771 Iustino

405 813 839 888 imperantibus
856 815 1162 883 occupata.
1189 812 1476 864 Reversus
1506 806 1714 879 Cpolin
1741 804 2057 861 Mauricius

404 908 478 963 ab
508 907 866 976 imperatore
899 904 988 956 est
1017 899 1347 954 honoriﬁce
1373 901 1671 969 acceptus.
1702 894 2059 965 Triumpha-

401 997 484 1053 vit
540 994 720 1050 etiam
777 991 850 1046 de
903 989 1101 1045 Persis
1160 988 1501 1059 imperator,
1553 986 1675 1040 suis
1715 983 1994 1055 auspiciis
2024 998 2060 1037 a

401 1085 683 1145 Mauricio
724 1080 934 1147 victis;
991 1093 1394 1151 generumque
1452 1076 1611 1130 hunc
1659 1074 1769 1130 sibi
1831 1072 2056 1142 ascivit,

401 1174 620 1231 tradita
651 1171 776 1227 filia
824 1186 931 1224 sua
984 1166 1385 1222 Constantina.
1422 1167 1714 1221 Germano
1747 1163 1881 1218 duci
1913 1162 2060 1216 alte-
2108 1175 2112 1179 ‘

399 1280 553 1331 ram,
609 1261 854 1316 nomine
918 1257 1319 1324 Charitonem,
1386 1253 1718 1321 collocavit,
1779 1253 1925 1307 691
2002 1254 2061 1304 et

401 1359 722 1422 utrumque
752 1349 1043 1403 Caesarem
1074 1344 1423 1416 designavit.
1451 1342 1691 1398 Decima
1720 1345 1932 1413 quarta
1963 1337 2058 1394 die

404 1441 650 1515 Augusti
678 1431 957 1493 Tiberius
978 1450 1114 1490 cum
1145 1432 1483 1488 cucurbitas
1511 1431 1802 1487 serotinas
1828 1429 2058 1484 vitiatas

407 1530 648 1598 edisset,
679 1528 742 1583 in
774 1525 968 1581 tabeto
1000 1523 1229 1578 incidit.
1256 1522 1572 1576 Moriturus
1603 1536 1739 1592 ergo
1767 1520 2054 1573 Joannem

404 1618 823 1693 patriarcham,
857 1618 1130 1670 senatum
1176 1615 1235 1666 et
1283 1610 1574 1666 exercitus
1606 1614 1791 1678 vocat,
1826 1623 2059 1663 eoram-

404 1725 522 1780 que
578 1708 650 1762 iis
705 1704 982 1761 Mauricio
1039 1717 1256 1775 genero
1316 1717 1421 1756 suo
1489 1699 1808 1771 imperium
1855 1695 2054 1752 tradit.

2166 534 2478 594 ἀπέστειλεν
2538 539 2738 604 αὑτοὺς
2795 542 2931 596 κατὰ
2982 546 3228 616 Περσῶν.
3284 540 3543 616 Πολέμου
3593 539 3652 596 δὲ
3701 562 3838 617 κρο-

2164 627 2421 695 τηθέντος
2480 634 2673 685 νικῶσι
2725 631 2997 704 Ῥωμαῖοι
3047 632 3185 686 κατὰ
3243 631 3462 707 κράτος,
3515 631 3607 685 καὶ
3663 630 3831 707 ἀφεί-

2167 714 2334 771 λοντο
2374 717 2433 773 ἐκ
2486 724 2596 774 τῶν
2657 724 2876 795 Περσῶν
2929 718 3122 783 πόλεις
3179 741 3237 775 τε
3291 722 3379 775 καὶ
3412 721 3607 800 χώρας
3636 718 3698 781 ἃς
3731 719 3825 801 ἐπὶ

2165 805 2546 863 Ἰουστινιανοῦ
2592 810 2683 863 καὶ
2737 808 3032 866 Ἰουστίνου
3081 805 3413 884 παρέλαϐον.
3472 807 3827 866 Ἐπανελθὼν

2167 890 2225 949 δὲ
2290 896 2591 971 Μαυρίκιος
2665 897 2718 953 ἐν
2793 898 3365 955 Κωνσταντινουπόλει
3442 896 3641 973 ἐδέχθη
3716 898 3830 953 ὑπὸ

2166 987 2264 1039 τοῦ
2325 984 2594 1059 βασιλέως
2653 985 2934 1062 μεγάλως,
2991 988 3079 1043 καὶ
3148 983 3509 1062 ἐθριάμϐευσε
3562 982 3832 1061 Τιϐέριος

2165 1073 2264 1135 τὰς
2318 1073 2466 1135 νίκας
2521 1076 2847 1151 Μαυρικίου,
2895 1076 2987 1131 καὶ
3036 1072 3406 1151 προσελάϐετο
3458 1077 3624 1132 αὐτὸν
3672 1096 3831 1149 γαμ-

2167 1157 2296 1237 ϐρὸν
2329 1163 2405 1248 είς
2436 1167 2840 1221 Κωνσταντῖναν
2889 1167 2987 1236 τὴν
3038 1166 3229 1221 ἑαυτοῦ
3276 1165 3563 1242 θυγατέρα·
3606 1164 3829 1238 ὁμοίως

2168 1250 2226 1308 δὲ
2288 1254 2378 1307 καί
2451 1258 2713 1329 Γερμανῷ
2788 1259 3079 1332 στρατηγῷ
3145 1248 3320 1325 ἔζευξε
3389 1257 3490 1324 τήν
3556 1254 3829 1329 θυγατέρα

2167 1341 2332 1397 αὐτοῦ
2388 1343 2632 1417 Χαριτὼ,
2692 1345 2928 1413 ποιήσας
2988 1342 3328 1423 ἀμφοτέρους
3388 1344 3680 1419 Καίσαρας.
3737 1346 3828 1416 Τῇ

2167 1429 2225 1488 δὲ
2285 1430 2349 1488 ιδ’
2403 1436 2500 1487 τοῦ
2563 1432 2869 1508 Αὐγούστου
2929 1434 3097 1507 μηνὸς
3157 1434 3344 1512 φαγὼν
3399 1431 3670 1505 συκάμινα
3699 1436 3827 1506 (88)

2167 1520 2344 1596 ὄψιμα
2400 1520 2681 1592 ἀξιοθέατα
2731 1523 3081 1596 νενοθευμένα
3136 1523 3313 1602 φθίσει
3365 1521 3667 1597 περιέπεσε.
3718 1522 3823 1576 Καὶ

2170 1609 2391 1684 μέλλων
2469 1611 2707 1667 τεθνάναι
2791 1610 3188 1687 προσκαλεῖται
3295 1612 3388 1667 τὸν
3460 1612 3818 1687 πατριάρχην

2167 1701 2421 1769 Ἰωάννην
2475 1701 2565 1756 καὶ
2617 1703 2717 1771 τήν
2774 1701 3082 1775 σύγκλητον
3114 1702 3228 1774 ἃμα
3256 1706 3377 1763 τοῖς
3426 1700 3821 1774 στρατεύμασι,

403 1797 570 1865 Quod
596 1811 732 1851 cum
753 1809 960 1850 omnes
991 1790 1201 1848 faustis
1249 1787 1780 1845 acclamationibus
1811 1785 2055 1859 probas-

2168 1789 2256 1845 καὶ
2314 1790 2615 1861 Μαυρίκιον
2668 1792 2758 1846 τὸν
2816 1788 2954 1846 ἴδιον
3018 1785 3267 1866 γαμϐρὸν
3324 1788 3553 1864 βασιλέα
3613 1789 3826 1867 ἀναγο-

402 1891 557 1954 sent,
589 1899 861 1941 reversus
890 1882 951 1936 in
994 1881 1213 1937 lectum
1263 1895 1438 1936 suum
1486 1879 1666 1933 vitam
1694 1893 1828 1932 cum
1861 1880 2051 1931 morte

398 1972 801 2031 commutavit.
860 1968 1178 2041 Imperavit
1233 1983 1422 2023 annos
1476 1971 1615 2033 tres,
1675 1980 1914 2020 menses
1957 1962 2055 2018 de-

397 2079 548 2129 cem,
581 2061 709 2117 dies
763 2064 916 2115 octo.
976 2056 1255 2128 Sepultus
1313 2060 1404 2111 est
1455 2056 1514 2111 in
1577 2055 1759 2110 heroo
1805 2053 1867 2107 in
1916 2067 2055 2107 arca

396 2151 663 2209 Prasina.

468 2239 785 2298 Mauricius
813 2235 1176 2293 orthodoxus
1223 2234 1543 2305 imperium
1581 2239 1914 2289 Romanum
1946 2248 2054 2305 gu-

399 2330 672 2387 bernavit
720 2343 909 2383 annos
964 2323 1191 2398 viginti,
1253 2339 1491 2378 menses
1541 2328 1681 2389 tres,
1725 2321 1853 2377 dies
1881 2321 2049 2375 duos.

403 2420 637 2476 Statura
689 2416 803 2472 fuit
858 2413 1167 2482 mediocri,
1198 2411 1499 2479 robustus,
1531 2411 1719 2479 albus,
1752 2410 1899 2466 facie
1957 2426 2055 2464 ro-

404 2508 613 2575 tunda,
639 2504 940 2571 subrufus,
965 2502 1342 2568 recalvaster,
1364 2517 1509 2555 naso
1531 2504 1590 2555 et
1612 2499 1795 2555 barba
1824 2498 2054 2554 medio-

405 2598 528 2655 cri:
561 2595 808 2652 barbam
837 2596 1103 2650 Romano
1135 2608 1300 2647 more
1335 2591 1633 2646 tondebat.
1678 2591 1875 2645 Patria
1903 2591 2052 2660 Cap-

404 2687 620 2760 padox,
643 2684 828 2757 jussit
856 2699 918 2738 se
960 2683 1022 2737 in
1055 2681 1271 2737 tabulis
1302 2679 1476 2735 scribi
1510 2680 1851 2735 Mauricium
1885 2678 2055 2733 Tibe-

402 2776 581 2831 rium.
614 2774 944 2829 Coronatus
975 2776 1066 2827 est
1093 2787 1128 2825 a
1159 2768 1495 2841 patriarcha
1541 2770 1766 2823 Joanne
1813 2766 2054 2838 Jejuna-

402 2870 553 2933 tore,
592 2880 662 2920 ac
718 2861 896 2935 paulo
926 2865 1063 2933 post
1108 2859 1346 2932 nuptias
1376 2858 1602 2914 habuit.
1637 2859 1832 2912 Mense
1865 2855 2054 2928 Aprili

402 2956 466 3011 in
494 2955 622 3011 foro
652 2951 932 3009 incendia
978 2949 1238 3013 fuerunt,
1291 2953 1350 3003 et
1401 2953 1709 3002 ventorum
1755 2944 2052 3019 procella),

401 3044 617 3116 quibus
648 3041 850 3097 multa)
879 3039 1092 3095 domus
1152 3043 1290 3093 sunt
1345 3037 1614 3109 perditm.
1655 3036 1895 3091 Decima
1920 3034 2052 3089 Maii

401 3139 575 3189 terra)
607 3135 799 3187 motus
856 3128 967 3184 fuit
1023 3143 1273 3200 magnus
1332 3131 1390 3180 et
1448 3132 1720 3197 equestre
1750 3131 2053 3180 certamen

2166 1879 2329 1955 ρεύει.
2363 1880 2583 1935 Πάντων
2643 1876 2701 1934 δὲ
2757 1880 3197 1957 εύφημησάντων
3255 1879 3415 1942 αὐνὸς
3473 1879 3822 1952 ὑποστρέψας

2163 1969 2216 2026 ἐν
2272 1973 2341 2043 τῇ
2400 1967 2514 2042 ἰδίᾳ
2568 1969 2728 2044 κλίνῃ
2792 1971 2902 2044 (89)
2958 1968 3202 2041 τέθνηκε,
3259 1967 3579 2044 βασιλεύσας
3642 1962 3739 2039 ἔτη
3771 1970 3822 2044 γ’

2167 2065 2341 2131 μῆνας
2376 2060 2405 2112 ι’
2433 2058 2641 2133 ἡμέρας
2671 2060 2743 2130 η’.
2793 2058 2898 2116 Καὶ
2954 2057 3124 2137 ἐτάφη
3168 2056 3219 2113 ἐν
3267 2063 3348 2130 τῷ
3406 2058 3570 2131 ἡρῴῳ
3598 2055 3653 2112 ἐν
3684 2058 3824 2132 λάρ-

2160 2167 2281 2201 νακι
2313 2146 2586 2223 Πρασίνῳ.

2230 2237 2531 2313 Μαυρίκιος
2605 2234 2895 2312 ὂρθόδοξος
2979 2236 3233 2311 βασιλεὺς
3289 2236 3576 2310 Ῥωμαίων
3636 2231 3822 2290 ἐϐασί-

2160 2327 2345 2382 λευσεν
2400 2320 2492 2396 ἔτη
2549 2328 2596 2381 κ’
2656 2328 2828 2399 μῆνας
2885 2326 2934 2402 γ’
2989 2326 3200 2402 ἡμέρας
3251 2327 3319 2401 β’.
3375 2327 3481 2382 Ἦν
3509 2321 3568 2379 δὲ
3594 2328 3666 2398 τῇ
3698 2321 3820 2395 ἰδέᾳ

2166 2412 2421 2490 μεσῆλιξ,
2490 2414 2732 2486 εὐσθενὴ,
2801 2414 3163 2491 λευκόχρους,
3255 2412 3598 2491 στρογγύλην
3665 2411 3814 2489 ἔχων

2159 2506 2258 2575 τὴν
2324 2500 2468 2579 ὄψιν,
2534 2503 2843 2579 πυρῥάκης,
2917 2503 3215 2584 ἀναφάλας,
3298 2501 3462 2577 εὕριν,
3520 2502 3816 2577 εὖπώγων,

2161 2595 2478 2668 κειρόμενος
2534 2594 2597 2649 τὸ
2655 2592 2891 2672 γένειον,
2948 2594 3089 2657 καθᾶ
3141 2594 3457 2668 Ῥωμαίοις
3490 2587 3611 2654 ἔθος
3647 2592 3814 2651 ἐστίν.

2161 2688 2257 2740 Ἦν
2289 2682 2347 2740 δὲ
2376 2682 2769 2755 Καππάδόκης.
2832 2682 3117 2741 Ἐκέλευσε
3174 2681 3231 2738 δὲ
3287 2682 3581 2763 γράφεσθαι
3611 2682 3665 2738 ἐν
3695 2688 3815 2747 τοῖς

2163 2769 2546 2847 συμϐολαίοις·
2631 2773 2933 2849 Μαυρίκιος
2999 2772 3137 2847 [καὶ]
3213 2768 3483 2847 Τιϐέριος.
3551 2772 3807 2846 Ἐστέφθη

2163 2860 2220 2918 δὲ
2255 2864 2357 2919 ὑπὸ
2381 2867 2479 2918 τοῦ
2507 2865 2854 2939 πατριάρχου
2883 2862 3139 2920 Ἰωάννου
3187 2866 3285 2918 τοῦ
3336 2864 3666 2932 Νηστευτοῦ,
3709 2861 3797 2914 καὶ

2167 2951 2283 3024 μετ’
2312 2949 2502 3025 ὀλίγον
2547 2950 2639 3004 τὸν
2682 2950 2858 3024 γάμον
2909 2951 3203 3019 πεποίηκε.
3254 2953 3347 3021 Τῷ
3397 2946 3454 3004 δὲ
3507 2944 3800 3021 Ἀπριλλίῳ

2168 3042 2297 3113 μηνί
2353 3040 2635 3117 γεγόνασιν
2691 3037 2743 3094 ἐν
2795 3043 2876 3111 τῷ
2927 3040 3083 3118 φόρῳ
3137 3037 3452 3113 ἐμπρησμοὶ
3481 3036 3570 3092 καὶ
3601 3034 3808 3110 ἀνέμων

2162 3126 2490 3202 καταιγίδες,
2556 3129 2647 3183 καὶ
2711 3126 2927 3189 πολλὰς
3001 3126 3173 3189 οἰκίας
3240 3125 3526 3182 διώλεσαν.
3599 3126 3699 3181 Καὶ
3743 3130 3816 3200 τῇ

403 3227 623 3278 actum.
647 3222 862 3274 Avares
882 3220 1104 3284 autem,
1128 3216 1229 3286 qui
1252 3232 1370 3270 non
1400 3215 1586 3270 multo
1603 3220 1740 3269 ante
1766 3214 2046 3268 Sirmium

2168 3197 2355 3292 δεκάτῂ
2387 3221 2483 3273 τοῦ
2541 3217 2719 3275 Μαΐου
2765 3216 2954 3292 γέγονε
3007 3215 3230 3290 σεισμὸς
3273 3214 3436 3290 μέγας
3465 3215 3556 3270 καὶ
3586 3197 3814 3270 ἱππικὸν

404 3313 652 3382 Europae
677 3307 940 3364 nobilem
961 3306 1170 3361 urbem
1190 3311 1640 3377 occupaverant,
1664 3305 1864 3360 missis
1892 3304 2053 3375 lega-

407 3401 484 3457 tis
504 3399 577 3455 ab
598 3398 957 3470 imperatore
979 3394 1281 3466 postulant
1302 3401 1365 3449 ut
1382 3395 1451 3448 80
1474 3395 1602 3450 auri
1626 3393 1891 3449 millibus
1905 3409 2051 3463 ,quaa

406 3507 443 3546 a
460 3486 742 3546 Romanis
764 3484 1085 3558 quotannis
1106 3483 1623 3555 accipiebant,alia
1639 3486 1707 3537 20
1729 3482 2055 3554 adjiceren-

407 3584 521 3634 tur.
556 3577 882 3648 Imperator
910 3573 1073 3646 pacis
1103 3571 1405 3627 studiosus
1429 3573 1752 3628 consensit.
1786 3570 2055 3626 Postula-

408 3668 554 3724 bant
582 3671 648 3722 ut
668 3663 780 3720 sibi
806 3662 882 3719 ad
903 3661 1307 3734 spectaculum
1343 3661 1677 3716 mitteretur
1701 3660 2054 3731 elephantus

405 3756 643 3813 Indicus
673 3759 733 3810 et
760 3769 941 3809 aurea
969 3751 1237 3808 culcitra.
1266 3753 1404 3816 Qua)
1462 3751 1643 3806 missa
1672 3750 2052 3815 remiserunt,

405 3846 748 3914 contempta
801 3840 1066 3896 culcitra.
1118 3839 1270 3895 692
1331 3838 1896 3909 Posttzlaveruntque
1939 3838 2056 3893 alia

407 3932 601 3989 adhuc
625 3934 694 3985 20
725 3928 915 3984 millia
944 3929 1054 3984 sibi
1085 3927 1423 3992 addi.Quod
1452 3944 1587 3982 cum
1613 3933 1917 3983 recusaret
1944 3928 2055 3982 im-

406 4024 667 4095 perator,
687 4019 995 4091 Chaganus
1015 4017 1394 4088 expeditione
1417 4022 1690 4088 suscepta
1718 4017 2055 4090 Sigidonem

409 4111 676 4181 aliasque
706 4109 883 4165 urbes
913 4108 1144 4181 subegit
1186 4113 1244 4162 et
1294 4107 1670 4175 Anchialum,
1704 4107 1962 4163 minatus
1995 4126 2056 4164 se

408 4200 588 4257 etiam
615 4199 876 4271 Longum
902 4212 1141 4252 murum
1171 4211 1535 4252 eversurum.
1565 4197 1893 4267 Imperator
1922 4213 2058 4270 ergo

406 4290 706 4362 Elpidium
736 4287 1052 4360 patricium
1092 4303 1226 4340 cum
1276 4285 1702 4342 Commentiolo
1732 4286 1954 4359 legatos
1985 4289 2059 4344 ad

409 4379 752 4451 Chaganum
785 4376 1004 4441 mittit;
1038 4375 1206 4445 isque
1238 4391 1300 4428 se
1332 4375 1519 4446 pactis
1542 4376 1846 4430 conventis
1877 4382 2059 4432 statu-

409 4484 545 4523 rum
577 4483 645 4522 ac
677 4482 883 4538 pacem
915 4469 1283 4519 servaturum
1314 4464 1645 4535 pollicetur.

2160 3305 2438 3376 ἐτελέσθη.
2496 3301 2860 3381 Πρεσϐεύουσι
2907 3303 2965 3360 δὶ
3013 3306 3065 3360 οἱ
3096 3300 3332 3378 Ἀϐαρες
3390 3305 3524 3377 πρὸς
3573 3305 3669 3360 τὸν
3716 3305 3821 3379 βα-

2161 3396 2339 3466 σιλέα,
2372 3398 2423 3452 οἱ
2455 3398 2560 3472 πρὸ
2592 3395 2789 3471 ὀλίγου
2818 3397 2881 3451 τὸ
2915 3395 3146 3471 Σίρμιον
3188 3396 3614 3471 χειρωσάμενοι,
3645 3392 3815 3451 πόλιν

2157 3490 2260 3551 τῆς
2290 3485 2561 3561 Εὐρωπης
2609 3484 2902 3557 ἐπίσημον,
2958 3484 3049 3539 καὶ
3110 3485 3296 3554 ἠξίουν
3323 3490 3442 3563 tu}:
3473 3483 3817 3560 ὀγδοήκοντα

2160 3575 2375 3651 χιλιάσι
2407 3580 2504 3630 τοῦ
2535 3573 2789 3649 χρυσίου,
2814 3573 2876 3636 ἃς
2907 3574 3143 3644 ἐτησίως
3171 3569 3481 3647 ἐλάμϐανον
3513 3575 3662 3648 παρὰ
3687 3575 3825 3630 Ῥω-

2167 3665 2373 3738 μαίοις,
2430 3666 2792 3739 προστεθῆναι
2849 3661 3026 3725 ἄλλας
3085 3669 3149 3719 κ’.
3211 3663 3301 3717 καὶ
3359 3664 3387 3717 ὁ
3448 3661 3707 3739 βασιλεὺς
3746 3664 3822 3717 εἰ.

2162 3755 2333 3827 ρήνης
2390 3751 2673 3829 ἐφιέμενος
2725 3756 2889 3806 τοῦτο
2944 3749 3276 3822 κατεδέξατο.
3326 3753 3565 3822 νῌτησαν
3615 3749 3675 3807 δὲ
3725 3752 3821 3807 καὶ

2162 3841 2447 3919 ἐλέφαντα,
2508 3846 2645 3910 ζῶον
2704 3838 2953 3910 Ἰνδικὸν,
3013 3840 3384 3921 ἐκπεμφθῆναι
3442 3840 3627 3904 αὐτοῖς
3678 3842 3821 3917 πρὸς

2164 3931 2309 4001 θέαν,
2341 3929 2432 3985 καὶ
2466 3927 2660 4000 κλίνην
2713 3936 2948 4004 χρυσῆν·
3009 3930 3082 3984 ὢν
3115 3929 3205 3984 καὶ
3258 3931 3605 4006 πεμφθέντων
3634 3930 3820 4007 ἀμφό-

2162 4038 2290 4094 τερα
2322 4019 2697 4092 ἀπέστρεψαν,
2755 4020 2855 4088 τὴν
2910 4016 3104 4087 κλίνην
3133 4017 3523 4080 εὖτελίσαντες.
3560 4020 3821 4088 ᾚτοῦντο

2167 4106 2223 4163 δὲ
2246 4107 2410 4163 πάλιν
2445 4105 2617 4169 ἄλλας
2645 4113 2690 4161 κ’
2720 4108 2857 4180 πρὸς
2902 4112 3022 4169 ταῖς
3072 4107 3278 4162 ἑκατόν.
3313 4111 3420 4163 Τοῦ
3452 4105 3509 4162 δὲ
3543 4106 3819 4182 βασιλέως

2169 4199 2245 4270 μή
2286 4194 2735 4269 καταδεξαμένου,
2794 4198 2878 4269 [Ρ.
2938 4198 3064 4269 395]
3112 4195 3436 4272 στρατεύσας
3493 4198 3520 4251 ὁ
3574 4196 3822 4273 Χαγάνος

2164 4290 2264 4358 τὴν
2326 4283 2598 4362 Σιγιδῶνα
2653 4283 2816 4341 πόλιν
2867 4286 3195 4360 κατέστρεψε
3242 4287 3331 4341 καὶ
3381 4285 3563 4361 ἐτέρας
3622 4285 3820 4349 πόλεις

2172 4375 2505 4451 ἐχειρωσατο
2561 4374 2651 4429 καὶ
2702 4376 2804 4444 τήν
2863 4371 3195 4450 Ἀγχίαλον,
3251 4373 3470 4444 ἠπείλει
3530 4371 3586 4429 δὲ
3633 4374 3822 4430 καὶτὰ

2170 4464 2366 4539 Μακρὰ
2394 4463 2555 4537 τείχη
2583 4462 2987 4539 καταστρείψαι.
3029 4464 3086 4517 ⁸0
3137 4459 3195 4517 δὲ
3249 4463 3503 4539 βασιλεὺς
3528 4461 3820 4520 Ἐλπίδιον

409 4555 501 4610 τὸν
529 4553 813 4627 πατρίκιον
846 4551 941 4607 σὺν
973 4551 1373 4626 Κομμεντιόλῳ
1421 4547 1671 4626 πρέσϐεις
1712 4555 1848 4627 πρὸς
1897 4556 1988 4611 τὸν
2046 4556 2300 4633 Χαγάνον
2359 4551 2662 4625 ἀπέστειλε,
2693 4552 2783 4606 καὶ
2814 4553 2842 4606 ὁ
2878 4546 3158 4628 Βάρϐαρος
3188 4549 3275 4606 ἐπὶ
3306 4552 3426 4616 ταὶς
3461 4556 3570 4608 τῶν
3602 4553 3821 4608 πάκτων

412 4642 702 4712 συνθήκαις
720 4641 938 4715 εἰρήνην
961 4641 1109 4715 ἄγειν
1131 4636 1538 4713 καθωμολὸγει.

482 4737 653 4789 Anno
685 4733 944 4789 secundo
975 4732 1299 4803 imperator
1322 4730 1530 4787 consul
1563 4732 1910 4804 designatur
1930 4752 2058 4790 ma-

411 4838 676 4896 gnasque
706 4822 835 4878 urbi
896 4838 1038 4894 opes
1096 4819 1363 4892 largitur.
1398 4819 1559 4875 Idem
1589 4836 1856 4875 sororem
1887 4839 2056 4879 suam

411 4913 688 4969 Gordiam
705 4913 1034 4985 Philippico
1052 4912 1112 4965 in
1128 4908 1569 4965 matrimonium
1589 4909 2055 4983 dat,0rientique

2238 4736 2328 4804 Τῷ
2464 4724 2570 4784 ἔτει
2623 4729 2828 4792 ’ύπατος
2887 4729 2915 4782 ὁ
2979 4727 3235 4803 βασιλεὺς
3292 4729 3701 4804 ἀναγορεύεται,
3731 4730 3822 4785 καὶ

2167 4820 2411 4884 πολλοὺς
2444 4818 2747 4895 θησαυροὺς
2796 4822 2868 4893 τῇ
2916 4817 3077 4875 πόλει
3111 4818 3385 4894 δωρεῖται.
3440 4817 3823 4896 Προϐάλλεται

2167 4910 2223 4966 δὲ
2255 4909 2593 4965 Φιλίππικὸν
2647 4909 2947 4984 στρατηγὸν
2995 4912 3096 4973 τῆς
3146 4909 3339 4981 Ἐῴας,
3387 4911 3626 4980 ποιήσας
3657 4909 3821 4965 αὐτὸν

1619 5065 1976 5121 XYLANDRI
2013 5066 2100 5120 ET
2139 5066 2353 5122 GOARI
2388 5065 2611 5120 NOTAE.

483 5192 596 5262 (88)
629 5193 771 5247 Hem
798 5190 824 5262 Ι,
844 5186 1215 5262 concurbitale
1237 5187 1578 5262 interpretis
1599 5204 1851 5262 acumen
1874 5205 2063 5262 cucur-

413 5258 593 5335 bit'am;
610 5261 884 5335 legentis,
917 5260 1019 5316 ubi
1054 5264 1285 5315 tantum
1314 5258 1457 5314 mori
1483 5263 1702 5329 fructus
1728 5261 1860 5316 aliis
1891 5261 2062 5317 colli-

413 5351 549 5407 gere
580 5334 738 5407 licet.
774 5335 949 5407 Gom,

485 5404 596 5474 (89)
629 5404 716 5458 Ad
745 5404 1049 5475 proprium
1083 5402 1301 5458 lectum
1324 5403 1648 5458 moriturus
1672 5422 1942 5460 reversus
1973 5410 2062 5460 est

412 5476 700 5539 Tiberius,
738 5491 871 5546 cum
896 5480 1198 5546 senatum.
1224 5475 1547 5530 exercitum
1577 5480 1635 5529 et
1662 5477 2060 5546 patriarcham

2171 5188 2295 5256 ἣτις
2322 5188 2642 5280 πρρήνωται
2671 5189 2740 5259 τῇ
2788 5181 3152 5241 πολυστιϐάδι
3313 5187 3625 5264 ἀνακτόρων
3651 5187 3824 5261 οἰκίᾳ,

2179 5278 2236 5280 κκᾲ
2534 5276 2618 5280 ᾼῘΑΑ
2662 5278 2711 5280 η.
2749 5262 2810 5280 ,κν
2887 5258 2971 5280 ,,,,‘
3057 5279 3166 5280 ,,,,,
3417 5260 3440 5273 θ’
3762 5262 3775 5280 Ι

2172 5254 2481 5334 προαυλίῳξ.
2527 5254 2810 5334 περιφανεῖ
2865 5258 2974 5334 Δκαὶ
3049 5254 3320 5334 περιδόξῳ
3375 5260 3453 5330 τῷ
3496 5254 3823 5334 προσκηνίῷ

2172 5328 2628 5406 φοράδῃνῆχρητ
2657 5328 2796 5406 Quae
2858 5328 3189 5387 Simocattaa
3220 5348 3257 5406 ι,
3292 5328 3340 5385 l.
3396 5328 3569 5406 verba
3623 5328 3823 5406 minus

2172 5397 2407 5476 proprie
2465 5397 2725 5476 reddidit
2771 5404 3092 5476 Pontanus.
3154 5397 3494 5476 Πολυστιεάς
3542 5405 3703 5461 enim
3736 5405 3824 5459 οὶ-

2170 5472 2261 5528 ἱιία
2286 5472 2396 5547 pro
2426 5475 2809 5547 aediﬁciorum
2844 5480 2905 5529 et
2951 5474 3384 5547 habitationum
3417 5482 3824 5547 superstructa

415 5546 491 5632 de
520 5545 916 5632 nuncupa'pd‘o
971 5545 1235 5632 i'mp'erii‘
1263 5562 1603 5632 successore
1644 5545 2063 5632 Mauricio,l“uit
2152 5545 2512 5632 coacervata
2539 5546 2855 5632 congerie,"
2871 5562 2993 5601 non
3039 5563 3147 5618 pro
3193 5546 3397 5603 herbis
3422 5545 3821 5605 etﬂfrondibus

413 5615 743 5676 allocutusf
763 5615 884 5671 Ἐπὶ
928 5616 1028 5684 τήν
1067 5615 1337 5689 ὕπαιθρον
1394 5620 1501 5669 τῶν
1561 5616 1850 5689 βασιλείων
1883 5616 2058 5687 αὖλήν

2170 5620 2478 5677 thororum
2509 5618 2782 5674 sumitur.
2817 5618 2974 5673 Gesn
