4126 6296
391 402 521 461 757

1532 395 2073 463 HISTORIAHUM
2116 396 2673 458 GOMPENDIUM.

3625 455 3635 462 ,
3696 392 3817 451 758

398 535 660 615 γαμϐρὸν
700 536 775 599 εἰς
806 534 1035 612 Γορδίαν
1062 537 1160 607 τὴν
1194 535 1332 592 ἰδίαν
1366 535 1631 615 ἀδελφήν.
1679 540 1723 593 ()
1757 534 1814 591 δὲ
1846 533 2024 590 Φιλιπ

2168 549 2305 589 eum
2337 533 2607 605 praeficit.
2641 533 2749 598 Qui
2782 532 2978 587 subito
3010 534 3219 588 Persas
3248 544 3462 602 magna
3488 529 3542 583 vi
3573 527 3816 584 adortus

398 630 564 692 πικὸς
595 634 713 691 τοῖς
746 634 1030 703 Περσικοῖς
1060 628 1274 704 ἀθρόως
1312 629 1645 685 ἐπεισπεσὼν
1697 626 1786 683 καὶ
1834 623 2053 693 πολλὴν

398 717 792 794 αἰχμαλωσίαν
828 713 1011 772 λαϐὼν
1040 717 1117 780 εἰς
1145 719 1245 787 τὴν
1280 721 1389 773 τῶν
1418 714 1620 788 Μήδων
1653 717 1843 795 χώραν
1880 734 2052 788 παρα·

400 803 623 875 ϐάλλει,
681 807 771 860 καὶ
829 804 1014 861 πολλά
1081 805 1263 885 χωρία
1319 803 1631 886 διαφθείρας
1699 804 1777 866 εἰς
1833 805 2054 875 Ῥωμα-

399 896 519 951 νίαν
551 898 667 971 (90)
698 894 848 959 αὖθις
883 894 1196 971 ὑπέστρεψε.
1249 898 1362 952 Τοῦ
1420 892 1477 950 δὲ
1525 894 1775 971 Χαγάνου
1822 894 1921 962 τήν
1973 891 2051 946 εἰ-

401 987 575 1060 ρήνην
604 984 967 1054 ἀθετήσαντος
996 984 1085 1039 καὶ
1115 988 1195 1055 τῷ
1225 985 1435 1059 Μακρῷ
1463 982 1642 1058 τείχει
1696 979 2051 1055 ληϊζομένου,

401 1076 479 1137 ὡς
510 1075 911 1150 προσεπέλασεν
951 1075 979 1129 ὁ
1037 1075 1342 1152 στρατηγὸς
1389 1078 1497 1128 τῶν
1548 1073 1840 1146 Ῥωμαίων
1895 1077 2053 1143 Κομ-

407 1163 718 1239 μεντίολος,
746 1162 963 1225 τούτοις
996 1162 1206 1239 ἀθρόως
1239 1162 1570 1219 ἐπεισπεσὼν
1627 1160 1813 1217 πολλὰ
1861 1159 2049 1230 πλήθη

402 1251 589 1308 ἀνεῖλε
616 1252 705 1306 καὶ
737 1249 964 1314 τούτους
1021 1249 1318 1321 ἀπήλασεν.
1370 1248 1579 1307 Ἐλθὼν
1631 1246 1689 1304 δὲ
1727 1250 1779 1303 ἐν
1829 1243 2053 1321 Ἀδρια-

397 1341 663 1399 νουπόλει
716 1339 1098 1417 Ἀνδραγάστῳ
1182 1342 1496 1416 περιπίπτει
1577 1344 1657 1411 τῷ
1734 1332 2049 1394 Σθλαϐίνων

394 1437 689 1510 στρατηγῷ
720 1431 1109 1512 αἰχμαλωσίαν
1146 1432 1544 1512 ἐπιφερομένῳ·
1600 1430 1691 1485 καὶ
1739 1430 1918 1502 τούτῳ
1950 1428 2048 1483 ἐπα

392 1524 658 1579 εισπεσὼν
683 1522 779 1591 όῆν
814 1520 1203 1601 αἰχμαλωσίαν
1237 1519 1462 1576 διέσωσε
1491 1520 1582 1575 καί
1611 1518 1766 1589 νίκην
1803 1516 2046 1593 μεγάλην

392 1608 777 1688 περιεϐάλετο.
807 1612 946 1667 Τότε
975 1611 1064 1665 καί
1101 1631 1241 1672 τινες
1300 1608 1568 1680 Ἕλληνες
1612 1607 1666 1664 ἐν
1712 1605 1849 1679 οἴκῳ
1898 1607 2046 1668 τινὸς

390 1703 720 1778 ἀριστῶντες
752 1700 827 1763 εἰς
860 1695 1042 1773 ὕϐρεις
1099 1700 1190 1754 καὶ
1237 1698 1709 1771 ἀναθεματισμοὺς
1756 1703 1856 1766 τῆς
1892 1697 2048 1771 ὑπερ-

391 1791 555 1869 αγίας
587 1789 851 1846 Θεοτόκου
879 1791 1263 1864 προήχθησαν.
1296 1788 1396 1843 Καὶ
1447 1789 1499 1842 οἱ
1554 1789 1649 1863 μὲν
1691 1785 1858 1842 ἄλλοι
1908 1806 2044 1861 παρο

2159 640 2374 697 magna
2396 623 2711 679 hominum
2728 624 2934 695 praeda
2953 628 3122 696 parta
3148 623 3210 677 in
3232 620 3481 677 Mediam
3512 620 3813 692 irrumpit,

2161 713 2487 783 multisque
2510 711 2591 766 ibi
2626 710 2857 783 oppidis
2887 712 3128 767 vastatis
3158 711 3220 765 in
3241 710 3590 767 Romaniam
3612 726 3813 766 rever-

2163 801 2253 857 tit.
2283 802 2426 856 Cum
2451 805 2647 855 autem
2672 801 2979 872 Chaganus
3010 816 3153 871 pace
3183 798 3399 855 violata
3428 799 3504 854 ad
3545 800 3808 871 Longum

2160 905 2397 944 murum
2425 887 2746 960 praedando
2780 894 3141 944 excurreret.
3190 887 3658 943 Commentiolus
3689 888 3808 944 dux

2158 977 2408 1034 Romani
2442 976 2734 1032 exercitus
2766 977 2837 1032 de
2869 976 3188 1049 improviso
3231 977 3517 1032 Barbaros
3566 977 3809 1033 adortus

2158 1082 2372 1139 magna
2400 1065 2785 1121 multitudine
2811 1082 2965 1121 caesa
2994 1082 3095 1121 eos
3119 1065 3334 1137 abegit.
3368 1065 3510 1121 Inde
3541 1082 3681 1137 cum
3733 1064 3810 1121 ad

2158 1154 2611 1227 Adrianopolim
2640 1155 2917 1224 venisset,
2979 1155 3041 1209 in
3093 1153 3525 1226 Andragastum
3578 1155 3810 1223 incidit,

2157 1243 2535 1299 SIavinorum
2571 1243 2816 1310 ducem,
2857 1244 2955 1314 qui
2989 1242 3510 1315 praadamagebat.
3544 1243 3610 1297 In
3654 1242 3815 1299 hunc

2154 1333 2308 1389 facto
2339 1333 2569 1405 impetu
2590 1332 2859 1405 prmdam
2887 1332 3129 1404 recepit,
3151 1332 3373 1405 insigni
3393 1332 3617 1404 potitus
3635 1332 3815 1387 victo;

2152 1424 2263 1479 ria.
2295 1424 2376 1478 Eo
2409 1428 2678 1495 tempore
2709 1423 2892 1478 Graaci
2928 1422 3170 1493 quidam
3202 1422 3265 1477 in
3296 1421 3472 1477 domo
3500 1419 3810 1494 cujusdam

2154 1513 2512 1586 prandentes
2565 1530 2633 1569 eo
2681 1513 2943 1585 prolapsi
2996 1518 3135 1569 sunt
3163 1514 3227 1568 in
3255 1512 3560 1585 Virginem
3593 1511 3807 1584 Deipa-

2152 1619 2279 1658 ram
2313 1603 2577 1659 convicia
2608 1607 2786 1673 atque
2816 1602 3252 1659 exsecrationes
3265 1602 3555 1673 jacerent.
3583 1601 3803 1657 Horum

2151 1690 2368 1762 reliqui
2398 1690 2559 1746 illico
2586 1708 2621 1746 a
2650 1690 2824 1746 malis
2854 1690 3104 1762 correpti
3139 1690 3445 1761 spiritibus
3467 1706 3668 1761 pceuas
3699 1689 3806 1744 de-

2152 1779 2389 1836 derunt.
2424 1780 2709 1835 Dominus
2740 1785 2938 1835 autem
2965 1778 3178 1835 domus
3204 1779 3374 1834 istius
3428 1795 3536 1851 per
3573 1778 3803 1834 insom-

390 1866 535 1936 αυτά
599 1884 860 1954 πονηροῖς
918 1879 1189 1951 πνεύμασι
1248 1877 1541 1954 ληφθέντες
1619 1874 1769 1939 δίκας
1826 1876 2035 1931 ἀπετίν·

2152 1870 2317 1925 nium
2340 1869 2485 1925 vidit
2511 1870 2618 1925 sibi
2653 1870 2808 1925 698
2836 1874 3030 1925 astare
3061 1869 3547 1940 Deiparam,quaa
3575 1866 3801 1940 alloqui

389 1991 550 2040 νυον,
580 1971 608 2024 ὁ
649 1966 917 2039 δεσπότης
947 1964 1005 2023 δὲ
1046 1974 1147 2037 τῆς
1207 1966 1381 2030 οἰκίας
1436 1964 1550 2022 εἶδε
1593 1970 1711 2021 κατ’
1759 1964 1885 2040 ὄναρ
1934 1965 2045 2020 ἐπι-

388 2065 590 2115 στᾶσαν
615 2059 764 2131 αὐτῷ
789 2059 886 2126 τὴν
916 2056 1176 2112 Θεοτόκον
1226 2055 1316 2111 καί
1361 2055 1565 2132 βεργίῳ
1613 2058 1721 2128 (91)
1770 2054 1836 2109 τά
1882 2054 2046 2109 αὑτοῦ
2102 2123 2107 2128 ,

389 2148 596 2225 γόνατα
624 2147 1064 2223 περιχαράξασαν
1103 2145 1193 2200 καὶ
1254 2143 1395 2219 μηδὲ
1442 2145 1614 2218 λόγου
1669 2143 1829 2199 αὐτὸν
1878 2143 2043 2216 ἀξιώ-

389 2260 578 2295 σασαν.
612 2239 673 2295 Ὁ
732 2234 790 2292 δὲ
846 2234 1002 2300 εὐθὺς
1057 2230 1280 2306 ἔξυπνος
1335 2240 1457 2299 τοῖς
1512 2233 1700 2296 πόνοις
1755 2231 2044 2310 γενόμενος

383 2326 510 2402 εὗρε
536 2327 663 2388 τοὺς
690 2323 862 2388 πόδας
922 2324 1107 2380 αὐτοῖν
1142 2324 1536 2398 κεκομμένους,
1585 2324 1869 2386 κάντεῦθεν
1918 2320 2040 2376 λοι-

382 2418 489 2473 πὸν
523 2414 768 2490 δημοσίᾳ
797 2411 1042 2491 φοράδην
1074 2412 1344 2489 ἀγόμενος
1381 2411 1470 2468 καὶ
1528 2411 1884 2487 προκείμενος
1940 2413 2041 2481 τήν

388 2503 786 2581 δικαιοκρισίαν
837 2500 1243 2578 ἐξωμολογεῖτο
1299 2507 1398 2558 τοῦ
1457 2505 1591 2556 Θεοῦ
1643 2501 1734 2555 καὶ
1781 2501 1881 2570 τήν
1939 2507 2038 2570 τῆς

389 2595 736 2667 παναμώμου
766 2593 1031 2648 Θεοτόκου
1061 2591 1179 2646 κατ’
1209 2591 1381 2646 αὐτοῦ
1403 2590 1787 2666 ἀγανάκτησιν.

464 2685 558 2755 Τῷ
588 2684 635 2758 γ’
682 2681 784 2737 ἔτει
846 2680 1184 2743 Φιλιππικὸς
1225 2680 1313 2735 ἐπὶ
1364 2682 1463 2757 τήν
1519 2681 1782 2755 Περσικήν
1838 2677 2037 2753 ἐλθὼν,

390 2765 713 2826 καταλαϐὼν
746 2770 849 2839 τὴν
881 2772 938 2826 Ἀ
953 2771 1147 2846 ρξάνην
1183 2767 1426 2845 μεγάλην
1457 2766 1843 2843 αἰχμαλωσίαν
1879 2767 2039 2842 έκρά-

385 2880 542 2931 τησε,
591 2861 678 2916 καί
738 2858 947 2915 δειλίαν
1005 2858 1224 2933 ἐμποιεῖ
1271 2862 1386 2920 τοῖς
1448 2861 1730 2932 Περσικοῖς
1783 2856 2032 2932 στρατεός

387 2969 546 3023 μασι.
579 2950 827 3019 Νοσήσας
859 2946 917 3003 δὲ
942 2949 1034 3003 τὸν
1066 2947 1282 3021 ἀνεψιὸν
1331 2951 1636 3025 χειροτονεῖ
1679 2950 2035 3021 καθηγεῖσθαι

376 3042 478 3094 τοῦ
505 3036 666 3107 λαοῦ,
725 3038 817 3092 καὶ
876 3038 953 3099 εἰς
1010 3034 1592 3094 Κωνσσαντινοόπολιν
1651 3040 1822 3090 νοσῶν
1862 3054 2033 3109 παρα-

378 3130 557 3203 γέγνε.
591 3131 686 3202 Τῷ
745 3125 790 3183 δ’
850 3125 999 3201 αὒτῷ
1056 3122 1165 3182 ἔτει
1221 3124 1419 3205 ἐτέχθη
1481 3130 1560 3199 τῷ
1620 3124 1838 3202 βασιλεῖ
1894 3125 2033 3195 υἱὸς,

380 3217 473 3274 καὶ
505 3218 782 3290 ὠνόμασεν
816 3218 979 3272 αὐτὸν
1008 3213 1323 3273 Θεοδόσιον.

452 3311 544 3379 Τῷ
593 3304 636 3361 δ’
687 3303 793 3361 ἔτει
854 3305 1193 3367 Φιλιππικὸς
1260 3302 1601 3378 ἐξεληλυθὼς
1658 3310 1758 3373 τῆς
1815 3301 2031 3365 πόλεως

381 3395 516 3471 πρὸς
557 3396 764 3471 Πέρσας
797 3394 1102 3464 ὀπλίζεται,
1151 3394 1243 3449 καὶ
1296 3393 1511 3455 τούτοις
1561 3387 1857 3464 συμϐαλὼν
1908 3395 2031 3462 νικᾷ

382 3484 473 3540 τὸν
504 3483 770 3559 πόλεμον.
803 3486 887 3557 Τῇ
922 3481 968 3538 δ’
1024 3481 1273 3557 ὑστεραίᾳ
1332 3479 1498 3537 πάλιν
1552 3475 1838 3535 ἀναλαϐὼν
1881 3486 2030 3557 Καρ-

378 3570 614 3649 δαρίχας
642 3574 737 3635 τὰς
764 3574 956 3628 ἑαυτοῦ
1014 3569 1264 3644 δυνάμεις
1321 3572 1457 3645 πρὸς
1514 3569 1759 3643 πόλεμον
1807 3567 2030 3640 ὁπλίζε-

375 3683 488 3733 ται,
523 3662 612 3718 καὶ
644 3660 895 3738 δευτέρου
925 3661 1173 3734 πολέμου
1213 3661 1569 3733 κροτηθέντος
1624 3660 1812 3714 νικῶσι
1862 3657 2029 3714 πάλιν

381 3754 435 3807 οἰ
464 3754 729 3825 Ῥωμαῖοι
755 3752 846 3807 καὶ
875 3750 1217 3824 ἀναιροῦνται
1262 3748 1459 3823 Πέρσαι
1489 3748 1716 3818 πολλοὶ,
1776 3752 2025 3824 χειροῦν-

501 3839 547 3896 δ.
659 3840 673 3857 ε
746 3845 772 3855 ..
1193 3848 1201 3857 .
1306 3837 1321 3857 ε
1496 3838 1511 3855 ι
1693 3837 1704 3855 1
1929 3838 1948 3869 ι

377 3862 467 3897 ται
533 3862 557 3896 ε
589 3861 676 3896 και
708 3846 900 3910 ζωντες
933 3837 1203 3918 δισχίλιοι
1233 3859 1323 3892 και
1355 3837 1430 3900 εἰς
1458 3858 1519 3892 το
1567 3840 1855 3906 Βυζαντιον
1885 3859 2028 3910 πιμ-

380 3956 596 3992 πονται.
627 3931 778 3991 Ὁδέ
806 3931 1152 4009 Καρδαρίχας
1206 3931 1540 4008 προσέφυγεν
1593 3930 1669 3993 εἰς
1716 3930 1779 3985 τὸ
1830 3930 2023 4006 Δαράς.

378 4025 432 4079 οἱ
463 4021 521 4079 δὲ
546 4027 643 4079 τοῦ
673 4023 909 4095 κάπρου
941 4023 1136 4095 Πέρσαι
1191 4023 1307 4095 μεθ’
1345 4014 1555 4096 ’ὖϐρεων
1607 4022 1687 4094 [Ρ.
1723 4022 1850 4093 396]
1896 4024 2023 4074 τοῦ-

375 4135 469 4170 τον
526 4112 935 4187 ἀπεπέμψαντο.
1005 4112 1066 4168 Ὀ
1122 4108 1180 4165 δὲ
1239 4109 1576 4170 Φιλιππικὸς
1655 4109 1781 4171 τοὺς
1864 4129 2019 4186 γενο-

2151 1957 2349 2029 ipsum
2382 1975 2501 2013 non
2531 1958 2770 2030 dignata
2795 1957 2977 2029 pedes
3010 1958 3139 2029 ejus
3170 1956 3397 2028 virgula
3424 1956 3603 2012 veluti
3643 1957 3803 2012 notis

2150 2046 2456 2118 impressis
2470 2047 3066 2118 circumscripsit.llle
3085 2051 3283 2101 autem
3307 2063 3428 2118 praa
3451 2046 3653 2101 dolore
3681 2032 3805 2102 Sta-

2148 2135 2253 2189 tim
2287 2136 2566 2208 evigilans
2595 2135 2778 2207 pedes
2809 2152 2947 2191 suos
2978 2136 3202 2190 incisos
3235 2135 3482 2190 invenit.
3531 2135 3803 2190 Gestatus

2147 2225 2208 2279 in
2242 2224 2547 2296 publicum
2578 2225 2779 2296 ibique
2816 2225 3114 2295 expositus
3133 2224 3363 2295 justum
3385 2223 3486 2278 Dei
3506 2224 3803 2296 judicium

2102 2316 2105 2321 ’
2147 2318 2203 2368 et
2231 2314 2570 2385 inculpatae.
2605 2314 2859 2386 Virginis
2891 2313 3160 2385 Deiparze
3191 2318 3395 2368 contra
3428 2329 3492 2368 se
3523 2311 3802 2382 indigna-3

2144 2403 2367 2457 tionem
2400 2403 2707 2473 professus
2739 2408 2847 2459 est.

2214 2692 2376 2745 Anno
2407 2689 2581 2743 tertio
2613 2688 2977 2760 Philippicas
3011 2688 3072 2742 in
3103 2687 3367 2742 Persiam
3418 2686 3794 2758 expeditione

2140 2779 2295 2834 facta
2327 2780 2622 2833 Arxanam
2655 2777 2832 2848 capit,
2868 2792 3201 2849 magnaque
3232 2777 3457 2848 potitur
3485 2776 3705 2848 praeda,
3739 2779 3799 2832 et

2140 2874 2427 2923 terrorem
2461 2865 2716 2921 Persicis
2750 2865 2940 2936 copiis
2968 2865 3201 2919 incutit.
3237 2863 3434 2919 Morbo
3467 2864 3606 2919 inde
3662 2881 3797 2920 cor-

2139 2962 2344 3028 reptus
2375 2955 2804 3010 consobrinum
2836 2970 3008 3008 suum
3042 2953 3323 3008 exercitui
3348 2952 3595 3024 praeﬁcit
3620 2957 3797 3024 atque

2139 3045 2263 3117 ipse
2322 3044 2531 3115 Cpolin
2592 3046 2848 3113 aegrotus
2933 3041 3271 3096 revertitur.
3346 3040 3568 3096 Eodem
3640 3057 3798 3096 anno

2138 3133 2483 3207 imperatori
2518 3132 2678 3187 filius
2711 3137 2801 3186 est
2831 3135 3007 3186 natus
3065 3146 3134 3186 ac
3189 3129 3556 3186 Theodosius
3602 3129 3802 3185 nomi-

2064 3246 2106 3313 ρ
2146 3229 2353 3279 natus.

2221 3313 2438 3377 Quarto
2472 3327 2632 3367 anno
2654 3308 3021 3381 Philippicus
3042 3310 3189 3365 urbe
3212 3325 3482 3382 egressus
3503 3314 3798 3366 armatum

2143 3400 2477 3458 exercitum
2508 3401 2569 3455 in
2594 3401 2804 3455 Persas
2830 3399 3017 3467 duxit,
3049 3399 3293 3470 acieque
3314 3414 3666 3472 congressus
3697 3415 3799 3456 eos

2138 3492 2292 3547 vicit.
2330 3490 2625 3546 Postridie
2655 3489 3040 3545 Cardarichas
3069 3490 3264 3546 denuo
3296 3489 3586 3546 instructo
3617 3506 3788 3546 exer-

2136 3581 2258 3635 citu
2289 3578 2538 3635 alteram
2579 3594 2837 3651 pugnam
2868 3577 3188 3644 commisit,
3220 3594 3544 3649 rursusque
3599 3595 3784 3651 penes

2137 3667 2436 3723 Romanos
2485 3667 2731 3722 victoria
2776 3666 2932 3734 fuit;
2989 3670 3049 3721 et
3102 3665 3273 3720 multi
3329 3668 3522 3721 Persae
3579 3668 3781 3739 occisi,

2135 3756 2289 3828 capti
2323 3756 2412 3811 bis
2444 3756 2628 3823 mille,
2661 3759 2721 3809 et
2766 3754 3111 3825 Bysantium
3159 3754 3347 3810 missi.
3395 3754 3782 3813 Cardarichas

2134 3845 2209 3901 ad
2243 3847 2422 3901 Daras
2452 3845 2737 3917 confugit,
2770 3849 2830 3898 et
2858 3860 2892 3899 a
2921 3843 3128 3898 castris
3158 3860 3266 3914 per
3294 3859 3395 3899 eos
3425 3844 3526 3915 qui
3574 3846 3783 3916 praasi-

2134 3933 2216 3988 dii
2246 3934 2376 3989 loco
2404 3934 2464 3988 id
2496 3939 2752 3988 castrum
2797 3932 3100 4001 tenebant,
3158 3949 3267 4003 per
3321 3932 3644 3989 ludibrium
3694 3940 3785 3991 est

2131 4024 2425 4095 repulsus.
2462 4022 2828 4093 Philippicus
2863 4022 3095 4077 saucios
3126 4038 3233 4094 per
3287 4022 3467 4078 urbes
3516 4024 3783 4096 dimittit,

2131 4118 2197 4168 ut
2226 4128 2476 4183 corpora
2504 4115 2823 4178 curarent;
2857 4110 3235 4183 legatumque
3294 4112 3651 4181 Heraclium,
3682 4130 3786 4170 cu-

377 4202 572 4278 μένους
635 4199 969 4278 τραυματίας
1055 4199 1130 4262 εἰς
1214 4199 1310 4261 τάς
1396 4196 1588 4259 πόλεις
1675 4196 2022 4272 παρέπεμψεν

2157 4218 2226 4256 us
2282 4201 2444 4256 filius
2502 4199 2806 4255 Heraclius
2866 4204 3075 4271 postea
3140 4199 3464 4270 imperator
3519 4200 3653 4269 fuit,
3708 4203 3786 4258 ad

378 4290 852 4368 ὶατρεόεσθαι,καὶ
891 4286 1214 4365 Ἡράκλειον
1266 4288 1359 4343 τὸν
1407 4289 1503 4342 τοῦ
1552 4284 1879 4360 Ἡρακλείου
1924 4289 2020 4341 τοῦ

2146 4288 2526 4362 axplorandas
2558 4306 2653 4343 res
2687 4287 3085 4343 Barbarorum
3116 4287 3352 4344 emittit.
3388 4290 3520 4360 Ipse
3570 4288 3632 4345 in
3673 4291 3786 4347 Ba-

378 4380 779 4456 αὐτοκράτορος
806 4376 1030 4451 πατέρα,
1065 4377 1473 4451 ὑποστράτηγον
1507 4369 1659 4444 ὄντα,
1717 4371 1805 4429 ἐπὶ
1857 4394 2018 4429 κατα-

2146 4378 2433 4451 Jyloniam
2464 4377 2857 4449 impressione
2878 4377 3035 4432 facta
3063 4376 3443 4433 Chlomarum
3470 4378 3782 4436 castellum

378 4472 588 4540 σκοπήν
614 4475 723 4525 τῶν
782 4461 1072 4541 Βαρϐάρων
1106 4463 1418 4540 ἐξέπεμψεν.
1467 4464 1644 4526 Αὐτὸς
1691 4460 1749 4518 δὲ
1796 4463 1872 4526 εἰς
1917 4464 2016 4532 τήν

2146 4468 2379 4524 )bsidet.
2414 4468 2571 4523 694
2600 4466 2982 4523 Cardarichas
3012 4471 3211 4522 autem
3242 4465 3488 4524 collecta
3518 4468 3782 4527 tironum

376 4555 672 4615 Βαϐυλῶνα
701 4553 1005 4624 εἰσϐάλλει,
1036 4555 1125 4610 καὶ
1152 4555 1216 4610 τὸ
1273 4551 1564 4628 Χλόμαρον
1608 4552 1867 4632 φρούριον
1904 4550 2018 4607 ’πα-

2146 4572 2314 4611 nanu
2344 4561 2402 4611 et
2449 4555 2761 4627 jumentis,
2803 4558 2983 4610 noctu
3029 4571 3165 4609 cum
3213 4553 3357 4610 luna
3405 4554 3627 4625 sileret,
3676 4574 3786 4631 per

376 4647 741 4722 ρακαθέζεται.
769 4647 833 4702 Ὁ
882 4642 939 4699 δὲ
997 4640 1340 4719 Καρδαρίχας
1395 4626 1763 4718 στρατολογεῖ
1800 4639 2020 4701 ἰδιώτας

2146 4662 2263 4702 .oca
2291 4626 2505 4701 natura
2524 4645 2755 4701 munita
2770 4660 2839 4700 eo
2867 4644 3136 4716 pervenit
3155 4649 3273 4701 uta
3297 4650 3455 4720 tergo
3473 4653 3629 4704 esset
3657 4626 3780 4706 Ιξο-

379 4738 497 4811 μεθ⁹
530 4733 863 4812 ὑποζυγίων,
904 4731 995 4788 καὶ
1047 4729 1117 4786 δι’
1165 4731 1383 4807 ὀχυρῶν
1437 4730 1620 4786 τόπων
1675 4727 1727 4784 ἐν
1772 4728 2023 4802 ἀσελήνῳ

2146 4755 2448 4794 manorum
2459 4737 2831 4809 ,quibuscum
2849 4753 3165 4793 conserere
3176 4754 3410 4794 manum
3426 4756 3783 4813 nequaquam

376 4824 529 4880 νυκτὶ
556 4823 646 4880 ἐπὶ
673 4824 743 4879 τὰ
769 4827 915 4878 νῶτα
961 4820 1166 4896 γίνεται
1221 4825 1329 4875 τῶν
1388 4818 1689 4891 Ῥωμαίων,
1753 4815 2025 4892 μηδαμῶς

2146 4827 2413 4884 ludebat.
2446 4826 2695 4882 Romani
2724 4825 2993 4880 locorum
3024 4824 3443 4896 imperviorum
3464 4828 3782 4899 iniquitate

377 4911 588 4989 θαῤῥῶν
619 4915 811 4988 χεῖρας
848 4910 1032 4972 αὐτοῖς
1065 4903 1347 4982 ἐμϐαλεῖν.
1380 4908 1650 4980 Ῥωμαῖοι
1681 4904 1738 4962 δὲ
1758 4911 1838 4980 τῷ
1867 4905 2023 4962 ἀκαί-

377 5023 459 5078 ρῳ
488 4995 645 5080 φόϐῳ
692 4997 1151 5064 διασκεδασθέντες
1205 4995 1295 5051 διὰ
1342 4992 1787 5066 δυσδιεξοδεῦτων
1836 4997 2019 5051 τόπων

379 5089 642 5168 μεγάλοίς
665 5086 934 5154 κινδύνοις
963 5089 1301 5163 περιέπεσον.
1334 5090 1551 5161 Πρωϊας
1584 5081 1641 5139 δὲ
1697 5083 2020 5159 γενομένης,

374 5188 480 5251 τῆς
513 5184 794 5257 συμφορᾶς
822 5174 1267 5248 ἀπηλλάττοντο,
1298 5172 1389 5230 καί
1433 5174 1525 5228 τὸν
1577 5174 1877 5248 στρατηγὸν
1924 5194 2022 5229 κα-

368 5265 705 5332 ταλαϐόντες
729 5263 947 5344 ὕϐρεσιν
976 5266 1289 5345 αἰσχίσταις
1334 5266 1528 5318 τοῦτον
1582 5258 1797 5319 ἔϐαλεν.
1848 5264 1915 5320 Οἱ
1966 5260 2022 5318 δὲ

370 5359 572 5436 Πέρσαι
601 5358 937 5415 ἐπίπλαστον
968 5356 1284 5428 νομίσαντες
1334 5352 1471 5408 εἶναι
1510 5352 1610 5421 τὴν
1660 5353 1837 5430 φυγὴν
1889 5349 2019 5407 διῶ-

2136 4920 2193 4971 et
2226 4915 2642 4986 intempestivo
2694 4918 2921 4969 terrore
2977 4913 3039 4968 in
3094 4929 3395 4970 summum
3450 4916 3781 4987 periculum

2134 5003 2517 5060 devenerunt.
2551 5005 2593 5059 E
2623 5019 2739 5075 quo
2770 5008 2971 5058 tamen
3002 5001 3130 5057 luce
3160 5002 3316 5057 facta
3360 5002 3529 5059 facile
3578 5018 3781 5061 evase-

2133 5098 2291 5161 runt,
2326 5099 2748 5165 arreptumque
2779 5091 2991 5147 dncem
3023 5091 3412 5146 atrocissimis
3468 5096 3781 5151 contume-

2132 5182 2229 5238 liis
2261 5182 2650 5254 exagitarunt.
2685 5180 2874 5235 Persae
2933 5183 3130 5234 autem
3184 5178 3380 5251 fugam
3420 5196 3551 5235 eam
3600 5183 3781 5241 simu-

2130 5271 2242 5327 lari
2273 5275 2551 5342 putantes
2581 5286 2703 5326 non
2734 5272 2874 5324 sunt
2902 5268 3030 5324 ausi
3062 5268 3317 5339 insequi.
3349 5270 3425 5324 At
3478 5271 3779 5330 Heraciius

2132 5360 2482 5416 transmisso
2500 5359 3051 5432 Tigri,qumcunque
3075 5356 3279 5413 Media;
3304 5361 3783 5420 erantnobiliora

1608 5468 1975 5527 XYLANDRI
2003 5474 2091 5528 ET
2120 5474 2339 5532 GOARI
2370 5475 2593 5532 NOTAE.

440 5603 555 5675 (90)
588 5599 976 5675 In_ditionem
1029 5600 1452 5664 Romanorum,
1501 5590 1580 5656 εἷς
1624 5593 1691 5647 τὰ
1748 5593 2019 5667 Ρωμαίων

369 5671 631 5732 Zonaras.
664 5671 797 5728 ΧΠ..
1344 5707 1351 5714 .

441 5748 558 5823 (91)
588 5743 760 5819 Apud
785 5740 913 5800 Nic.
943 5755 1099 5814 xvur,
1132 5740 1223 5813 37,
1252 5737 1469 5811 legitur
1494 5737 1736 5796 vimine.
1779 5739 1916 5798 ΧΠ..
1946 5771 2017 5782 ..-

2136 5600 2313 5673 Virga
2339 5595 2845 5673 υίτῃίηεᾳηλόγωβ
2872 5598 3166 5673 Theocriti
3187 5602 3504 5660 scholiaste
3534 5610 3771 5663 vocata:

2128 5665 2373 5748 Βεργίοις
2400 5667 2527 5741 ἤτοι
2559 5665 2754 5744 λόγοὶς
2782 5665 2965 5740 δῆσαι.
2996 5671 3173 5729 ϐολιι.
