4126 6296
391 373 512 433 ’161
1538 369 2089 437 HISTOlllAllUM
2135 368 2703 434 COMI’ENDIUM.
3158 416 3159 419 η
3693 379 3811 438 762

394 503 578 579 τώδη,
635 508 914 582 γεννηθεὶς
999 508 1204 587 ἐγένετο
1265 510 1433 586 μέγας
1487 505 1714 587 σφόδρα.
1767 508 1852 582 Τῇ
1911 503 2019 561 αύτθ

2133 503 2380 570 Eodem
2410 505 2505 560 die
2536 521 2725 581 equus
2779 508 2957 564 etiam
3017 508 3413 582 imperatoris,
3471 510 3573 583 qui
3613 511 3812 567 aureis

397 597 587 672 ἡμέρᾳ
637 599 726 672 καὶ
783 598 811 652 δ
866 598 1036 662 ἵππος
1092 602 1189 654 τοῦ
1257 598 1550 674 βασιλέως,
1581 598 1609 652 ὁ
1654 597 1746 653 τὸν
1806 598 2019 671 χρυσοῦ·

2161 593 2423 667 phaleris
2452 600 2581 649 erat
2608 601 2871 666 ornatus,
2903 599 3163 654 concidit
3181 600 3375 655 subito
3402 606 3580 671 atque
3601 606 3809 673 ruptus

396 687 781 760 περικείμενος
836 688 1068 761 κόσμον,
1098 687 1316 764 ἀθρόως
1367 686 1631 766 διερῥάγη
1662 687 1862 742 πεσών.
1912 682 2019 743 Τού

2159 690 2269 740 est.
2304 685 2438 740 Haec
2496 684 2698 741 omnia
2753 686 3075 758 imperator
3133 688 3351 744 ominis
3406 689 3538 746 loco
3582 690 3809 747 ducens

393 796 514 838 τοις
551 780 711 832 πᾶσιν
770 775 1161 851 οἰωνισάμενος
1217 779 1246 833 ὁ
1308 777 1561 854 βασιλεύς
1614 775 1917 853 περίλυπος
1956 772 2019 843 ἦν

2155 774 2339 831 animi
2372 775 2699 845 angebatur
2732 792 2745 842 ;
2770 781 2830 830 et
2858 777 3091 849 cognito
3122 777 3347 849 legatos
3395 784 3708 836 Persarum
3738 798 3807 837 ac

396 866 605 921 Μαθὼν
637 862 695 920 δὲ
724 866 809 922 ὅτι
861 861 1115 942 πρέσϐεις
1147 866 1223 928 εἰς
1276 867 1341 926 τὸ
1401 867 1690 938 Βυζάντιον
1744 867 1962 940 Περσῶν
1992 882 2019 916 τ

2155 864 2511 918 Francorum
2548 863 2891 934 Byzantium
2937 865 3258 936 appulisse,
3317 866 3379 921 in
3435 868 3659 941 regiam
3712 886 3804 924 re-

392 954 487 1009 καὶ
518 954 790 1031 Φράγγων
819 955 1193 1032 παρεγένοντο,
1251 957 1577 1030 ὑπεστρεψεν
1630 954 1707 1018 είς
1762 954 1831 1010 τὰ
1890 950 2043 1028 βασί-

397 1042 536 1099 λεια.

468 1132 606 1190 Ἀπὸ
633 1136 741 1187 τῶν
809 1134 1115 1209 Ἱστορικῶν
1177 1139 1277 1192 τοῦ
1337 1135 1647 1209 Σιμοκάτου
1702 1137 1815 1204 (97)
1873 1129 2042 1207 λόγος

393 1224 641 1297 Χοσρόου
673 1221 943 1297 βασιλέως
997 1227 1214 1298 Περσῶν
1267 1223 1404 1299 πρὸς
1459 1223 1711 1292 Ἰωάννην
1742 1216 2043 1295 στρατηγδν

392 1309 704 1385 Ῥωμαίων,
772 1312 1171 1386 ἀποσκώψαντα
1238 1312 1314 1376 εἷς
1373 1312 1535 1369 αύτὸν
1602 1310 1696 1368 ὅτε
1759 1308 2038 1377 ἀπεστάλη

384 1398 534 1472 παρᾶ
561 1401 657 1454 τοῦ
686 1402 878 1473 καιροῦ
924 1396 1385 1474 ἐτυραννούμεθα,
1443 1399 1545 1456 οὐκ
1598 1396 1660 1455 ἂν
1714 1396 2039 1474 ωάιὸῥησσς,

382 1487 677 1565 στρατηγέ,
706 1488 799 1543 τὸν
858 1487 1027 1566 μέγαν
1063 1489 1119 1544 ἐν
1151 1488 1459 1565 ἀνθρώποις
1524 1489 1755 1565 βασιλέα
1816 1484 2041 1562 βάλλειν

379 1580 501 1638 τοῖς
528 1577 879 1650 σκώμμασιν.
911 1576 1059 1634 Ἐπεὶ
1108 1575 1166 1633 δὶ
1193 1583 1310 1641 τοῖς
1341 1583 1572 1654 παροῦσι
1635 1580 1771 1654 μέγα
1801 1574 2037 1653 φρονεῖς,

379 1663 590 1741 ἀκούσῃ
630 1665 682 1722 τί
738 1663 876 1736 δῆτα
926 1672 1045 1729 τοῖς
1099 1673 1244 1732 θεοῖς
1300 1665 1583 1745 ἐσύστερον
1646 1664 2037 1742 μεμελέτηται.

381 1753 904 1831 Ἀντικαταρῥεύσει,
939 1752 996 1811 εὖ
1028 1757 1167 1825 ἳσθι,
1206 1756 1283 1819 είς
1338 1755 1465 1819 τοὺς
1529 1755 1840 1831 Ῥωμαίους
1895 1756 2035 1827 ὑμᾶς

379 1840 550 1916 δεινὰ,
578 1840 721 1914 ἕξετε
767 1841 825 1898 δὲ
852 1844 916 1899 τὸ
946 1840 1301 1901 Βαϐυλώνιον
1332 1846 1503 1925 φῦλον
1558 1853 1658 1917 τῆς
1711 1847 2030 1919 Ῥωμαϊκῆς
2058 1861 2110 1949 Β

374 1931 663 1994 πολιτείας
719 1931 953 2010 κρατοῦν
998 1936 1221 2011 τριττήν
1280 1934 1689 2012 κυκλοφορικὴν
1749 1932 2030 2011 ἑϐδομάδα

375 2022 538 2078 ἐτῶν.
570 2022 718 2077 Μετὰ
751 2018 808 2077 δὲ
852 2025 1016 2078 τοῦτο
1073 2025 1383 2098 πεμπταίαν
1440 2020 1719 2099 ἑϐδομάδα
1774 2026 2030 2084 ἐνιαυτῶν

369 2112 639 2185 Ῥωμαῖοι
672 2111 876 2186 Πέρσας
935 2110 1415 2189 δουλαγωγήσετε.
1476 2114 1699 2170 Τούτων
1738 2114 1806 2187 δή
1840 2113 2030 2189 διηνυ-

376 2198 587 2274 σμένων
616 2202 717 2270 τὴν
754 2198 1047 2277 ἀνέσπερον
1102 2200 1310 2277 ἡμέραν
1341 2200 1591 2276 ἐνδημεῖν
1649 2210 1766 2266 τοῖς
1823 2205 2029 2281 ἀνθρώ-

371 2311 524 2362 ποις,
573 2291 662 2346 καὶ
692 2292 794 2361 τὴν
824 2289 1292 2368 προσδοκωμένην
1354 2291 1509 2365 λῆξιν
1563 2291 1876 2353 ἀποϐαίνειν
1928 2302 2027 2354 τοῦ

365 2382 626 2459 κράτους,
667 2380 756 2437 ὅτε
783 2381 853 2438 τὰ
904 2385 1004 2448 τῆς
1037 2387 1243 2459 φθορᾶς
1303 2381 1664 2459 παραδίδοται
1723 2386 1879 2442 λύσει
1932 2389 2025 2443 καὶ

366 2472 438 2526 τὰ
464 2478 568 2541 τῆς
598 2471 906 2546 κρείττονος
939 2471 1226 2549 διαγωγῆς
1253 2471 1620 2531 πολιτεύεται.

444 2561 540 2633 Τῷ
573 2566 600 2613 ι’
627 2554 756 2629 ἔτει,
811 2563 908 2615 τοῦ
964 2558 1213 2637 Χαγάνου
1260 2561 1586 2626 ἐπελθόντος
1640 2565 1777 2620 κατᾶ
1804 2566 1866 2620 τὸ
1895 2566 2024 2643 Σίρ-

380 2670 530 2723 μιον,
566 2650 594 2704 ὁ
652 2647 905 2725 βασιλεὺς
959 2651 1262 2727 στρατηγὸν
1320 2650 1594 2727 Εὒρώπης
1648 2655 1739 2710 τὸν
1787 2656 2020 2732 Πρίσκον

375 2744 703 2813 χειροτονεῖ.
732 2740 792 2797 Ὁ
824 2737 882 2795 δὲ
911 2739 1147 2815 Πρίσκος
1189 2736 1560 2798 Σαλϐανιανὸν
1617 2744 2023 2821 ὑποστράτηγον

372 2830 609 2899 ποιήσας
663 2829 989 2905 προτρέχειν
1035 2827 1300 2898 ἐκέλευσε,
1378 2831 1469 2886 καὶ
1526 2832 1660 2888 κατᾶ
1715 2839 1823 2889 τῶν
1879 2837 2019 2913 Βαρ-

367 2913 553 2992 ϐάρων
588 2920 936 2997 χωρήσαντες
993 2924 1352 2996 συγκροτοῦσι
1398 2920 1644 2995 πόλεμον
1690 2925 1803 2979 καῖ’
1831 2928 2019 2980 νικῶσι

364 3007 661 3078 Ῥωμαῖοι.
691 3013 751 3065 '0
807 3005 864 3063 δὲ
918 3008 1163 3084 Χαγάνος
1188 3012 1351 3064 τοῦτο
1391 3009 1671 3083 ἀκηκοὼς,
1729 3007 2017 3068 ἀναλαϐὼν

360 3095 462 3157 τὰς
493 3090 749 3168 δυνάμεις
782 3096 984 3172 ἐχώρει
1034 3098 1171 3173 πρὸς
1230 3095 1499 3172 πόλεμον,
1557 3100 1645 3155 καὶ
1692 3098 1767 3163 εἷς
1795 3102 2016 3177 Ἀγχία-

364 3182 467 3239 λον
497 3183 668 3241 ἐλθὼν
703 3184 910 3258 ταύτην
969 3186 1309 3246 κατέκαυσεν.
1366 3192 1453 3264 [Ρ.
1495 3193 1621 3265 398]
1682 3192 1816 3249 Εἶτα
1844 3193 1921 3254 εἰς
1951 3193 2014 3250 τὸ

368 3280 550 3349 Δριζιν
579 3280 736 3352 περᾷ.
776 3277 839 3334 Ὀ
895 3273 953 3331 δὲ
983 3277 1242 3352 Πρίσκος,
1305 3280 1380 3352 μὴ
1444 3278 1615 3343 θέλων
1672 3281 1893 3357 θεωρεῖν
1947 3285 2013 3337 τὰ

368 3362 555 3435 πλήθη
587 3368 695 3418 τῶν
718 3360 1039 3440 Βαρϐάρων,
1070 3366 1145 3428 εἷς
1170 3366 1516 3441 Τζουρουλὸν
1547 3367 1805 3425 εἰσελθὼν
1836 3371 2010 3449 ἠσφα-

373 3451 582 3511 λίσατο.
611 3455 673 3511 Ὀ
704 3451 763 3510 δὲ
822 3451 1100 3530 Βάρϐαρος
1129 3458 1220 3512 τὸν
1253 3457 1490 3531 Πρίσκον
1547 3459 1876 3539 πολιορχεῖν
1927 3459 2016 3517 ἐπ-

368 3543 592 3618 εχείρει.
642 3548 822 3600 Ταῦτα
880 3541 937 3600 δὲ
993 3546 1244 3616 ἀκηκοὼς
1295 3549 1595 3623 Μαυρίκιος
1653 3546 1904 3626 διηπόρεί
1960 3552 2013 3606 τί

371 3628 552 3708 δράσει
583 3651 596 3664 ⁸
686 3628 949 3706 εὐϐουλίᾳ
1022 3632 1079 3689 δε
1161 3643 1591 3712 καταστρατηγεῖ
1641 3645 1740 3709 τῆς
1788 3639 2015 3715 ἆπεῖρου

368 3717 677 3795 δυνάμεως,
707 3721 797 3775 καὶ
825 3719 921 3776 ἓνα
948 3726 1058 3777 τῶν
1127 3719 1536 3801 ἒξκουϐιτώρων
1596 3726 1861 3804 μεγάλαις
1918 3726 2020 3784 δω-

368 3815 516 3885 ρεαῖς
583 3809 676 3864 καὶ
733 3808 1059 3885 ὑποσχέσεσι
1113 3812 1281 3877 πείθει
1330 3812 1502 3870 ἐκοντὶ
1541 3824 1849 3892 περιπεσεῖν
1901 3823 2017 3881 τοῖς

367 3893 696 3973 Βαρϐάροις,
725 3896 816 3953 καί
849 3895 1067 3955 δίδωσιν
1124 3901 1276 3974 αὐτῷ
1321 3902 1457 3978 πρὸς
1512 3903 1746 3977 Πρίσκον
1799 3907 2015 3984 γραφὴν

365 3985 733 4062 περιέχουσαν
792 3985 938 4043 τάδε·
1028 3991 1125 4062 Τῷ
1176 3988 1507 4065 ἐνδοξοτάτῳ
1557 3999 1846 4070 στρατηγῷ
1891 3996 2017 4070 Πρί-

364 4096 501 4150 σκῳ.
556 4078 668 4146 Τὴν
714 4074 1004 4152 ἀλιτηρίαν
1054 4082 1162 4133 τῶν
1213 4075 1507 4155 Βαρϐάρων
1562 4081 1873 4159 ἐγχείρησιν
1936 4086 2012 4157 μὴ

362 4163 669 4239 δειλιάσῃς’
705 4166 842 4240 πρὸς
897 4166 998 4241 γὰρ
1048 4167 1323 4223 ἀπώλειαν
1383 4169 1559 4224 αὐτῶν
1611 4175 1773 4226 τοῦτο
1803 4170 2011 4250 γέγονε.

364 4253 597 4310 Γίνωσκε
658 4254 762 4330 γὰρ
791 4256 877 4310 ὅτι
911 4258 1047 4328 μετὰ
1084 4255 1303 4321 πολλῆς
1327 4257 1598 4336 αἰσχύνης
1629 4256 1746 4335 ἔχει
1785 4261 1814 4315 ὁ
1841 4261 2015 4336 Χαγὰ-

360 4363 450 4405 νος
523 4343 855 4420 ὑποστρέψαι
914 4343 992 4406 είς
1061 4346 1162 4415 τήν
1218 4346 1607 4421 ἀφιερωθεῖσαν
1662 4348 1812 4421 αὐτῷ
1867 4350 2015 4426 παρά

360 4431 647 4505 Ῥωμαίων
725 4434 932 4509 χώραν.
1021 4435 1120 4489 Διὰ
1174 4439 1340 4491 τοῦτο
1406 4437 1792 4512 καρτερησάτω
1847 4441 1882 4509 ἠ
1942 4443 2008 4511 σή

360 4518 657 4593 ἐνδοξότης
716 4521 773 4577 ἐν
838 4525 905 4596 τῇ
954 4522 1287 4600 Τζουρουλῷ
1340 4521 1746 4601 περιρέμϐουσα
1787 4527 2005 4592 αὐτοὺς.

2154 951 2284 1006 diit.

2225 1041 2504 1113 Sequitur
2533 1058 2603 1097 ex
2626 1041 2896 1097 Historiis
2954 1041 3229 1098 Simocati
3290 1045 3478 1100 oratio
3530 1047 3801 1103 Cbosroaa

2150 1132 2467 1186 Persarum
2497 1130 2653 1204 regis
2681 1131 2756 1187 ad
2782 1133 3072 1187 Joannem
3110 1133 3322 1187 ducem
3380 1137 3798 1206 Romanorum,

2150 1220 2252 1291 qui
2284 1220 2505 1276 missus
2534 1221 2588 1275 ei
2618 1221 2973 1293 Opitulatum
3020 1239 3056 1276 a
3107 1223 3385 1278 Mauricio
3443 1224 3799 1296 imperatore

2149 1325 2369 1366 sannas
2402 1310 2467 1365 in
2495 1326 2693 1381 regem
2717 1310 2964 1382 jecerat.
2999 1312 3141 1380 Nisi,
3166 1311 3380 1382 inquit,
3414 1313 3542 1384 ipsa
3572 1319 3801 1385 tempo-

2146 1398 2229 1452 ris
2251 1396 2402 1454 ratio
2431 1397 2494 1453 in
2525 1414 2635 1453 nos
2694 1398 3067 1470 tyrannidem
3116 1405 3438 1469 exerceret,
3491 1418 3801 1472 nunquam

2145 1486 2411 1559 profecto
2442 1491 2529 1553 tu,
2560 1504 2594 1542 o
2627 1486 2766 1556 dux,
2798 1487 3047 1543 auderes
3087 1505 3368 1562 magnum
3408 1490 3566 1545 inter
3611 1491 3799 1546 homi-

2144 1592 2252 1631 nes
2273 1592 2471 1649 regem
2504 1575 2892 1640 subsannare.
2926 1579 3090 1633 Nunc
3121 1578 3261 1649 quia
3298 1596 3561 1651 praesens
3590 1597 3791 1636 rerum

2143 1669 2332 1721 status
2362 1669 2421 1720 te
2449 1665 2770 1737 superbum
2800 1665 3017 1733 reddit,
3072 1667 3210 1722 audi
3268 1668 3412 1739 quid
3469 1668 3540 1723 de
3593 1669 3789 1725 futuro

2141 1753 2223 1809 dii
2246 1754 2580 1810 statuerint.
2613 1756 2705 1811 Sic
2744 1755 2915 1822 habe,
2948 1756 3315 1813 calamitates
3344 1758 3407 1812 in
3453 1774 3557 1814 vos
3584 1760 3792 1815 Roma-

2140 1860 2249 1899 nos
2279 1843 2721 1915 redundabunt,
2751 1861 2819 1901 ac
2851 1862 2956 1917 per
2976 1851 3097 1901 tres
3128 1846 3448 1904 circulares
3479 1853 3792 1919 septenna—

2140 1933 2230 1991 les
2250 1951 2543 1991 annorum
2601 1936 3015 1993 conversiones
3064 1936 3423 2010 Babylonica
3475 1954 3619 2011 gens
3675 1941 3788 1995 Ro-

2143 2041 2333 2080 manaa
2358 2024 2700 2096 reipublicae
2732 2025 3154 2084 dominabitur.
3185 2027 3328 2082 Inde
3384 2044 3491 2098 per
3519 2028 3785 2100 quinque

2139 2130 2432 2169 annorum
2464 2115 2830 2185 septenarios
2860 2116 3107 2171 Romani
3137 2117 3348 2171 Persas
3376 2117 3617 2172 servitio
3648 2134 3785 2189 pre-

2138 2203 2334 2259 metis.
2362 2202 2463 2257 His
2487 2202 2863 2259 circumactis
2897 2204 3024 2260 dies
3054 2221 3313 2275 vespera:
3345 2222 3554 2277 expers
3597 2206 3786 2261 homi-

2137 2290 2315 2345 nibus
2344 2290 2649 2347 illucescet
2702 2298 3227 2364 exspectatumque
3282 2310 3530 2365 regnum
3561 2295 3736 2349 inibit
3770 2310 3784 2348 :

2138 2382 2279 2434 tunc
2304 2379 2579 2435 interitus
2600 2380 2768 2436 nulla
2796 2381 2910 2436 erit
2940 2382 3248 2447 memoria,
3284 2388 3342 2436 et
3377 2382 3495 2437 vita
3525 2383 3783 2437 meliori-

2133 2468 2299 2523 ribus
2330 2469 2617 2524 institutis
2643 2476 2868 2542 agetur.

2204 2559 2377 2613 Anno
2424 2557 2678 2629 decimo,
2737 2576 2873 2615 cum
2923 2560 3233 2633 Chaganus
3285 2560 3443 2632 apud
3501 2560 3780 2616 Sirmium

2134 2646 2410 2715 irrueret,
2443 2648 2768 2720 imperator
2795 2650 2944 2705 697
2983 2651 3327 2721 prmfectum
3386 2651 3631 2722 Europa:
3665 2652 3782 2705 Pri-

2136 2753 2302 2793 scum
2333 2742 2513 2793 creat.
2539 2739 2593 2793 Is
2617 2738 3034 2795 Salvanianum
3066 2740 3327 2813 legatum
3359 2741 3468 2795 sibi
3520 2741 3777 2809 asciscit,

2132 2841 2388 2896 eumque
2420 2827 2630 2897 praeire
2652 2827 2843 2898 jubet.
2874 2828 3159 2884 Barbaros
3191 2845 3325 2899 ergo
3356 2830 3613 2901 aggressi
3637 2846 3777 2884 con-

2131 2919 2290 2970 serta
2337 2931 2534 2987 pugna
2584 2933 2684 2971 eos
2742 2916 3001 2971 vincunt.
3063 2918 3371 2989 Chaganus
3428 2934 3493 2973 re
3542 2918 3777 2989 cognita

2130 3004 2316 3075 cOpiis
2346 3004 2614 3060 collectis
2637 3005 2711 3061 ad
2759 3005 2982 3061 bellum
3038 3006 3452 3078 proﬁciscitur.
3514 3005 3776 3077 Cumque

2128 3093 2479 3149 Anchialum
2504 3095 2780 3166 venisset,
2837 3095 3045 3149 urbem
3102 3112 3232 3150 eam
3286 3096 3597 3151 incendit:
3638 3096 3777 3151 inde

2129 3182 2420 3238 Drizinem
2454 3184 2694 3255 trajicit.
2728 3184 2962 3240 Priscus
2991 3201 3126 3239 vero
3158 3184 3526 3240 multitudini
3558 3184 3776 3241 Barba-

2125 3289 2327 3328 rorum
2368 3273 2800 3329 occurrendum
2848 3290 2969 3330 non
3020 3279 3182 3331 ratus
3237 3275 3548 3330 Tzurulum
3581 3275 3772 3346 petiit,

2120 3360 2321 3434 ibique
2346 3362 2459 3418 loci
2490 3364 2931 3435 opportunitate
2952 3380 3013 3419 se
3044 3368 3267 3419 tutatus
3289 3368 3397 3418 est.
3429 3365 3615 3429 Quem
3636 3380 3772 3419 mox

2121 3453 2430 3525 Chaganus
2460 3451 2710 3509 obsedit.
2742 3452 2801 3508 Id
2835 3470 2970 3509 cum
3009 3453 3323 3509 Mauricius
3351 3453 3767 3523 intellexisset,

2124 3540 2267 3613 quid
2295 3541 2518 3596 faceret
2547 3542 2781 3609 dubius,
2815 3543 3137 3598 calliditate
3158 3544 3273 3597 vim
3305 3543 3524 3597 infiniti
3555 3544 3770 3599 exerci-

2126 3633 2221 3684 tus
2252 3630 2361 3684 hoc
2394 3634 2564 3701 pacto
2597 3630 2803 3685 eludit.
2840 3630 3260 3686 Excubitorum
3294 3631 3611 3700 quemdam
3644 3649 3768 3686 ma-

2124 3718 2256 3791 gnis
2277 3723 2335 3773 et
2353 3719 2697 3781 muneribus
2715 3725 2773 3775 et
2802 3720 3329 3791 pollicitationibus
3361 3736 3430 3775 eo
3443 3726 3768 3790 permovet,

2125 3807 2209 3863 uti
2241 3824 2375 3864 cum
2405 3807 2639 3877 litteris,
2667 3825 2814 3879 quas
2844 3809 2970 3880 ipse
2995 3808 3068 3863 ad
3110 3810 3375 3864 Priscum
3435 3808 3632 3877 dabat,
3665 3809 3769 3864 de-

2126 3896 2248 3952 dita
2274 3914 2454 3968 opera
2480 3897 2542 3952 in
2575 3898 2965 3955 Barbarorum
3030 3914 3242 3954 manus
3300 3915 3362 3953 se
3423 3898 3768 3970 conjiceret.

2124 3986 2477 4041 Litterarum
2510 3986 2636 4041 haec
2658 3992 2785 4041 erat
2809 3988 3105 4043 sententia
3139 4004 3151 4041 :
3184 3988 3384 4043 Prisco
3408 3987 3541 4042 duci
3555 3988 3770 4060 glorio-

2124 4074 2361 4130 sissimo
2386 4075 2786 4131 S.Formidare
2819 4076 3172 4131 sceleratum
3192 4077 3584 4133 Barbarorum
3599 4093 3770 4132 cona-

2122 4166 2248 4218 tum
2278 4162 2423 4228 noli,
2458 4162 2600 4234 ipsis
2630 4164 2806 4219 exitio
2863 4181 2967 4220 suo
3000 4171 3289 4221 staturum
3320 4182 3334 4221 :
3366 4182 3576 4238 magno
3610 4167 3768 4221 enim

2121 4268 2228 4306 suo
2260 4268 2394 4307 cum
2427 4250 2716 4319 dedecore
2764 4253 3073 4325 Chaganus
3102 4255 3163 4309 in
3196 4259 3414 4309 terram
3458 4254 3568 4309 sibi
3601 4270 3636 4309 a
3665 4257 3770 4310 lto-

2122 4340 2312 4396 manis
2343 4356 2688 4397 concessam
2714 4348 3058 4399 revertetur.
3092 4345 3213 4399 Tua
3260 4360 3395 4414 ergo
3425 4343 3770 4414 praestantia

2120 4447 2222 4485 eos
2244 4431 2432 4485 otioso
2463 4430 2662 4487 animo
2693 4432 2985 4488 sustineat
3008 4433 3070 4488 in
3117 4433 3386 4489 Tzurulo.
3446 4435 3559 4505 Ego
3605 4433 3765 4487 enim

2118 4540 2226 4595 per
2254 4539 2415 4579 mare
2447 4523 2645 4579 missis
2682 4525 2930 4597 navigiis
2960 4542 3165 4582 eorum
3194 4525 3452 4582 familias
3508 4526 3765 4597 captivas

357 4590 569 4683 Πέμπω
598 4590 696 4686 γὰρ
738 4608 829 4667 διὰ
863 4590 1142 4684 θαλάσσης
1191 4590 1385 4682 πλοῖα,
1412 4590 1546 4670 καὶ·
1589 4590 2009 4692 αἰχμαλωτίζο-

2133 4612 2363 4681 ιὶιάιιεο,
2395 4619 2463 4668 ut
2491 4630 2625 4669 cum
2665 4614 2955 4679 dedecore
2994 4620 3052 4670 et
3108 4616 3325 4672 damno
3385 4633 3490 4672 suo
3522 4615 3763 4672 domum

361 4721 459 4773 μαι
482 4700 578 4762 τὰς
608 4699 876 4778 φαμιλίας
927 4700 1129 4773 αὐτῶν,
1188 4703 1277 4759 καῖ
1335 4704 1690 4780 ἀναγκάζεται
1747 4709 1865 4780 μετ’
1918 4707 2006 4764 αί-

358 4787 568 4867 σχύνης
594 4790 682 4843 καὶ
730 4788 932 4864 ζημίας
992 4790 1069 4855 εἷς
1124 4791 1191 4846 τὰ
1248 4789 1361 4846 ἴδια
1419 4793 1771 4869 ὑποστρέψαι,
1832 4797 1894 4854 Ὁ
1950 4794 2008 4854 δὶ

355 4876 603 4952 Χαγάνος
648 4880 922 4953 κρατήσας
979 4879 1046 4934 τὰ
1098 4881 1397 4957 γράμματα
1451 4883 1540 4937 καὶ
1589 4882 1852 4960 ἀναγνοὺς
1918 4885 2003 4963 γί-

351 4984 502 5021 νεται
531 4963 805 5041 περιδεὴς,
837 4968 925 5024 καὶ
974 4971 1248 5040 συνθήκας
1278 4970 1413 5045 πρὸς
1468 4972 1561 5027 τὸν
1613 4972 1845 5050 Πρίσκον
1894 4972 2006 5031 δια-

355 5052 584 5126 θέμενος
613 5051 700 5108 καὶ
731 5052 1043 5130 είρηνεύσας
1077 5054 1164 5111 ἐπὶ
1219 5055 1422 5134 δώροις
1461 5057 1674 5136 ὀλίγοις
1731 5061 1821 5118 καὶ
1879 5063 2005 5119 ἀνα-

350 5141 627 5216 ειολόγοις
662 5144 739 5205 εἷς
767 5145 867 5213 τήν
892 5144 1089 5200 ἑαυτοῦ
1138 5143 1450 5223 έπανέζευξε
1478 5156 1582 5226 γῆν
1641 5150 1775 5224 μετὰ
1830 5160 2002 5230 φυγῆς

349 5252 626 5308 κραταιας.

2114 4704 2310 4762 redire
2343 4722 2492 4778 opus
2523 4706 2760 4765 habeat.
2791 4709 3099 4780 Chaganus
3130 4724 3263 4766 cum
3299 4710 3361 4765 in
3408 4709 3640 4765 litteras
3670 4710 3762 4764 in-

2116 4792 2362 4849 cidisset
2389 4809 2609 4866 easque
2639 4793 2897 4867 legisset,
2921 4797 2983 4851 in
3016 4812 3293 4869 magnum
3325 4796 3483 4854 venit
3502 4802 3770 4861 metum;

2114 4898 2183 4938 ac
2212 4882 2419 4955 paucis
2449 4883 2807 4955 quibusdam
2840 4890 2899 4941 et
2925 4886 3151 4942 nullius
3181 4887 3354 4959 pretii
3399 4886 3573 4942 donis
3604 4902 3767 4942 acce-

2111 4971 2251 5041 ptis,
2280 4988 2425 5042 pace
2455 4974 2786 5045 composita
2812 4974 3053 5031 domum
3087 4992 3289 5032 versus
3320 4975 3517 5048 fugam
3568 4990 3759 5045 quan-

2114 5065 2238 5117 tum
2268 5061 2461 5133 potuit
2488 5060 2647 5118 fecit.

1526 5411 1891 5469 XYLANDBI
1929 5414 2016 5469 ET
2055 5415 2270 5471 GOARI
2311 5416 2536 5471 NOT/E.

414 5586 529 5654 (97)
564 5579 912 5653 Σιμοκάττου
953 5581 1109 5662 αριιᾲ
1165 5584 1418 5670 Suidam.
1453 5585 1676 5665 duplici
1703 5605 1755 5654 1,
1788 5592 1995 5716 eslgge

416 5658 807 5716 momentum
818 5650 1234 5716 Theophylacti
1253 5657 1552 5716 sonhistie.
1568 5650 1857 5716 Castorum
1966 5678 1995 5716 c

341 5650 807 5728 cognomentum
818 5650 1555 5739 TheophilaCti'sopliistéa:
1568 5650 1998 5741 Cgaternmli-aeg

1932 5720 1969 5731 τι

2105 5591 2387 5667 Cbosroai
2408 5592 2711 5665 praedictio
2744 5591 3007 5667 lucidior
3021 5592 3143 5647 fere
3158 5599 3248 5650 est
3276 5594 3431 5667 apud
3460 5597 3746 5651 Zonaram

2104 5664 2165 5755 et
2191 5663 2589 5755 ῌξρςριξλρεῑιιρ
2620 5682 2635 5734 ς
2662 5681 2817 5747 sine
2849 5667 2937 5747 2.7-
2969 5665 3106 5751 ξπ·
