4124 6312
416 311 535 370 763

416 535 696 608 praeclare
736 533 934 607 gessit,
970 550 1186 606 magna
1240 535 1394 591 698
1471 537 1868 592 Barbarorum
1913 535 2073 592 edita

420 632 630 699 strage.
690 624 910 680 Eodem
968 641 1128 680 anno
1188 625 1406 680 Paulus
1463 625 1844 698 imperatoris
1902 631 2074 698 pater

421 719 688 769 mortuus
721 719 810 768 est
839 714 1045 786 Cpoli;
1081 719 1139 768 et
1170 715 1482 769 Anastasia
1545 718 1830 788 Augusta,
1865 732 2072 771 socrus

421 804 705 872 Mauricii,
739 821 890 860 uxor
916 805 1156 871 Tiberii,
1186 804 1420 876 sepulta
1450 810 1536 860 est
1560 805 1736 876 juxta
1765 805 1972 861 virum.

488 987 660 1039 Anno
701 987 788 1054 12,
849 984 1084 1038 Priscus
1149 1001 1356 1038 rursus
1406 983 1740 1040 Danubium
1799 988 2066 1056 occupat,

423 1073 796 1128 Slavinorum
818 1090 990 1148 agros
1012 1074 1348 1145 populatur,
1388 1090 1782 1147 magnamque
1814 1075 2072 1146 impera-

416 1163 530 1216 tori
560 1161 824 1233 praedam
845 1163 1046 1232 mittit,
1108 1166 1284 1234 atque
1339 1162 1412 1219 ab
1472 1179 1539 1218 eo
1570 1163 1632 1218 in
1677 1163 1906 1220 hostico
1945 1164 2070 1220 hie-

416 1265 580 1305 mare
591 1250 856 1322 jubetur.
892 1251 1108 1306 Eodem
1139 1268 1294 1307 anno
1324 1251 1692 1324 Philippicus
1718 1253 2068 1326 Chrysopoli

415 1339 790 1395 mansionem
822 1339 1090 1412 Deiparae
1120 1340 1344 1408 condit,
1375 1345 1434 1396 et
1464 1340 1750 1412 palatium
1772 1342 1846 1398 ad
1876 1343 2067 1414 impe-

414 1433 673 1483 ratorem
731 1430 976 1500 ejusque
1031 1429 1250 1484 liberos
1279 1429 1716 1500 excipiendum.
1767 1430 2066 1486 Piscinam

416 1533 652 1588 quoque
683 1523 742 1572 et
770 1518 973 1573 hortos
1003 1518 1163 1588 facit,
1197 1523 1256 1574 et
1285 1518 1450 1590 Gpoli
1482 1519 1728 1575 domum
1779 1520 2062 1588 aadificat,

417 1621 550 1676 quae
581 1605 653 1661 ab
685 1622 752 1661 eo
776 1605 1093 1678 Philippici
1125 1605 1336 1662 domus
1359 1607 1598 1664 dicitur.

481 1877 650 1930 Anno
699 1875 784 1942 13,
835 1875 1090 1946 Byzantii
1140 1875 1202 1930 in
1261 1875 1546 1932 suburbio
1611 1883 1886 1934 monstra
1931 1883 2072 1934 sunt

413 1968 570 2031 nata,
603 1965 800 2020 infans
846 1966 1187 2038 quadrupes
1245 1970 1305 2021 et
1349 1965 1504 2022 alius
1561 1967 1784 2040 biceps.
1843 1967 2063 2024 Ferunt

411 2052 537 2108 hac
567 2053 719 2108 nihil
747 2055 888 2109 boni
919 2054 1273 2126 portendere
1303 2055 1554 2112 urbibus
1597 2057 1660 2111 in
1718 2055 1933 2128 quibus
1961 2072 2067 2112 na-

411 2148 678 2198 scuntur.
722 2144 1071 2215 Imperatori
1129 2145 1332 2200 Prisco
1390 2161 1604 2201 munus
1661 2145 2068 2202 ducendamm

413 2230 717 2302 capiarum
741 2231 1003 2304 abrogat,
1038 2231 1220 2304 idque
1251 2232 1418 2287 fratri
1449 2250 1556 2288 suo
1613 2235 1787 2288 Petro
1819 2233 2068 2289 deman-

415 2319 535 2375 dat.

482 2497 603 2564 Hic,
635 2513 792 2552 anno
827 2498 912 2566 14,
937 2499 1204 2554 Slavinos
1236 2499 1478 2556 adortus
1527 2504 1636 2570 est,
1673 2501 1774 2572 qui
1806 2501 2066 2573 captivos

412 2603 484 2642 ex
517 2589 920 2642 Romanorum
953 2587 1177 2643 ditione
1211 2587 1550 2660 abigebant.
1573 2589 1619 2643 Ii
1641 2589 1885 2661 captivis
1901 2605 2070 2646 neca-

411 2675 485 2730 tis
514 2676 667 2747 fugas
699 2693 761 2732 se
803 2675 1100 2750 dederunt
1132 2692 1146 2742 ;
1206 2682 1268 2732 et
1315 2678 1564 2734 Romani
1623 2679 1828 2750 paucis
1858 2695 2062 2735 eorum

410 2765 600 2836 captis
631 2765 704 2820 ad
729 2781 838 2820 sua
865 2765 1195 2821 redierunt.
1231 2767 1350 2821 Hoc
1401 2783 1557 2822 anno
1613 2767 1939 2840 imperator
1966 2785 2064 2824 so-

407 2855 620 2909 larium
654 2855 987 2927 Magnauraa
1047 2855 1372 2911 rotundum
1427 2856 1586 2922 fecit,
1645 2862 1706 2912 et
1753 2857 1816 2913 in
1871 2858 2068 2914 media

409 2943 547 2999 aula
584 2961 754 2999 suam
785 2945 1099 3000 collocavit
1153 2950 1431 3002 statuam.
1488 2947 1680 3017 Atque
1737 2946 1818 3001 ibi
1867 2963 2062 3003 arma-

409 3033 770 3088 mentarium
811 3034 1140 3090 constituit.
1193 3035 1471 3090 Condidit
1499 3035 1678 3091 etiam
1711 3035 1772 3090 in
1800 3037 1930 3092 loco
1961 3035 2064 3108 qui

409 3122 530 3176 Erii
561 3122 780 3177 dicitur
809 3122 1050 3178 domum
1081 3123 1142 3178 in
1175 3140 1294 3196 qua
1321 3139 1496 3180 senes
1525 3124 1785 3180 morbosi
1831 3125 2065 3182 aleren-

408 3217 524 3278 tur,
561 3211 718 3282 quod
747 3211 1031 3266 vivarium
1055 3218 1468 3284 sumptuosum
1513 3214 1666 3270 699
1720 3214 1960 3284 dicitur,
1994 3231 2065 3270 eo

407 3298 567 3369 quod
595 3315 629 3353 a
659 3299 912 3354 Slavinis
960 3305 1290 3356 crematum
1320 3301 1378 3356 id
1431 3302 1647 3370 fuerat,
1693 3304 1855 3374 quod
1905 3303 2066 3377 ligno

407 3392 536 3442 erat
564 3391 806 3442 tcctum.
841 3387 1057 3444 Multos
1113 3389 1167 3444 ei
1227 3389 1628 3462 suppeditavit
1685 3397 1958 3464 sumptus
1991 3393 2067 3450 ad

407 3475 832 3532 sustentandos
861 3477 1088 3533 morbis
1109 3479 1409 3534 confectos
1438 3479 1673 3536 fratres.

479 3657 649 3711 Anno
680 3657 766 3724 15,
801 3657 1128 3729 imperator
1183 3659 1446 3727 Petrum,
1504 3657 1664 3730 quod
1721 3659 1850 3732 ejus
1890 3661 2067 3733 culpa

405 3745 702 3801 exercitus
739 3763 773 3802 a
814 3747 1068 3802 Slavinis
1126 3753 1284 3803 esset
1337 3747 1592 3816 deletus,
1647 3747 1778 3804 loco
1835 3755 2064 3816 movet,

403 3851 731 3906 rursusque
791 3837 1058 3892 Priscum
1118 3853 1253 3894 cum
1328 3838 1580 3910 imperio
1638 3838 1700 3892 in
1747 3839 2064 3896 Thraciam

417 3926 618 3980 mittit.

483 4022 653 4071 Anno
684 4020 772 4084 16,
804 4019 1012 4073 Petrus
1042 4019 1420 4091 imperatoris
1466 4018 1650 4075 frater
1707 4019 1896 4076 eadem
1931 4021 2065 4077 Dei-

409 4125 568 4184 para;
619 4108 1076 4166 Areobindicam
1139 4111 1424 4178 condidit,
1511 4116 1570 4166 et
1615 4112 1914 4184 Cyriacus,
1962 4113 2064 4184 qui

409 4178 615 4252 Joanni
641 4197 724 4268 Jej
737 4197 970 4252 unatori
1000 4199 1305 4270 successit,
1339 4199 1726 4256 Diaconissa).

479 4465 648 4517 Anno
685 4466 768 4532 17,
830 4465 1151 4520 contractis
1203 4465 1327 4521 suis
1384 4467 1570 4538 copiis
1634 4467 1944 4541 Chaganus
1999 4469 2062 4524 in

1737 315 2061 376 GEORGII
2106 317 2466 380 CEDRENI

486 446 654 500 Anno
681 442 1281 509 undecimo,Priscus
1344 461 1472 499 rem
1529 448 1740 501 contra
1796 444 2064 502 Slavinos
2093 444 2147 514 Α

3719 322 3858 385 τοι

2248 447 2345 518 Τῷ
2381 447 2446 502 ια’
2474 442 2603 517 ἔτει,
2639 449 2872 525 Πρίσκος
2902 451 3160 528 μεγάλως
3217 452 3302 508 ἐπὶ
3363 460 3479 516 τοῖς
3513 448 3858 518 Σθλαϐίνοις

2183 533 2562 610 ἠνδραγάθησε
2590 537 2681 592 καί
2720 539 2886 614 φόνον
2917 539 3092 595 πολὺν
3147 546 3254 596 τῶν
3289 539 3582 618 Βαρϐάρων
3642 542 3850 616 εἰργά-

2185 643 2333 681 σατο.
2377 627 2472 697 Τῷ
2501 627 2648 700 αὐτῷ
2677 622 2785 684 ἔτει
2816 627 3030 690 Παῦλος
3090 631 3119 685 6
3174 636 3273 686 τοῦ
3329 630 3599 706 βασιλέως
3655 632 3851 705 πατὴρ

2183 713 2528 784 ἐτελεύτησεν
2575 719 2632 772 ἓν
2692 719 3260 776 Κωνσταντινουπόλει
3292 765 3307 792 ,
3367 723 3458 777 καὶ
3511 721 3852 778 ’Δνασ-τασία

2183 802 2468 878 Αὐγοῦστα
2497 808 2532 875 ἡ
2565 807 2793 882 πενθερᾶ
2851 807 3178 883 Μαυρικίου,
3235 811 3374 885 γυνή
3441 807 3499 865 δὲ
3555 805 3846 884 Τιϐερίου,

2181 893 2272 948 καὶ
2303 893 2470 974 ἐτάφη
2507 898 2642 968 μετὰ
2669 902 2766 953 τοῦ
2795 895 2990 973 ἀνδρὸς
3021 897 3211 968 αὐτῆς.

2252 985 2348 1056 Τῷ
2381 985 2453 1059 ιβ’
2483 979 2612 1053 ἔτει,
2641 990 2743 1041 τοῦ
2793 987 3032 1061 Πρίσκου
3059 985 3225 1043 πάλιν
3251 989 3344 1044 τὸν
3403 989 3613 1064 Ἴστρον
3671 1009 3850 1044 κατα-

2183 1069 2448 1137 λαϐόντος
2473 1075 2564 1129 καὶ
2612 1074 2681 1132 τὰ
2735 1071 3052 1142 Σθλαϐίνων
3105 1075 3230 1147 ἔθνη
3289 1076 3712 1152 πραιδεῦσαντος
3742 1079 3849 1134 καὶ

2177 1161 2400 1232 πολλὴν
2453 1161 2846 1240 αἰχμαλωσίαν
2884 1170 2964 1238 τῷ
2997 1165 3213 1242 βασιλεῖ
3265 1168 3608 1242 πέμψαντος,
3635 1168 3844 1246 γράφει

2177 1251 2326 1326 αὖτῷ
2353 1253 2524 1309 ἐκεῖσε
2553 1257 2983 1332 παραχειμάσαι.
3033 1261 3124 1329 Τῷ
3181 1253 3227 1311 δ’
3275 1255 3426 1330 αὒτῷ
3479 1255 3589 1313 ἔτει
3619 1256 3844 1314 Φιλιπ-

2176 1343 2336 1404 πικὸς
2387 1343 2560 1413 κτίζει
2604 1345 2706 1414 τὴν
2763 1345 2815 1400 ἐν
2873 1345 3248 1420 Χρυσουπόλει
3307 1347 3482 1420 μονήν
3536 1353 3639 1417 τῆς
3698 1368 3848 1402 παν-

2175 1431 2448 1506 αχράντου
2479 1432 2754 1488 Θεοτόκου
2793 1433 2885 1489 καὶ
2922 1435 2989 1489 τὰ
3039 1433 3283 1490 παλάτια
3344 1435 3482 1511 πρὸς
3535 1436 3599 1492 τὸ
3634 1432 3843 1490 ὑποδέο

2176 1531 2368 1596 χεσθαι
2399 1521 2490 1578 τὸν
2527 1521 2755 1596 βασιλέα
2799 1523 2890 1579 καὶ
2918 1525 2986 1580 τὰ
3015 1522 3176 1580 τέκνα
3231 1525 3422 1594 αὐτοῦ,
3471 1527 3711 1596 ποιήσας
3738 1528 3844 1581 καὶ

2175 1610 2592 1690 ἰχθυοτροφεῖον
2649 1613 2740 1668 καὶ
2798 1610 3180 1688 παραδείσους.
3237 1615 3338 1672 Καὶ
3399 1613 3453 1670 ἐν
3494 1617 3842 1672 Κωνσταντι-

2171 1699 2432 1756 νουπόλει
2464 1697 2522 1756 δὲ
2549 1697 2726 1756 ἓκτισε
2769 1703 2862 1756 τὸν
2919 1702 3071 1758 οἷκον
3124 1703 3217 1758 τὸν
3274 1701 3570 1779 λεγόμενον
3600 1707 3702 1760 τοῦ
3733 1709 3844 1760 Φι-

2100 1819 2146 1888 B
2177 1779 2464 1888 λιπηπικοῦ.

2249 1871 2346 1943 Τῷ
2430 1873 2496 1946 ιγ’
2581 1867 2710 1943 ἔτει,
2767 1871 2845 1933 είς
2893 1874 2964 1930 τὰ
3018 1877 3116 1928 τοῦ
3182 1873 3482 1943 Βυζαντίου
3539 1873 3846 1947 προάστεια

2177 1960 2447 2016 τίκτονται
2507 1959 2723 2036 τέρατα,
2772 1958 2992 2017 παιδίον
3049 1963 3350 2037 τετράπουν
3407 1961 3501 2018 καὶ
3559 1960 3704 2018 ἄλλο
3753 1959 3844 2017 δι-

2175 2049 2412 2128 κόρυφον
2447 2069 2460 2083 ·
2521 2047 2741 2125 λέγεται
2825 2047 2884 2106 δὲ
2970 2051 3048 2124 μή
3131 2050 3413 2124 σημαίνειν
3481 2051 3657 2124 ἀγαθὰ
3713 2056 3842 2114 ταῖς

2175 2135 2398 2192 πόλεσιν
2431 2137 2484 2193 έν
2515 2140 2602 2200 αἷς
2659 2138 2902 2213 γίνονται
2955 2143 3144 2196 ταῦτα.
3200 2139 3307 2196 Καὶ
3346 2141 3376 2194 ὁ
3409 2138 3666 2212 βασιλεὺς
3699 2139 3839 2217 Πρίο

2177 2246 2302 2280 σκον
2326 2233 2424 2296 τῆς
2471 2227 2802 2304 στρατηγίας
2856 2226 3146 2286 άποπαόει.
3205 2227 3410 2304 Πέτρον
3469 2227 3529 2284 δὲ
3577 2228 3672 2284 τὸν
3701 2229 3832 2284 tau-

2173 2319 2272 2370 τοῦ
2330 2313 2562 2394 ἀδελφὸν
2657 2317 2957 2392 στρατηγὸν
3031 2323 3133 2386 τῆς
3205 2313 3490 2391 δυνάμεως
3543 2317 3838 2392 Ῥωμαίων

2175 2425 2248 2460 πο
2259 2426 2346 2460 ιει.

2245 2497 2336 2566 Τῷ
2369 2491 2433 2548 ιδ’
2461 2488 2591 2565 ἔτει,
2651 2495 2856 2570 Πέτρος
2885 2497 2914 2551 6
2947 2497 3251 2572 στρατηγὸς
3308 2496 3435 2558 τοὺς
3493 2491 3839 2560 Σθλαϐίνους

2173 2581 2600 2661 ἐπιφερομένους
2657 2585 2978 2658 Ῥωμαϊκὴν
3038 2583 3426 2660 αἰχμαλωσίαν
3484 2583 3696 2660 τρέπει,
3743 2585 3836 2640 καὶ

2175 2674 2228 2728 οἱ
2259 2669 2537 2748 Βάρϐαροι
2567 2673 2666 2742 τήν
2700 2673 3091 2752 αἰχμαλωσίαν
3149 2673 3554 2751 ἀποσφάξαντες
3607 2669 3829 2752 ἔφυγον·

2175 2761 2395 2838 ὀλίγους
2425 2759 2484 2818 δὲ
2517 2763 2608 2818 καὶ
2665 2764 2719 2818 οἱ
2745 2764 3012 2837 Ῥωμαῖοι
3069 2765 3435 2837 κρατήσαντες
3489 2761 3579 2818 ἐπὶ
3607 2763 3674 2819 τὰ
3698 2769 3827 2819 Ῥω-

2179 2853 2352 2926 μαϊκὰ
2385 2853 2742 2928 ὑπέστρεψαν.
2798 2854 2894 2925 Τῷ
2952 2850 2998 2908 δ’
3056 2852 3202 2926 αὐτῷ
3259 2851 3366 2908 ἔτει
3421 2850 3620 2909 ἔκτισεν
3647 2854 3673 2906 6
3709 2853 3811 2926 βα-

2175 2938 2357 3003 σιλεὺς
2386 2941 2478 2997 τὸν
2525 2939 2828 3018 στργγύλον
2875 2939 3108 3011 ἡλιακὸν
3164 2947 3265 3012 τῆς
3319 2941 3632 3018 Μαγναύρας
3683 2942 3814 3015 (98),

2177 3032 2376 3101 στήσας
2431 3029 2484 3086 έν
2515 3034 2596 3102 τῷ
2629 3028 2912 3104 μεσαυλίῳ
2964 3032 3068 3101 τὴν
3126 3027 3266 3086 ἰδίαν
3323 3029 3562 3104 στήλην,
3600 3029 3691 3084 καὶ
3719 3030 3826 3084 ειπ-

2175 3120 2366 3192 έθηκεν
2428 3116 2541 3176 ἔκεῖ
2577 3120 2640 3175 τὸ
2689 3117 3038 3194 ἀρμαμέντον
3074 3123 3208 3192 (99).
3245 3122 3332 3193 [Ρ.
3364 3120 3492 3194 399]
3523 3121 3744 3178 Ἔκτισε
3773 3115 3831 3174 δὲ

2097 3196 2140 3263 C
2173 3209 2263 3266 καὶ
2314 3209 2378 3264 τὸ
2431 3203 2631 3264 λωϐῶν
2687 3211 2767 3282 (1)
2797 3213 3173 3285 γηροκομεῖον
3232 3207 3310 3270 εἰς
3363 3209 3433 3265 τὰ
3465 3210 3477 3232 ’
3505 3208 3706 3284 Ηρίου,
3767 3209 3827 3264 τὸ

2174 3298 2469 3376 λεγόμενον
2528 3302 2626 3355 τοῦ
2685 3303 2920 3368 ζωτικοῦ
2976 3295 3286 3378 ἐγχόρηγον
3317 3301 3417 3370 (2),
3472 3295 3564 3354 διὰ
3617 3298 3684 3354 τὸ
3729 3299 3833 3356 ὑπὸ

2167 3393 2278 3444 τῶν
2312 3381 2632 3453 Σθλαϐίνων
2697 3388 2891 3456 καῆναι
2958 3385 3277 3462 ξυλόστεγον
3309 3387 3392 3456 ὃν,
3423 3385 3514 3442 καὶ
3543 3385 3738 3444 πολλὰ
3774 3385 3830 3444 ἐν

2169 3477 2322 3550 αὐτῷ
2351 3475 2666 3555 ἐχορήγησε
2719 3474 2859 3550 πρὸς
2899 3476 3185 3550 Θεραπείαν
3238 3480 3346 3531 τῶν
3405 3470 3606 3532 λωϐὦν
3663 3473 3829 3532 ἀδελ-

2259 3586 2306 3623 ν.

2171 3587 2335 3727 φωΤῷ
2377 3655 2434 3709 ιε’
2463 3648 2568 3709 ἔτει
2615 3653 2816 3726 Πέτρος
2870 3657 3052 3716 κακῶς
3111 3654 3214 3710 ὑπὸ
3271 3657 3380 3710 τῶν
3449 3649 3733 3719 Σθαϐίνων
3763 3656 3826 3711 τὸ

2171 3744 2480 3820 στράτευμα
2517 3741 2778 3822 ἀφανίσας
2841 3739 3152 3818 διαδέχεται
3211 3743 3316 3798 ὕπὸ
3373 3747 3470 3798 τοῦ
3532 3743 3825 3820 βασιλέως,

2167 3835 2257 3890 καὶ
2331 3831 2498 3889 πάλιν
2547 3831 2784 3906 Πρίσκος
2869 3832 3172 3906 στρατηγὸς
3259 3831 3474 3908 Θρᾴκης
3562 3833 3829 3889 ἀποστέλ-

2170 3924 2342 4085 hri“;
2369 4017 2433 4076 ις’
2484 4008 2590 4067 ἔτει
2650 4010 2851 4086 Πέτρος
2912 4010 2942 4064 6
3000 4007 3235 4090 ἀδελφὸς
3292 4011 3594 4086 Μαυρικίου
3648 4009 3826 4067 ἔκτισε

2165 4104 2258 4160 τὸν
2286 4102 2414 4159 ναὸν
2451 4107 2554 4171 τῆς
2612 4098 2906 4174 ὑπεραγίας
2963 4101 3230 4155 Θεοτόκου
3293 4103 3390 4155 τοῦ
3447 4096 3821 4176 ’Δρεοϐίνδου.

2168 4188 2406 4267 Ὀμοίως
2463 4189 2554 4246 καὶ
2611 4189 2876 4265 Κυριακὸς
2931 4189 2960 4243 6
3007 4189 3358 4264 πατριάρχης
3405 4191 3475 4245 τὰ
3525 4190 3822 4246 Διακονίσ-

2167 4284 2392 4356 σης(3),
2453 4276 2716 4354 διάδοχος
2762 4277 3055 4353 γενόμενος
3113 4277 3366 4335 Ἰωάννου
3421 4285 3519 4335 τοῦ
3575 4281 3825 4351 Νηστευ-

2164 4393 2326 4532 τι)ξῷ
2358 4464 2421 4529 ιζ’
2448 4456 2552 4514 ἔτει
2604 4455 2958 4532 συναθροίσας
2991 4457 3020 4512 6
3052 4455 3300 4530 Χαγάνος
3327 4460 3422 4519 τᾶς
3477 4458 3601 4532 περί
3657 4457 3818 4514 αὐτὸν

411 4551 764 4608 Dalmatiam
795 4553 1095 4624 profectus
1126 4555 1368 4611 Balbam
1390 4561 1449 4610 et
1471 4555 1693 4612 vicinas
1723 4558 1950 4613 circum
1984 4560 2054 4612 40

2181 4551 2422 4624 ἳυνάμεις
2451 4545 2540 4602 ἐπὶ
2583 4547 2684 4614 τήν
2739 4543 3052 4615 Δαλματίαν
3111 4543 3384 4620 ἐχώρησε,
3441 4543 3532 4600 καὶ
3589 4545 3822 4602 καταλα.

406 4640 588 4696 urbes
618 4649 868 4714 occupat
893 4660 962 4699 ac
991 4643 1212 4716 diripit.
1246 4645 1370 4710 Qua
1401 4643 1471 4699 de
1502 4662 1564 4700 re
1595 4647 1816 4701 certior
1867 4645 2058 4702 factus

2167 4634 2277 4694 ϐών
2308 4637 2408 4706 τὴν
2457 4627 2676 4702 Βάλϐην
2733 4630 2824 4686 καὶ
2880 4630 2979 4693 τὰς
3034 4629 3158 4704 περὶ
3213 4629 3384 4700 αὐτὴν
3423 4634 3816 4710 τεσσαράκοντα

404 4725 645 4784 Priscus
675 4729 984 4786 Gunduem
1006 4715 1378 4803 exploratum
1420 4731 1626 4786 mittit.
1685 4733 1740 4786 Is
1796 4749 1932 4788 cum
1987 4733 2052 4787 in

2181 4726 2353 4788 πόλεις
2408 4723 2606 4785 ταύτας
2671 4719 2991 4794 ἐπόρθησεν.
3031 4722 3085 4772 Ὁ
3115 4715 3176 4774 δὲ
3205 4717 3441 4793 Πρίσκος
3494 4725 3666 4778 ταῦτα
3721 4743 3819 4796 μα-

409 4819 695 4874 Barbaros
717 4819 1028 4876 incidisset
1053 4837 1161 4892 per
1189 4822 1390 4876 fauces
1420 4821 1534 4875 iter
1575 4821 1884 4886 facientes,
1906 4821 2055 4878 duos

405 4925 476 4964 ex
505 4909 577 4966 iis
609 4909 742 4965 vino
775 4910 1018 4967 obrutos
1047 4911 1206 4983 capit
1239 4928 1254 4978 ;
1287 4926 1356 4966 ex
1387 4909 1580 4981 iisque
1626 4909 1804 4966 discit
1830 4911 2054 4984 Chaga-

2162 4819 2268 4873 θὼν
2326 4809 2636 4880 Γουνδούην
2716 4807 2805 4863 ἐπὶ
2881 4810 3202 4881 κατασκοπῇ
3258 4812 3370 4863 τῶν
3426 4811 3814 4885 πραττομένων

2162 4903 2502 4964 ἀπέστειλεν
2532 4901 2593 4961 ’ὸς
2621 4891 2954 4954 καταλαϐὼν
2993 4896 3124 4960 τοὺς
3181 4893 3509 4974 Βαρϐάρους
3556 4897 3650 4956 διὰ
3697 4899 3817 4957 δυσ..

1578 5028 1954 5084 XYLANDRI
1993 5029 2082 5083 ET
2121 5024 2340 5082 GOARI
2376 5019 2602 5076 NOTAE.

477 5145 590 5216 (98)
619 5143 1032 5216 Luitprandus,
1061 5161 1135 5212 v1,
1168 5147 1202 5197 2
1236 5160 1248 5197 :
1281 5146 1377 5198 Est
1426 5143 1586 5214 ϐροιὶ
1602 5145 1804 5216 domus
1836 5145 2050 5215 palatio

405 5215 669 5284 contigua
698 5215 854 5272 mirae
885 5216 1288 5286 magnitudinis
1317 5232 1380 5270 ac
1403 5215 1844 5286 puchritudinis,
1868 5230 1998 5286 qua:
2017 5231 2053 5270 a

405 5283 623 5352 ercis,
659 5306 687 5358 ρ
729 5287 844 5342 loco
892 5283 925 5341 λ
977 5283 1181 5358 posito,
1241 5283 1569 5358 Magnhura,
1630 5287 1791 5358 quasi
1846 5283 2053 5358 magna

401 5373 564 5416 aura.
595 5375 697 5426 pro
727 5359 878 5424 aula,
911 5359 1142 5414 dicitm"
1177 5359 1354 5414 Goan.

477 5424 997 5502 (99)?APP.1(L§YTOV
1040 5427 1324 5502 δημοσίων
1338 5424 1528 5484 ὅπλων
1559 5430 1745 5486 locus.
1775 5429 2055 5486 Iustinia-

405 5515 539 5567 nus,
575 5501 709 5567 Nov,
738 5502 826 5557 85.
861 5501 1036 5556 Gom.

475 5563 552 5643 (1⁷)
584 5563 781 5645 Αωᾷήν
813 5589 924 5645 ι)ιόΔ
961 5573 1129 5644 lepra
1157 5590 1312 5645 saepe
1341 5574 1592 5645 >Noster_
1609 5571 1810 5641 sumit,
1871 5577 1938 5628 ut
1995 5571 2058 5626 in

401 5641 789 5699 Constantino
814 5641 1041 5699 ‘etianf
1079 5641 1510 5701 annotavimus.
1567 5643 1774 5714 Itaque
1827 5648 2058 5699 vertere

2161 5139 2352 5213 possis
2379 5137 2650 5206 leprosos
2677 5148 2850 5213 senes
2880 5131 3191 5213 et_fratres.
3225 5131 3457 5213 Verum_
3469 5149 3608 5206 ergo
3637 5134 3698 5188 in
3723 5135 3813 5213 his

2161 5202 2486 5275 omnibus}
2546 5203 2704 5276 quod
2756 5209 2961 5276 essent
3009 5202 3282 5276 obscura,
3339 5202 3583 5261 verbum
3639 5207 3810 5262 verbo

2163 5281 2396 5347 extulit,
2429 5274 2494 5334 ut
2521 5274 2881 5350 peritoribus
2913 5274 3288 5350 conjectandi
3330 5281 3488 5331 esset
3541 5279 3809 5335 materia.

2160 5356 2298 5410 XYL.
2331 5383 2400 5394 ——
2433 5347 2673 5422 Repone
2709 5348 3066 5422 leprosorum.
3103 5347 3277 5402 Gesn.

2233 5428 2313 5497 (2)
2355 5417 2688 5494 Sumptuum
2743 5419 2819 5474 ad
2870 5417 3044 5474 vitam
3107 5417 3534 5475 necessariorum
3582 5437 3812 5492 penum.

2165 5499 2340 5554 Goan.

2236 5568 2312 5641 (3)
2343 5560 2668 5641 Areobindi
2715 5564 2775 5616 et
2807 5558 3160 5641 Diacogissaa
3217 5560 3576 5634 templorum
3609 5563 3814 5623 memi.

2167 5632 2258 5696 nit
2286 5632 2345 5694 et
2371 5634 2638 5708 Niceph.,
2667 5647 2824 5702 xun,
2854 5633 2946 5688 42.
2976 5632 3123 5688 Χη.
