4124 6312
331 363 451 425 763

1480 364 2026 426 HISTORIARUM
2072 363 2619 428 COMPENDIUM.

3629 328 3755 420 766‘

328 491 514 552 ϐάτων
573 494 798 571 χωρίων
878 493 1200 571 βαδίζοντας
1232 537 1247 564 ,
1305 493 1689 575 περιτυγχάνει
1778 494 1874 552 δύο
1929 495 1982 570 ἐξ

2111 515 2241 553 num
2272 498 2364 554 bis
2394 500 2559 555 mille
2592 499 2834 555 armatis
2866 497 3126 570 praedam
3163 498 3402 553 domum
3451 496 3753 552 abducen-

323 587 506 642 αὐτῶν
538 589 619 658 τῷ
662 581 798 657 οἷ’νῳ
858 585 1297 658 κεκαρωμένους,
1351 585 1407 640 οἳ
1465 585 1555 640 καὶ
1612 582 1809 664 ἔφασαν
1866 583 1986 641 δισ-

328 673 546 755 χιλίοις
604 673 855 736 ὁπλίταις
938 675 1037 744 τὴν
1117 673 1506 752 αἰχμαλωσίαν
1580 675 1670 729 τὸν
1735 675 1987 751 Χαγάνον

327 761 774 837 παραδεδωκέναι
796 761 896 819 καὶ
926 761 1064 837 πρὸς
1091 762 1159 818 τὰ
1199 762 1377 818 οἲκεῖα
1431 762 1775 820 ἀποστεῖλαι.
1808 767 1992 821 Ταῦτα

325 851 702 923 ὁΓουνδούης
766 853 1104 926 μεμαθηκὼς
1176 852 1468 929 κρύπτεται
1553 850 1607 908 ἐν
1668 857 1836 928 μικρᾷ
1887 854 1987 927 φά-

329 961 515 1018 ραγγι,
547 942 635 996 καὶ
672 940 893 1005 ἑωθινὸς
949 939 1036 995 ἐπὶ
1092 942 1159 996 τὰ
1222 944 1370 996 νῶτα
1425 940 1633 997 τούτων
1697 941 1987 1017 γενόμενος

2100 589 2235 644 dam
2265 591 2690 646 commississe.
2723 593 2803 645 Eo
2835 591 3068 663 cognito
3104 590 3163 644 in
3195 594 3447 661 angusta
3496 586 3753 658 quadam

2101 695 2163 733 se
2185 679 2351 735 abdit
2397 680 2680 747 convalle,
2743 697 2811 735 ac
2869 695 3104 735 manea
3162 685 3321 749 tergo
3366 695 3464 733 eos
3513 677 3755 733 adortus

2098 769 2410 823 universos
2440 769 2742 837 interﬁcit,
2793 768 3174 839 praedamque
3218 766 3292 822 ad
3342 767 3601 822 Priscum
3649 764 3755 820 ad-

2097 856 2280 913 ducit.
2310 858 2619 928 Chaganus
2669 858 3016 912 frustratum
3071 873 3132 911 se
3185 873 3461 911 successu
3491 855 3757 911 sentiens

2097 944 2340 1000 domum
2370 946 2536 1001 abiit.
2571 945 2734 1000 Idem
2768 950 2827 1000 et
2854 946 3090 1000 Priscus
3118 944 3276 1009 fecit,

326 1029 546 1107 ἀθρόως
570 1030 775 1092 πάντας
841 1026 1029 1084 ἀνεῖλε
1086 1029 1177 1084 καὶ
1228 1030 1328 1098 τὴν
1389 1028 1776 1109 αἰχμαλωσίαν
1830 1032 1967 1106 πρὸς
2018 1032 2109 1087 τὸν
2181 1032 2412 1106 Πρίσκον
2468 1034 2686 1109 ἤγαγεν.
2743 1033 2806 1089 Ὀ
2862 1030 2919 1086 δὲ
2971 1032 3219 1107 Χαγάνος
3272 1032 3339 1085 τὰ
3389 1039 3488 1100 τῆς
3549 1032 3756 1085 tinoru-

326 1122 465 1196 χίας
502 1119 685 1194 μαθὼν
718 1120 794 1181 εἷς
823 1120 924 1189 τὴν
955 1119 1149 1191 ἒαυτορ
1180 1118 1491 1192 ἐπανὲζευξε
1522 1119 1734 1199 χώραν,
1767 1119 1856 1174 καὶ
1889 1121 1917 1175 6
1960 1119 2193 1194 Πρίσκος
2227 1120 2551 1195 ὑπέστρεψεν
2585 1120 2660 1182 εἷς
2688 1121 2755 1175 τὰ
2786 1118 2925 1175 ἴδια.

402 1208 499 1264 Καὶ
528 1213 609 1281 τῷ
643 1208 712 1278 ιη’
741 1203 846 1262 ἔτει
882 1201 1067 1263 λαϐὼν
1109 1206 1205 1269 τὰς
1259 1204 1515 1281 δυνάμεις
1572 1208 1662 1262 ἶεπὶ
1697 1210 1796 1278 τὴν
1832 1214 1987 1282 Σιγι-

330 1297 477 1355 δῶνα
533 1297 900 1373 παραγίνεται.
936 1297 1000 1354 Ὀ
1058 1294 1116 1351 δὲ
1168 1295 1417 1371 Χαγάνος
1475 1296 1830 1371 συναθροίσας
1883 1299 1985 1366 τήν

325 1390 524 1444 ἑαυτοῦ
558 1385 784 1459 δύναμιν
831 1383 979 1464 ἄφνω
1037 1391 1106 1461 τῇ
1166 1384 1350 1456 Μυσίᾳ
1400 1384 1700 1462 ἐφίσταται.
1757 1388 1872 1454 Τῆς
1933 1383 1990 1442 δὲ

321 1477 524 1547 ἑορτῆς
554 1478 651 1529 τοῦ
712 1476 904 1548 Πάσχα
956 1467 1375 1542 καταλαϐούσης
1433 1473 1737 1551 ἀμφότεροι
1769 1474 1885 1547 μετ’
1911 1472 1987 1527 εἲ-

313 1566 501 1637 ρήνης
534 1563 840 1637 ἡσύχασαν·
895 1561 990 1617 καὶ
1045 1568 1147 1630 τῆς
1202 1563 1395 1636 ἑορτῆς
1450 1560 1841 1634 πληρωθείσης
1872 1560 1992 1618 δια-

311 1653 662 1730 χωρίζονται
723 1651 828 1706 ἀπὸ
885 1655 994 1706 τῶν
1051 1650 1347 1724 Ῥωμαίων
1428 1651 1480 1705 οἱ
1542 1646 1843 1725 Βάρϐαροι,
1901 1650 1992 1707 καὶ

308 1740 592 1800 ποικίλον
635 1738 884 1816 διωγμοῦ
915 1739 964 1810 ἐξ
1001 1738 1267 1812 ἀλλήλων
1313 1745 1423 1796 τῶν
1486 1744 1664 1816 μερῶν
1696 1738 1994 1816 γενομένου

317 1832 551 1901 πλῆθος
584 1829 873 1903 Ῥωμαίων
905 1830 970 1884 τὸ
1010 1830 1105 1902 μὲν
1136 1829 1588 1907 κατασφάττεται,
1617 1830 1681 1885 τὸ
1734 1827 1793 1885 δὲ
1821 1830 1992 1906 αἰχμ-

318 1919 684 1991 αλωτίζεται.
724 1918 866 1976 Τότε
922 1915 991 1987 δὴ
1023 1919 1052 1973 6
1084 1919 1328 1992 Χαγάνος
1386 1919 1523 1974 κατὰ
1580 1920 1890 1994 Μαυρικίου
1920 1920 1994 1980 ὡς

327 2009 514 2065 αἰτίου
545 2015 644 2079 τῆς
676 2013 890 2084 σφαγῆς
942 2012 1040 2062 τοῦ
1101 2005 1239 2063 λαοῦ
1269 2002 1548 2063 καταϐοῶν
1610 2010 1730 2064 εἶπε
1785 2006 1989 2064 διδόναι

324 2101 462 2162 τοὺς
506 2097 904 2175 αἰχμαλώτους
968 2098 1069 2154 ἀνᾶ
1125 2097 1488 2173 νομίσματος,
1545 2100 1635 2155 καὶ
1676 2098 1842 2155 πάλὶν
1894 2097 1991 2154 δύο

329 2193 432 2246 τοῦ
460 2190 820 2263 νομίσματος,
852 2189 943 2243 καὶ
996 2186 1163 2244 πάλιν
1224 2189 1325 2243 ἀνὰ
1351 2188 1574 2265 κεράτια
1605 2185 1650 2243 δ’
1684 2191 1779 2264 (4).
1812 2189 1875 2246 Ὀ
1934 2186 1993 2244 δὲ

334 2279 636 2354 Μαυρίκιος
697 2275 825 2333 οὐδὲ
886 2274 1060 2340 οὕτως
1117 2277 1342 2340 τούτους
1400 2275 1670 2348 ἠθέλησεν
1708 2278 1989 2355 ἀγοράσαι.

329 2370 492 2426 ’Ὀθεν
535 2367 808 2441 θυμωθεὶς
842 2368 869 2422 ὁ
903 2367 1149 2442 Χαγάνος
1201 2368 1405 2431 πάντας
1460 2365 1782 2425 ἀπέκτεινεν.
1820 2372 1989 2423 Ἦσαν

338 2455 398 2512 δὶ
426 2453 679 2532 χιλιάδες
732 2456 824 2531 ιβ’,
887 2450 1233 2526 ἀνεϐιϐάζετο
1292 2452 1349 2511 δὲ
1402 2458 1437 2526 ἡ
1489 2457 1628 2531 τιμή
1686 2457 1864 2512 αὐτῶν
1892 2455 1991 2511 ἀνὰ

345 2544 696 2619 μιλιαρισίων
757 2542 854 2600 δύο
922 2545 1233 2621 ’βθλγ“(5ὶ.
1303 2545 1401 2600 Καὶ
1461 2545 1639 2608 οὕτως
1695 2546 1993 2616 ποιήσαςὸ

340 2636 596 2711 Χαγάνος
643 2634 718 2699 εἷς
771 2636 840 2690 τὰ
904 2633 1019 2691 ἴδια
1078 2634 1394 2710 ὑπέστρεψε,
1453 2636 1499 2690 ν’
1557 2632 1816 2712 χιλιάδας
1872 2640 1992 2698 ταῖς

340 2722 630 2797 Ῥωμαίων
689 2721 943 2786 σπονδαῖς
1000 2723 1222 2788 ἐπιθείς.
1280 2725 1342 2782 Ὁ
1399 2721 1456 2779 δὲ
1511 2726 1737 2798 στρατὸς
1787 2718 1995 2799 ἔπεμψε

343 2812 477 2869 κατᾶ
536 2813 949 2887 Κομμεντιόλου
1030 2814 1106 2876 ὡς
1174 2810 1468 2889 προδοσίαν
1520 2811 1572 2868 ἐν
1625 2817 1707 2886 τῷ
1761 2812 1996 2886 πολέμῳ

338 2906 700 2975 ποιήσαντος,
733 2903 782 2959 ἐν
818 2904 901 2966 οἷς
931 2905 998 2974 ἦν
1060 2902 1150 2959 καὶ
1211 2908 1436 2976 Φωκᾶς,
1494 2903 1554 2967 ’ὀς
1609 2900 1996 2979 διαλεγόμενος

331 2996 413 3064 τῷ
445 2991 664 3067 βασιλεῖ
693 2994 932 3068 βριαρῖυς
962 2991 1139 3066 τούτῳ
1187 2990 1468 3068 ἀντέλεγεν
1530 2993 1585 3048 ἐν
1634 2996 1718 3065 τῷ
1777 2990 1997 3047 σελενη

332 3081 437 3154 τίῳ
600 3081 701 3139 Καί
733 3103 818 3146 τις
845 3086 954 3137 τῶν
986 3080 1285 3149 πατρικίων
1316 3086 1507 3137 τοῦτον
1560 3082 1646 3154 [Ρ.
1680 3085 1808 3154 400]
1838 3080 1995 3159 ἐρῥά-

330 3191 461 3225 πισε
486 3170 578 3225 καὶ
626 3171 716 3226 τὸν
777 3171 1018 3246 πώγωνα
1072 3168 1325 3242 ἐξέτιλεν,
1358 3171 1386 3224 6
1422 3167 1478 3225 δὲ
1510 3168 1767 3244 βασιλεὺς
1803 3174 1996 3230 τοῦτον

329 3258 608 3334 ἄπρακτον
639 3258 925 3315 ἀπέλυσεν.
983 3260 1078 3315 Ἐκ
1133 3258 1331 3314 τούτου
1380 3259 1471 3313 καὶ
1503 3260 1538 3328 ἡ
1570 3262 1667 3313 τοῦ
1719 3256 1989 3333 βασιλέως

331 3324 607 3419 ἐπίϐουλή
638 3348 817 3424 ἀρχὴν
881 3342 1172 3421 ἐλάμϐανε.
1216 3348 1364 3405 Κατᾶ
1419 3324 1611 3402 τοῦτον
1670 3324 1762 3403 τδν
1788 3347 1987 3423 χρόνον
2030 3324 2073 3390 C

340 3436 397 3493 ἐν
449 3438 519 3510 τῇ
575 3436 841 3511 Αἰγύπτῳ
899 3439 1059 3504 Μηνᾶ
1114 3440 1211 3491 τοῦ
1265 3435 1512 3515 ἐπάρχου
1569 3434 1620 3491 ὲν
1671 3439 1753 3508 τῷ
1807 3436 1994 3510 Νείλῳ

334 3526 577 3601 ποταμῷ
618 3529 697 3601 (7)
731 3525 867 3600 μετὰ
909 3530 1007 3582 τοῦ
1038 3524 1175 3581 λαοῦ
1233 3524 1624 3599 πορευομένου,
1653 3528 1708 3580 ἓν
1734 3524 1888 3599 τόπῳ
1917 3529 1996 3598 τῷ

333 3614 718 3694 ἐπιλεγομένῳ
775 3614 974 3686 Λέλτα,
1032 3614 1197 3685 ἡλίου
1256 3615 1569 3692 ἀνίσχοντος
1620 3620 1731 3685 ζῶα
1788 3615 1995 3691 ἀνθρω-

329 3704 603 3783 πόμορφα
633 3703 787 3777 ἐντῷ
839 3709 1071 3778 ποταμῷ
1128 3703 1419 3784 ἐφάνησαν,
1479 3704 1616 3780 ἀνὴρ
1670 3726 1729 3760 τε
1779 3704 1868 3760 καὶ
1898 3725 1999 3781 γυ-

332 3797 432 3864 νή·
494 3795 583 3849 καὶ
616 3796 645 3850 6
679 3795 773 3870 μὲν
830 3795 965 3868 ἀνὴρ
1021 3792 1301 3863 εὕστολος,
1361 3795 1661 3869 εὕστερνος,
1708 3793 1994 3862 καταπλη-

346 3885 538 3946 κτικὸς
567 3890 666 3953 τὴν
700 3883 848 3959 ὅψιν,
882 3883 1063 3955 ξανθὸς
1091 3884 1192 3952 τήν
1243 3883 1444 3956 κόμην,
1507 3882 1848 3956 μιξοπόλιος,
1906 3882 1996 3937 καὶ

342 3973 514 4050 μέχρι
549 3980 648 4043 τῆς
678 3972 877 4046 ὀσφύος
937 3971 1175 4047 ἐγύμνου
1221 3973 1325 4041 την
1382 3973 1562 4046 φύσιν,
1619 3972 1688 4028 τὰ
1743 3970 1799 4027 δὲ
1830 3971 2001 4029 λοιπᾶ

344 4062 486 4137 μέρη
513 4067 610 4118 τοῦ
642 4063 894 4135 σώματος
922 4062 984 4117 τὸ
1014 4058 1160 4136 ὕδωρ
1212 4059 1501 4118 ἐκάλυπτε.
1533 4064 1737 4119 Τὸὖτον
1772 4063 1800 4117 6
1826 4064 1994 4136 ἒπαρ-

340 4174 447 4229 χος
476 4151 662 4229 ὅρκοις
690 4146 894 4209 ἔϐαλλε
934 4155 1012 4226 μή
1057 4149 1359 4208 καταλῦσαι
1410 4155 1511 4222 τήν
1573 4154 1821 4226 θεωρίαν,
1870 4152 1996 4228 πρὶν

343 4242 588 4306 ἅπαντας
647 4241 1027 4320 ἐμφορηθῆναι
1082 4248 1186 4311 τῆς
1240 4238 1549 4316 παραδόξου
1614 4242 1816 4311 ταύτης
1872 4241 1997 4316 ὁρά-

347 4353 510 4395 σεως.
557 4334 623 4388 Ἤ
683 4329 740 4387 δὲ
795 4333 933 4406 γυνή
987 4331 1116 4392 τοὺς
1173 4328 1232 4385 τέ
1294 4330 1532 4404 μασθοὺς
1591 4331 1709 4405 εἶχε
1764 4331 1852 4386 καὶ
1897 4333 1998 4401 τήν

348 4421 473 4496 ὄψιν
506 4421 657 4477 λείαν
687 4420 779 4475 καὶ
829 4420 1011 4494 κόμην
1067 4419 1305 4496 βαθεῖαν.
1369 4419 1467 4473 Καὶ
1529 4417 1727 4494 μέχρις
1783 4417 1927 4495 ὥρας
1959 4430 2001 4485 θα

345 4516 453 4574 πᾶς
480 4513 507 4565 6
538 4509 674 4574 λαός
732 4510 1055 4584 ἐθαύμασεν,
1102 4510 1242 4583 ὁρῶν
1275 4510 1342 4564 τὰ
1375 4513 1486 4579 ζῶα
1537 4512 1728 4579 ταῦτα,
1785 4509 1873 4564 καὶ
1929 4515 1998 4585 τῇ

2167 1214 2337 1266 Anno
2398 1212 2480 1281 18,
2533 1212 2771 1266 Priscus
2816 1211 3017 1282 copias
3050 1210 3125 1266 ad
3184 1210 3520 1282 Sigidonem
3565 1210 3751 1265 ducit.

2096 1300 2404 1373 Chaganus
2425 1317 2562 1356 vero
2595 1317 2703 1355 suo
2756 1302 2907 1357 τοο
2934 1300 3198 1355 exercitu
3228 1298 3480 1353 collecto
3510 1302 3756 1369 repente

2098 1389 2159 1444 in
2182 1390 2428 1462 Mysiam
2450 1390 2642 1445 irruit.
2662 1389 3338 1445 SolemnitasPaschatis
3357 1387 3759 1443 interveniens

2102 1480 2300 1535 effecit
2329 1485 2393 1535 ut
2418 1480 2697 1551 utrinque
2758 1481 2950 1551 pacati
3001 1479 3398 1550 quiescerent.
3452 1478 3533 1532 Ea
3589 1477 3761 1532 ﬁnita

2102 1568 2355 1624 inducias
2387 1586 2624 1641 quoque
2657 1569 3067 1624 dissiluerunt.
3092 1569 3358 1638 Cumque
3390 1567 3596 1622 multis
3628 1584 3757 1623 sese

2104 1663 2307 1714 mutuo
2338 1657 2607 1714 cladibus
2639 1659 2996 1723 aﬂ‘ecissent,
3026 1657 3268 1713 tandem
3315 1656 3603 1713 exercitus
3634 1659 3757 1711 Ilo-

2103 1763 2316 1804 manus
2373 1747 2591 1819 partim
2623 1765 2831 1818 cazsus,
2883 1748 3099 1818 reliqui
3157 1747 3310 1818 capti
3371 1751 3529 1801 sunt.
3606 1747 3753 1800 Tum

2103 1837 2414 1910 Chaganus
2437 1838 2498 1893 in
2529 1839 2876 1894 Mauricium
2904 1838 3081 1892 caedis
3130 1837 3332 1909 populi
3363 1836 3597 1906 culpam
3621 1852 3758 1890 con-

2103 1926 2322 1991 ferens,
2347 1932 2620 1999 paratum
2654 1944 2715 1982 se
2748 1928 2831 1982 ait
2860 1927 3118 1999 captivos
3141 1930 3383 1997 accepto
3416 1925 3477 1978 in
3522 1923 3760 1996 singula

2104 2018 2302 2089 capita
2331 2034 2603 2086 nummo,
2629 2034 2955 2088 rursusque
2986 2017 3159 2071 binos
3189 2032 3309 2071 uno
3354 2031 3621 2083 nummo,
3660 2014 3764 2068 de-

2101 2107 2282 2179 nique
2315 2107 2582 2180 singulos
2601 2112 2855 2177 quatuor
2883 2106 3120 2161 ceratiis
3150 2104 3408 2176 acceptis
3439 2104 3759 2160 dimittere.

2102 2199 2246 2253 Cum
2278 2214 2352 2252 ne
2385 2198 2470 2252 sic
2502 2197 2743 2269 quidem
2769 2214 2869 2252 eos
2899 2196 3194 2251 redimere
3218 2194 3397 2249 vellet
3420 2193 3753 2270 Mauricius,

2103 2287 2289 2341 iratus
2319 2286 2631 2358 Cbaganus
2662 2302 2870 2341 omnes
2900 2285 3138 2340 occidit.
3172 2285 3356 2338 Fuere
3388 2288 3585 2338 autem
3608 2282 3757 2337 duo-

2103 2374 2296 2430 decim
2317 2374 2530 2430 millia.
2553 2371 3381 2443 Aﬂstimabantur,supputatis
3412 2372 3471 2425 in
3495 2370 3760 2442 singulos

2105 2461 2336 2518 duobus
2356 2462 2731 2527 milliarisiis,
2765 2463 2924 2516 2933.
2954 2460 3266 2533 Chaganus
3316 2458 3664 2526 interfectis,
3698 2461 3764 2512 ut

2104 2546 2248 2618 diXi,
2335 2550 2578 2622 captivis
2639 2552 3161 2620 Romanorumque
3227 2547 3448 2603 tributo
3512 2546 3761 2618 adjectis

2106 2641 2351 2712 insuper
2372 2640 2804 2711 quinquaginta
2834 2637 3119 2699 millibus.
3155 2637 3398 2693 domum
3425 2636 3620 2692 rediit.
3653 2639 3764 2691 Ex-

2107 2731 2327 2787 ercitus
2351 2747 2527 2801 porro
2560 2729 2726 2784 misit
2755 2731 2857 2800 qui
2888 2727 3389 2783 Commentiolum
3410 2723 3763 2797 proditionis

2108 2820 2569 2874 accusarent.Ac
2598 2816 2710 2872 fuit
2742 2817 2900 2872 inter
2932 2816 3157 2888 legatos
3187 2814 3366 2870 etiam
3388 2815 3635 2880 Phocas,
3658 2812 3762 2885 qui

2108 2908 2170 2963 in
2202 2912 2357 2963 coetu
2400 2907 2592 2962 verbis
2651 2905 2995 2977 imperatori
3053 2904 3281 2959 duriter
3337 2920 3400 2958 se
3458 2902 3757 2973 Opposuit.

2109 2995 2361 3061 Quidam
2393 3011 2526 3049 vero
2560 2994 2944 3066 patriciorum
3004 2992 3362 3064 depalmavit
3391 2992 3668 3058 Phocum,
3703 2994 3761 3044 et

2109 3083 2346 3139 barbam
2372 3084 2423 3139 ei
2456 3083 2693 3149 evellit;
2726 3089 2902 3153 atque
2930 3098 3067 3137 eum
3106 3082 3433 3152 imperator
3452 3095 3514 3133 re
3541 3079 3761 3134 infecta

2111 3172 2487 3228 dimisit.lloc
2525 3172 2764 3227 initium
2794 3172 2907 3227 fuit
2953 3171 3306 3226 insidiarum
3347 3170 3628 3226 adversus
3658 3168 3765 3223 im-

2112 3266 2467 3333 peratorem.
2502 3260 2721 3316 Eodem
2770 3266 3060 3331 tempore,
3095 3276 3228 3314 cum
3260 3260 3321 3313 in
3374 3261 3614 3331 [Egypto
3654 3259 3766 3312 Me-

2103 3365 2212 3405 nas
2243 3350 2556 3422 praafectus
2587 3349 2647 3404 in
2673 3349 2800 3403 Nilo
2823 3348 3126 3403 amneiter
3153 3348 3374 3403 faceret
3394 3364 3527 3403 cum
3540 3345 3757 3418 populo

2105 3437 2167 3493 in
2198 3439 2327 3493 loco
2361 3438 2459 3510 qui
2494 3438 2663 3493 Delta
2691 3437 2930 3503 dicitur,
2965 3436 3088 3491 sole
3121 3436 3348 3491 oriente
3387 3435 3450 3490 in
3506 3434 3754 3491 ﬂumine

2105 3528 2227 3584 visa
2257 3533 2395 3583 sunt
2425 3527 2709 3582 animalia
2734 3527 2930 3600 specie
2953 3526 3236 3593 hominis,
3269 3542 3395 3581 mas
3426 3530 3485 3579 et
3510 3524 3759 3579 femina.

2105 3620 2224 3673 Mas
2254 3622 2381 3672 erat
2410 3616 2562 3671 bene
2592 3616 2980 3687 compositus,
3014 3620 3250 3686 pectore
3273 3613 3753 3685 amplo,terribili

2105 3712 2368 3779 aspectu,
2402 3705 2553 3762 fulvo
2585 3707 2748 3761 crine
2782 3704 3133 3760 intermistis
3190 3704 3375 3768 canis,
3434 3719 3622 3773 usque
3679 3702 3754 3757 ad

2106 3797 2342 3853 lumbos
2373 3796 2589 3865 nudus,
2621 3801 2863 3851 crateras
2895 3800 3092 3866 partes
3122 3810 3277 3865 aqua
3304 3797 3557 3865 tegente.
3604 3794 3748 3847 τοι

2108 3889 2272 3943 Hunc
2304 3886 2619 3958 praefectus
2660 3884 2957 3957 adjuravit
3004 3901 3077 3938 ne
3110 3884 3274 3955 prius
3316 3900 3386 3937 ex
3433 3886 3755 3954 conspectu

2107 3976 2438 4032 discederet
2470 3990 2647 4046 quam
2680 3991 2890 4029 omnes
2920 3990 2987 4028 eo
3022 3990 3082 4028 se
3117 3978 3235 4028 tam
3270 3989 3399 4028 raro
3431 3976 3756 4027 exsaturas-

2108 4070 2243 4120 sent
2273 4063 2630 4136 spectaculo.
2692 4062 2901 4118 Mulier
2959 4067 3017 4117 et
3073 4078 3364 4117 mammas
3394 4061 3651 4116 habebat
3702 4063 3761 4114 et

2107 4154 2296 4208 levem
2327 4152 2542 4207 faciem
2575 4169 2643 4207 ac
2672 4150 2951 4205 dimissos
2983 4151 3195 4206 crines.
3218 4151 3410 4220 Usque
3441 4150 3516 4204 ad
3539 4165 3759 4204 nonam

2107 4243 2315 4298 horam
2350 4241 2602 4313 populus
2633 4258 2768 4296 cum
2799 4239 3190 4295 admiratione
3221 4239 3505 4294 animalia
3535 4255 3604 4293 ea
3627 4255 3762 4309 spe-

2109 4332 2303 4386 ctavit.
2340 4332 2494 4385 Hora
2525 4346 2684 4384 nona
2714 4328 2957 4385 ﬂuvium
2989 4345 3059 4384 ea
3114 4328 3443 4382 subierunt.
3476 4330 3622 4382 Ecce
3653 4343 3759 4381 au-

2112 4426 2251 4489 tem,
2278 4421 2713 4477 crocodilorum
2746 4419 3063 4475 multitudo
3095 4420 3387 4491 apparuit.
3421 4417 3760 4473 Crocodilus

2112 4511 2336 4568 animal
2386 4517 2477 4567 est
2534 4516 2812 4567 terrestre
2859 4511 3147 4583 juxtaque
3205 4509 3565 4580 aquaticum,
3601 4512 3760 4563 vasto

347 4603 392 4657 θ“
423 4596 614 4656 ἔδυσαν
645 4597 698 4654 ἐν
729 4603 807 4671 τῷ
862 4581 1255 4672 ποταμῷξΚαὶ
1314 4596 1433 4652 ἰδοὺ
1486 4597 1577 4653 καὶ
1630 4581 1996 4672 κροκοδείλων

2112 4618 2379 4673 corpore.
2415 4602 2801 4673 Dorsumejus
2832 4616 3038 4655 saxum
3068 4599 3302 4671 nigrum
3334 4599 3528 4655 colore
3561 4598 3760 4669 refert,

1559 4744 1922 4799 XYLANDRI
1961 4746 2048 4799 ET
2087 4745 2301 4800 GOARI
2339 4746 2561 4801 NOTAE.

428 4858 767 4933 (4)λΚεράτια
824 4857 1057 4933 τέσσαρα
1120 4862 1260 4933 sunt
1316 4858 2006 4933 numismatis‘sextans.

357 4929 662 4988 Numisma
685 4932 847 4987 enim
877 4934 947 4987 24
967 4929 1225 4997 ceratiis,
1247 4933 1313 4984 12
1340 4946 1476 4984 vero
1500 4929 1829 4985 miliarisiis
1851 4931 2011 4986 aesti-

358 5010 590 5060 matur:
622 5005 779 5060 unde
800 5003 1050 5068 κεράτιον
1082 5001 1378 5057 miliarisii
1409 5000 1694 5068 medium,
1717 5001 1888 5057 folles
1920 5005 2007 5058 12.

355 5076 714 5147 Scboliastes
745 5072 972 5147 Basilio.
1005 5074 1192 5147 Eclpg.
1228 5089 1391 5147 ξξῃι.
1458 5072 1576 5147 Χρη
1607 5073 1892 5147 γινοίισκειν
1924 5072 2007 5147 δτι

350 5147 413 5235 t6
442 5143 496 5244 iv
528 5147 779 5244 uspai'f't‘ev
811 5144 1039 5244 φόλὲλεὲς
1072 5139 1176 5198 είσί
1232 5139 1442 5244 διὲδεκα
1482 5139 1633 5244 ιἢτοί
1667 5141 2008 5244 μιλιιαρισίου

349 5218 413 5273 τὸ
441 5214 637 5290 ἥμισυ.
669 5217 754 5276 Τὰ
782 5214 874 5277 οὗν
907 5214 1116 5290 δώδεκα
1172 5214 1396 5290 κερ-άτιᾶ
1453 5214 1609 5290 εἰσιν,
1668 5214 2010 5290 νομίσματος

352 5281 550 5363 ἥμισυ⁸
601 5291 664 5363 τὸ
722 5298 853 5363 γοῦι
914 5288 1164 5359 ἀκέραιον
1220 5281 1463 5359 νόμισμα
1519 5281 1639 5362 ἔχει
1699 5281 2011 5361 μίλιαρίσια

360 5362 458 5436 ιβ’,
488 5361 722 5436 κεράπια
738 5361 855 5423 κδ’.
890 5365 1065 5419 GOAR.

426 5436 503 5506 (5)
522 5429 689 5489 Hunc
710 5435 905 5493 locum
926 5448 1167 5505 prorsus
1188 5429 1791 5506 non_intellugo,quod
1813 5445 2007 5506 neque

357 5500 441 5560 de
460 5500 707 5561 nummo
738 5509 883 5564 satis
912 5500 1143 5560 constat
1194 5500 1335 5572 quid
1363 5500 1634 5561 valuerit.
1690 5517 1881 5570 neque
1934 5500 2007 5555 de

357 5577 518 5631 notis
551 5578 581 5629 ι’
614 5583 643 5629 ι“
671 5576 715 5629 θ’
743 5577 791 5633 λ’
823 5574 883 5634 δ’.
918 5573 1285 5630 Miliarisium
1308 5572 1684 5628 numismatis
1713 5572 2007 5627 decimam

360 5652 590 5718 partem
630 5650 824 5706 facere
854 5645 1156 5718 annotavit
1182 5643 1400 5718 ASuidas
1426 5660 1439 5698 :
1472 5643 1577 5718 sed
1608 5643 1665 5698 id
1697 5660 1823 5718 rem
1883 5660 2003 5698 non

361 5714 636 5790 explicat.
671 5722 879 5779 Videre
908 5722 1078 5792 potes
1106 5714 1264 5771 infra
1296 5716 1479 5772 ﬁnem
1537 5715 1747 5771 Leonis
1801 5716 2011 5772 Icono-

2121 4860 2338 4915 machi.
2371 4859 2508 4915 XYL.

2193 4932 2271 5004 (6)
2303 4933 2631 5004 Concilium,
2657 4938 2849 4998 certus,
2875 4930 3178 5004 judicium,
3212 4929 3533 5004 co_nsulatio_
3567 4931 3656 4981 est
3683 4944 3763 4978 σε-

2120 4998 2330 5055 λέντιον
2362 5003 2482 5058 sive
2518 4999 2832 5055 σιλὲντιονι·
2867 4998 3089 5057 Auctor
3144 5002 3205 5055 in
3264 5001 3454 5054 Leone
3509 5001 3711 5053 Isauro
3745 5013 3762 5052 :

2119 5070 2400 5149 296mm
2429 5073 2565 5127 κατᾶ
2594 5076 2698 5127 τῶν
2723 5073 2924 5149 61in»);
2981 5071 3231 5149 εξκόνιον.
3266 5071 3473 5149 Latine
3526 5084 3762 5149 quoque

2121 5146 2424 5202 silentium
2454 5140 2859 5217 pronuntiavit
2886 5145 3106 5201 Paulus
3128 5144 3423 5199 Diaconus
3458 5140 3763 5217 i_n__eode_m

2119 5217 2309 5273 Leone
2343 5234 2356 5272 :
2387 5212 2679 5272 Silentium
2709 5226 2905 5272 contra
2930 5223 3149 5271 sanctas
3171 5232 3234 5269 ac
3265 5212 3597 5267 venerabiles
3620 5212 3757 5266 cele-

2121 5288 2297 5343 bravit
2320 5291 2524 5343 iconas.
2558 5290 2808 5342 Zonaras
2860 5290 3114 5342 Leonem
3171 5286 3446 5351 alterum,
3508 5282 3767 5354 philoso-

2116 5360 2320 5446 phum”.
2357 5359 2439 5414 ita
2455 5358 2675 5446 «morbo
2694 5360 3225 5446 ~iliaco_detent‘urn
3257 5359 3461 5438 narrat
3510 5350 3592 5415 ὡς
3627 5350 3767 5446 μηδὲ

2118 5424 2420 5504 δυνηθῆναι
2452 5425 2813 5504 διαλεχθῆναι
2851 5431 2936 5504 τῇ⁵
2982 5426 3274 5504 συγκλήτῳ
3331 5429 3483 5504 περὶ*
3513 5424 3767 5492 νηστείας

2114 5502 2216 5569 τήν
2239 5494 2451 5570 ⁷συνήθη
2488 5494 2743 5573 διάλεξιν,
2774 5503 2809 5569 ἡ
2850 5494 3100 5573 καλεῖται
3131 5494 3416 5573 σι-λὲντιονξ
3447 5501 3621 5554 (ΞΟΑΗ.

2188 5573 2264 5647 (7)
2297 5576 2434 5639 Quae
2463 5570 2732 5647 sequitur
2756 5573 2827 5627 de
2848 5572 2979 5647 _v_i_so
3030 5571 3087 5647 in
3119 5570 3241 5624 Nilo
3273 5587 3451 5647 amne
3474 5574 3760 5638 monstro,

2116 5641 2428 5718 desumpta
2458 5641 2729 5701 videntur
2758 5662 2826 5701 ex
2845 5641 3088 5712 Niceph.
3113 5659 3263 5709 xvm,
3289 5643 3377 5698 36.
3411 5642 3546 5697 ΧΠ..
