4124 6312
365 271 483 332 767
1719 255 2040 325 GEORGII
2083 253 2428 316 GEDRENI
3666 260 3819 322 768

365 414 570 466 venter
600 414 687 478 est
714 409 922 476 albus;
983 409 1164 481 pedes
1225 385 1414 464 habet
1435 410 1710 477 quatuor,
1759 394 2008 454 caudam

2125 387 2340 481 πλῆθος
2379 390 2631 481 άνειράνη.
2659 394 2721 451 Ὀ
2751 390 2810 450 δὲ
2845 393 3200 481 κροκόδειλος
3240 396 3429 471 θηρίον
3462 395 3604 454 ἐστὶν
3637 399 3802 472 ὁμοῦ

365 515 639 572 magnam
671 503 846 568 atque
879 514 1152 569 asperam
1179 514 1192 551 :
1215 497 1434 569 quippe
1467 511 1536 551 ea
1566 493 1703 550 ﬁnis
1727 496 1814 546 est
1835 488 2012 560 spinea

2128 479 2217 572 καὶ
2249 477 2409 555 ἰχθὺς
2450 479 2636 556 μέγας,
2681 479 2959 572 άμφίϐιος
3015 482 3091 542 δέ.
3153 485 3256 542 Καὶ
3287 487 3322 556 ἡ
3359 485 3452 561 μὲν
3482 487 3654 562 χροιόι
3687 491 3803 543 τοῦ

363 589 524 646 dorsi
557 591 731 644 unico
756 605 890 644 osse
921 589 1348 654 constantis,ac
1379 601 1636 658 superne
1684 584 1744 638 in
1776 580 2012 638 modum

2129 568 2307 625 νώτου
2367 572 2536 626 αὐτοῦ
2619 568 2829 649 πέτρᾳξι
2855 567 2998 630 ἔοικε
3054 573 3306 649 μελαίνῃ,
3360 577 3395 646 ἡ
3454 573 3512 631 δὲ
3566 577 3796 651 γαστὴρ

365 677 634 734 dentium
659 695 838 733 serrae
853 677 1228 734 incisa.Ferit
1249 682 1446 732 autem
1461 674 1651 730 cauda
1663 671 2012 727 etvulnerat.

2132 657 2324 730 λευκὴ,
2359 657 2522 722 πόδες
2553 658 2610 716 δὲ
2669 659 2738 731 δ’,
2768 660 2858 718 καὶ
2917 661 3050 738 οὐρὰ
3107 662 3321 740 μεγάλη
3380 666 3468 721 καὶ
3525 671 3798 741 τραχεῖα’

363 769 552 840 Caput
581 769 849 826 humeris
880 769 1228 840 contiguum
1260 772 1371 834 est,
1402 766 1594 836 iisque
1643 767 1930 833 aequatur,
1965 763 2012 814 el

2129 754 2229 818 τῆς
2253 747 2474 840 ῥάχεως
2506 751 2611 826 γάρ
2641 749 2782 806 ἐστιν
2815 751 2931 814 ἑνὸς
2962 749 3150 808 ὀστέου
3188 751 3436 824 τελευτή.
3474 752 3798 828 Ἐντέτμη-

367 835 578 930 capitis
598 859 851 914 formam
873 835 1349 928 tenet,quamdiu
1371 835 1634 910 nonihiat
1651 869 1662 906 :
1677 851 1776 907 ubi
1792 852 1999 917 ωσι,ὶο

2127 859 2217 894 ται
2249 835 2306 894 δὲ
2335 835 2537 904 ἄνωθεν
2583 840 2658 902 ὡς
2692 842 2748 895 αἱ
2775 846 2883 894 τῶν
2915 841 3154 914 πριόνων
3214 840 3406 914 ἀκμαὶ,
3441 843 3528 897 καί
3585 841 3788 899 τύπτει

377 929 504 1003 tum
526 953 700 1020 caput
725 947 845 1002 oris
869 948 997 1002 loco
1020 952 1111 1002 est
1127 953 1185 1001 et
1200 963 1388 1016 usque
1409 945 1484 1000 ad
1504 945 1783 999 humeros
1813 939 2012 1012 pandi-

2130 930 2182 984 ἐν
2239 933 2421 1002 ταυτῷ
2457 930 2548 984 καὶ
2595 931 2972 1004 τραυματίζει.
3021 931 3084 987 Ἦ
3138 929 3349 1008 κεφαλὴ
3411 929 3468 986 δὲ
3524 953 3795 1009 προσηρ-

366 1017 666 1093 tur.Aliud
699 1037 1128 1092 animalculum
1161 1043 1249 1091 est
1278 1035 1520 1090 nomine
1545 1029 1933 1104 hydris,quod
1966 1033 2012 1083 el

2133 1021 2378 1095 μοσμένη
2438 1024 2554 1084 τοῖς
2599 1017 2778 1095 ὥμοις
2835 1019 2924 1075 καὶ
2983 1018 3322 1094 ἐξισουμένη·
3381 1022 3470 1077 καὶ
3524 1020 3607 1102 ἐφ’
3650 1021 3790 1079 ὅσον

365 1125 542 1196 hylus
573 1125 1012 1194 dicitur,forma
1031 1125 1354 1180 canina.Ea
1383 1123 1586 1194 hydris
1617 1121 1741 1176 luto
1765 1136 1893 1175 sese
1915 1117 2012 1174 ob-

2135 1111 2228 1186 μὲν
2261 1109 2326 1165 οὐ
2382 1109 2608 1184 κέχηνε,
2664 1109 2860 1182 θηρίου
2916 1109 3323 1196 κεφαλὴ-ἐστιν,
3355 1109 3482 1166 έπδιν
3516 1109 3573 1166 δὲ
3603 1113 3784 1191 χάνῃ,

361 1213 703 1281 volvens,in
736 1213 1018 1270 crocodili
1051 1213 1403 1269 dormientis
1429 1212 1584 1284 (eam
1616 1209 1776 1266 enim
1805 1224 2012 1281 oppor-

2131 1197 2238 1271 ὅλη
2269 1199 2472 1275 γίνεται
2504 1199 2680 1272 στόμα
2727 1197 2896 1274 μέχρι
2951 1203 3060 1277 τῶν
3117 1193 3286 1272 ὤμων
3319 1197 3547 1256 ποιοῦσα
3574 1202 3638 1256 τὸ
3671 1202 3800 1277 χά-

363 1304 676 1359 tunitatem
736 1308 993 1376 captat:
1049 1302 1386 1358 crocodilus
1447 1301 1609 1356 enim
1683 1299 1830 1364 hiat,
1887 1313 2012 1352 cum

2129 1309 2259 1362 σμα.
2321 1293 2468 1346 Ζῶον
2523 1286 2728 1376 δέγέστι
2789 1289 2981 1364 μικρὸν
3013 1293 3050 1360 ἡ
3081 1286 3258 1376 ὓδρις,
3303 1291 3424 1360 ἣτις
3480 1293 3568 1346 καὶ
3603 1289 3786 1354 ὕλλος

363 1409 641 1448 somnum
670 1375 849 1464 capit)
881 1409 946 1448 os
979 1391 1190 1458 insilit,
1225 1397 1284 1447 et
1311 1407 1552 1447 corroso
1608 1388 1738 1460 ejus
1795 1390 2012 1450 ventre,

2132 1375 2368 1454 λέγεται,
2398 1378 2558 1440 κυνὸς
2577 1375 2783 1454 έχουσα
2811 1379 3050 1456 μορφήν.
3104 1375 3252 1448 Αὕτη
3307 1379 3384 1442 εἷς
3437 1377 3620 1451 πηλὸν
3679 1401 3789 1436 κυ-

361 1479 564 1552 itaque
584 1481 776 1538 bestia
807 1486 1074 1551 enecata,
1109 1497 1214 1553 per
1245 1497 1426 1536 anum
1461 1479 1599 1534 exit.

2133 1467 2426 1542 λισαμένη,
2465 1467 2798 1543 έπιτηροῦσά
2841 1488 2901 1522 τε
2925 1468 3020 1522 τὸν
3049 1465 3402 1542 κροκόδειλον
3429 1465 3792 1541 καθεύδοντα,

371 1566 605 1640 εἰσπηδᾷ
635 1565 725 1624 διὰ
751 1573 848 1624 τοῦ
878 1569 1151 1643 στόματος
1183 1567 1347 1624 αὐτοῦ
1379 1567 1655 1642 (κεχηνὼς
1683 1565 1786 1641 γὰρ
1851 1565 1880 1618 6
1929 1559 2286 1638 κροκόδειλος
2352 1555 2624 1632 καθεύδει)
2685 1557 2762 1620 εἰς
2817 1559 2918 1628 τήν
2978 1558 3213 1635 γαστέρα
3262 1557 3458 1614 τούτου
3511 1557 3783 1635 χωροῦσα

359 1659 450 1713 καὶ
475 1657 678 1728 ταύτην
711 1656 1112 1734 διαρῥήσσουσα
1143 1656 1418 1736 ἐξέρχεται
1450 1653 1540 1728 διά
1567 1663 1668 1726 τῆς
1696 1651 1856 1730 ἕδρας
1887 1653 2260 1720 ἆπονεκρυῦσα
2289 1650 2472 1736 αὐτόν..

432 1750 602 1804 Anno
636 1752 726 1814 l9,
759 1748 854 1804 die
913 1749 1242 1816 Paschatis,
1303 1747 1524 1820 Sephia
1576 1747 1838 1818 Augusta
1866 1759 2015 1800 uxor

360 1837 578 1892 Justini
608 1841 666 1892 et
695 1838 1084 1894 Constantina
1105 1854 1256 1892 uxor
1285 1835 1546 1892 Mauricii
1571 1833 1892 1908 pretiosam
1914 1831 2014 1888 ad-

2193 1743 2290 1813 Τῷ
2327 1739 2391 1804 ιθ“
2433 1733 2562 1810 ἔτει,
2615 1741 2713 1793 τοῦ
2764 1735 2925 1812 ἁγίου
2981 1734 3197 1810 Πάσχα,
3255 1735 3432 1814 Σοφία
3488 1735 3788 1812 Αύγοῦστα

2121 1829 2157 1898 ἡ
2215 1830 2350 1904 γυνή
2448 1825 2764 1890 Ἰουστίνου,
2856 1825 2970 1898 ἅμα
3023 1829 3401 1896 Κωνσταντινᾳ
3442 1827 3514 1900 τῇ
3559 1827 3780 1902 γυναικὶ

359 1925 606 1982 modum
639 1943 925 1994 coronam
960 1927 1349 1983 confecerunt
1378 1942 1446 1981 ac
1476 1922 1818 1996 imperatori
1841 1921 2012 1978 obtu-

2123 1919 2434 1992 Μαυρικίου
2462 1960 2482 1990 ,
2545 1917 2763 1990 στέμμα
2827 1914 3290 1970 κατασκευάσασαι
3351 1913 3646 1990 ὑπέρτιμον
3696 1919 3786 1988 τῷ

356 1999 578 2070 Ierunt.
613 2017 800 2080 Quam
832 2033 968 2072 cum
1013 2019 1342 2088 spectasset
1401 2015 1745 2086 imperator,
1778 2013 1840 2067 in
1883 2028 2010 2068 ma-

359 2097 540 2178 gnum
575 2105 865 2178 templum
897 2105 1132 2174 detulit,
1165 2106 1366 2176 ibique
1397 2120 1578 2176 supra
1607 2119 2011 2158 sacrammen-

361 2211 487 2249 sam
525 2195 637 2248 Deo
669 2193 951 2250 dedicans
993 2194 1321 2267 suspendit.
1385 2195 1532 2248 Pace
1604 2193 1754 2248 702
1810 2196 2012 2248 autem

353 2299 491 2337 cum
551 2283 824 2338 Barbaris
877 2283 1142 2350 confusa,
1203 2299 1439 2338 rursum
1497 2282 1806 2354 Chaganus
1866 2281 2012 2336 fines

353 2374 759 2431 Romanorum
787 2371 1048 2439 intravit,
1085 2377 1144 2427 et
1173 2377 1427 2444 quatuor
1475 2373 1598 2427 suis
1627 2370 1768 2426 ﬁliis
1799 2371 2014 2427 exerci-

357 2466 452 2518 tus
485 2461 941 2532 tribuit,quibus
975 2463 1292 2518 transitum
1322 2464 1453 2518 Istri
1488 2463 1874 2519 custodirent.
1897 2461 2012 2520 Sed

356 2551 608 2606 Romani
639 2550 867 2606 ratibus
896 2551 1184 2606 confectis
1214 2552 1458 2608 ﬂuvium
1503 2553 1963 2608 transmiserunt
1993 2568 2008 2618 ;

360 2639 688 2713 pra-lioque
724 2655 1078 2711 congressus
1108 2656 1240 2695 cum
1273 2641 1529 2712 (‘hagani
1583 2641 1724 2698 filiis
1753 2643 2008 2710 Priscus,

362 2729 523 2802 quod
554 2728 626 2784 ab
657 2745 873 2784 aurora
902 2729 977 2785 ad
1000 2746 1304 2802 vesperam
1336 2747 1526 2802 usque
1561 2731 1809 2798 duravit,
1863 2749 2010 2804 qua-

357 2825 490 2874 tuor
518 2818 913 2874 Barbarorum
940 2819 1131 2874 millia
1153 2820 1390 2888 occidit,
1421 2821 1524 2875 300
1580 2837 1823 2877 suorum
1854 2821 2007 2878 desi-

357 2907 597 2964 deratis.
635 2908 928 2963 Postridie
961 2909 1088 2980 ejus
1122 2908 1239 2964 diei
1272 2925 1478 2964 rursus
1509 2910 1540 2964 8
1567 2909 1762 2966 millia
1795 2911 2008 2968 Barba-

354 3016 558 3062 rorum
592 2998 910 3054 interfecit.
939 2999 1140 3054 Tertia
1163 2999 1258 3054 die
1290 3000 1538 3056 Romani
1578 2999 1652 3055 de
1703 3002 2007 3072 superiore

352 3087 483 3143 loco
517 3087 578 3142 in
617 3087 904 3143 Barbaros
937 3089 1262 3154 irruerunt,
1297 3105 1517 3160 eosque
1545 3089 1710 3145 fusos
1740 3089 1802 3144 in
1848 3091 2012 3162 palu-

355 3177 491 3232 dem
525 3177 968 3248 compulerunt,
993 3178 1330 3248 multosque
1357 3178 1438 3232 ibi
1462 3179 2012 3249 suﬂ‘ocarunt,inter

2124 2007 2344 2083 βασιλεῖ
2386 2007 2760 2083 προσήγαγον.
2817 2005 2878 2078 Ὀ
2931 2000 2990 2059 δὲ
3050 2001 3306 2080 βασιλεὺς
3359 2007 3522 2060 τοῦτο
3581 2004 3788 2068 θεασά-

2122 2123 2302 2176 μενος,
2357 2099 2612 2166 ἀπελθὼν
2681 2099 2733 2154 ἐν
2778 2101 2848 2175 τῇ
2907 2097 3140 2174 Μεγάλῃ
3199 2097 3502 2169 Ἐκκλησία
3530 2104 3610 2172 τῷ
3659 2103 3786 2170 Θεῷ

2117 2195 2278 2246 τοῦτο
2310 2191 2652 2266 προσήγαγε,
2701 2185 2974 2261 κρεμάσας
3025 2185 3206 2242 ἐπάνω
3261 2193 3362 2256 τῆς
3419 2185 3576 2264 ἁγίας
3631 2207 3780 2263 τρα-

2117 2278 2306 2350 πέζης.
2337 2278 2606 2348 Αυθείσης
2645 2274 2704 2332 δὲ
2741 2282 2842 2346 τῆς
2899 2275 3034 2349 πρὸς
3087 2274 3216 2337 τοὺς
3273 2269 3592 2350 Βαρϐάρους
3618 2274 3781 2350 εἲρή-

2118 2389 2238 2440 νης,
2269 2365 2434 2423 πάλιν
2469 2369 2497 2422 6
2527 2366 2773 2444 Χαγάνος
2822 2363 2911 2420 ἐπὶ
2959 2365 3027 2420 τά
3079 2365 3362 2440 Ῥωμαϊκᾶ
3415 2371 3612 2445 χωρεῖ.
3644 2367 3784 2427 Τοῖς

2119 2455 2178 2514 δὲ
2205 2458 2486 2533 τέσσαρσιν
2518 2455 2682 2512 αὐτοῦ
2739 2455 2880 2516 υἱοῖς
2938 2451 3214 2528 παραδοὺς
3274 2455 3456 2530 ἑτέρας
3516 2451 3776 2528 δυνάμεις

2116 2549 2424 2623 παρέστησε
2452 2549 2706 2626 φρουρεῖν
2759 2545 2857 2606 τάς
2919 2539 3194 2606 διαϐάσεις
3251 2547 3348 2598 τοῦ
3402 2545 3640 2620 Ἴστρου.
3700 2547 3774 2604 Οἱ

2119 2635 2178 2692 δὲ
2204 2639 2475 2711 Ῥωμαῖοι
2507 2632 2730 2712 σχεδίας
2757 2635 3083 2704 ποιήσαντες
3134 2632 3226 2687 τὸν
3281 2634 3532 2707 ποταμὸν
3589 2631 3772 2690 διεπέο

2118 2746 2304 2802 ρασαν·
2359 2726 2451 2782 καὶ
2507 2724 2642 2800 μετᾶ
2678 2729 2786 2781 τῶν
2821 2725 2951 2779 υἱῶν
3010 2727 3108 2779 τοῦ
3175 2724 3416 2798 Χαγάνου
3473 2719 3773 2799 συμϐαλὼν

2119 2817 2147 2872 6
2181 2816 2416 2891 Πρίσκος
2444 2815 2551 2871 ἀπὸ
2608 2813 2756 2888 πρωΐ
2819 2809 2922 2876 ἕως
2977 2811 3228 2887 ἑσπέρας,
3277 2813 3606 2887 τριακοσίων
3633 2814 3761 2870 Ῥω-

2121 2904 2261 2979 μίων
2321 2905 2702 2980 ἀναιρεθέντων
2739 2947 2754 2973 ,
2794 2901 3058 2978 τέσσαρας
3144 2899 3402 2977 χιλιάδας
3479 2909 3586 2960 τῶν
3631 2909 3755 2974 Βαρ-

2117 2991 2299 3066 ϐάρων
2333 2990 2528 3062 ὤλεσε,
2581 2992 2672 3049 καὶ
2702 2995 2772 3066 τῇ
2803 2990 3031 3068 ἐπιούσῃ
3099 2991 3264 3049 πάλιν
3319 2993 3465 3050 ὀκτὼ
3514 2989 3767 3072 χιλιάδας

2114 3088 2223 3140 τῶν
2261 3079 2552 3158 Βαρϐάρων
2597 3081 2797 3138 ἀνεῖλε.
2851 3083 2934 3156 Τῇ
2966 3078 3024 3136 δὲ
3071 3083 3230 3158 τρίτῃ
3262 3081 3321 3138 ἐκ
3351 3087 3460 3140 τῶν
3496 3085 3768 3160 ὑψηλοτέ-

2117 3194 2225 3249 ρων
2255 3175 2310 3228 oi
2341 3175 2608 3247 Ῥωμαῖοι
2649 3172 2786 3246 πρὸς
2816 3170 2942 3233 τοὺς
2982 3171 3068 3246 [Ρ.
3102 3174 3229 3246 401]
3271 3167 3590 3249 Βαρϐάρους
3621 3175 3775 3251 ἐχώ-

358 3282 506 3336 quos
537 3265 702 3320 fuere
729 3266 984 3336 Chagani
1018 3266 1196 3321 etiam
1218 3265 1344 3320 filii.
1373 3266 1592 3321 lllustri
1619 3267 1864 3324 victoria
1883 3275 2004 3324 tum

2120 3281 2284 3338 ρησαν
2369 3260 2458 3316 καὶ
2537 3259 2764 3322 τούτους
2821 3260 3114 3334 τρέψαντες
3163 3257 3251 3316 ἐπὶ
3327 3261 3394 3316 τά
3450 3259 3617 3318 ὑδατα
3673 3267 3775 3333 τῆς

353 3355 560 3426 petitis
591 3355 894 3420 Romanis,
927 3371 1166 3410 rursum
1199 3355 1510 3428 Chaganus
1543 3373 1754 3429 magno
1785 3364 2016 3415 contra-

356 3448 449 3498 cto
508 3444 770 3497 exercitu
817 3443 1100 3498 adversus
1154 3460 1256 3500 eos
1332 3445 1774 3516 proficiscitur;
1833 3464 2014 3519 quem

357 3532 594 3587 Priscus
649 3549 1000 3606 congressus
1048 3549 1248 3604 pugna
1293 3533 1466 3604 fudit,
1507 3534 2013 3608 illustrioremque

365 3623 564 3694 priore
597 3623 902 3678 victoriam
933 3623 1270 3694 reportavit.
1303 3623 1464 3678 Idem
1494 3623 1730 3681 Priscus
1760 3631 2015 3697 quatuor

363 3711 556 3767 millia
586 3711 972 3776 instruxit,ae
1003 3713 1233 3768 Tissum
1265 3729 1504 3768 amnem
1533 3714 1790 3770 transire
1805 3715 2008 3786 jussit,

363 3802 619 3858 tentoria
651 3802 1043 3858 Barbarorum
1077 3803 1466 3874 speculatum.
1501 3804 1741 3860 Barbari
1766 3809 1888 3862 tum
1921 3823 2013 3862 eo-

359 3906 492 3944 rum
522 3905 653 3958 quae
682 3895 848 3960 gesta
879 3894 1048 3944 erant
1080 3890 1265 3962 ignari
1299 3891 1479 3946 festos
1509 3891 1637 3948 dies
1667 3893 1920 3966 agebant
1942 3912 2011 3950 ac

361 3979 800 4050 compotabant.
836 3981 1039 4050 Itaque
1099 3997 1199 4035 eos
1257 3981 1635 4053 inopinantes
1673 3983 1865 4039 adorti
1895 3987 2007 4041 Ro-

360 4068 522 4124 mani
555 4069 776 4141 ingenti
807 4069 974 4124 clade
1005 4071 1366 4126 affecerunt:
1401 4071 1569 4128 caesis
1592 4072 1750 4128 enim
1781 4076 1850 4129 30
1870 4074 2008 4130 mil-

357 4157 517 4214 libus
550 4159 907 4230 Gepidarum
939 4159 1309 4231 aliorumque
1356 4161 1764 4234 Barbarorum,
1797 4181 2012 4237 magna

359 4264 492 4304 cum
525 4249 723 4320 praeda
761 4249 834 4304 ad
894 4250 1163 4305 Priscum
1219 4256 1358 4305 sunt
1402 4251 1640 4307 reversi.
1699 4253 2008 4325 Chaganus

359 4337 554 4393 denuo
581 4339 868 4410 reparatis
902 4339 1110 4410 copiis,
1141 4338 1216 4394 ad
1265 4338 1480 4396 Istrum
1512 4357 1647 4397 cum
1677 4343 2007 4413 accederet,

359 4445 556 4499 pugna
577 4427 762 4484 victus
789 4433 898 4496 est,
933 4427 1286 4498 Barbarique
1318 4429 1380 4484 in
1411 4429 1586 4486 ﬂuvio
1613 4431 1928 4504 submersi,
1953 4439 2012 4490 et

362 4532 497 4571 cum
529 4517 621 4571 his
651 4532 866 4589 magna
898 4515 1268 4572 Slavinorum
1299 4518 1640 4576 multitudo.
1668 4521 1790 4576 Vivi
1811 4522 1874 4576 in
1903 4539 2010 4594 po-

2124 3351 2330 3428 λίμνης
2385 3349 2621 3422 ἤλασαν,
2651 3347 2902 3412 πολλοὺς
2933 3349 2986 3422 ἐξ
3038 3349 3216 3406 αὐτῶν
3263 3352 3670 3427 ἀποπνίξαντες,
3725 3353 3783 3410 ἐν

2123 3429 2224 3506 οἷς
2261 3443 2351 3498 καὶ
2409 3443 2463 3496 οὶ
2509 3445 2604 3496 τοῦ
2661 3442 2912 3516 Χαγάνου
2969 3437 3158 3503 παῖδες
3215 3441 3618 3518 ἀπεπνίγησαν,
3687 3445 3782 3500 καὶ

2119 3535 2275 3605 νίκην
2327 3533 2378 3588 οἱ
2435 3533 2702 3605 Ῥωμαῖον
2760 3536 3028 3607 περιφανῆ
3086 3528 3432 3603 ἀνεδήσσντο.
3477 3535 3538 3591 Ὁ
3569 3530 3627 3589 δὲ
3661 3536 3778 3592 Χα.

2121 3625 2286 3704 γάνος
2345 3623 2512 3680 πάλιν
2596 3623 2944 3697 συναθροίσας
3033 3620 3290 3696 δυνάμεις
3345 3623 3584 3696 πολλάς,
3640 3627 3784 3684 κατᾶ

2119 3712 2408 3788 Ῥωμαίων
2435 3711 2594 3782 ἦλθε.
2643 3710 2901 3784 Πολέμου
2955 3709 3014 3766 δὲ
3056 3713 3428 3786 ’κροτηθέντος
3488 3707 3782 3790 τρέπονται

2119 3804 2172 3860 οἱ
2222 3797 2496 3878 Βάρϐαροι
2555 3801 2646 3856 καὶ
2703 3800 2859 3870 νίκην
2917 3804 3198 3856 ποιοῦνται
3255 3802 3528 3876 Ῥωμαῖοι
3589 3807 3776 3858 πασῶν

2118 3891 2540 3967 ἐπισημοτέραν.
2573 3891 2638 3948 Ὀ
2670 3887 2727 3945 δὲ
2761 3886 3284 3966 ΙΙρίσκοςὶτέσσαρας
3337 3888 3596 3966 χιλιάδας
3649 3913 3776 3947 συν-

2115 3983 2275 4056 τάξας
2299 3982 2393 4037 τὸν
2425 3979 2622 4038 Τίσσον
2663 3980 2908 4052 ποταμὸν
2958 3983 3193 4058 περᾶιραι
3258 3979 3532 4036 ἐκέλευσεν
3588 3981 3664 4044 εἰς
3710 3982 3774 4037 τὸ

2115 4077 2526 4140 κασασκοπῆσαι
2567 4069 2632 4124 τὰ
2685 4073 2793 4124 τῶν
2860 4063 3153 4144 Βαρϐάρων
3225 4070 3560 4144 σκηνώματα
3590 4071 3660 4129 Οἱ
3711 4069 3771 4127 δὲ

2115 4155 2414 4238 Βάρϐαρυι,
2451 4155 2620 4232 μηδὲν
2645 4162 2754 4214 τῶν
2779 4159 3086 4234 γεγονότων
3133 4155 3452 4234 ἐγνωκότες,
3485 4159 3768 4236 έορτάζυνο

2115 4272 2202 4314 τες
2233 4249 2656 4324 έσυμποσίαζον.
2716 4245 2952 4309 Τούτοις
3011 4247 3064 4302 οἱ
3119 4247 3390 4320 Ῥωμαῖοι
3441 4247 3771 4324 άπροόπτως

2115 4338 2522 4398 ἐπεισπεσόντες
2558 4335 2810 4412 μέγιστον
2859 4337 3025 4414 φόνον
3087 4335 3422 4412 εἰργάσαντο·
3478 4338 3772 4413 τριάκοντα

2113 4434 2215 4506 γὰρ
2273 4425 2537 4505 χιλιάδας
2593 4423 2854 4497 Γηπέδων
2916 4425 3004 4480 καὶ
3068 4424 3263 4501 ἑτέρων
3325 4423 3620 4502 βαρϐάρων
3677 4428 3773 4482 ἀπ-

2117 4521 2377 4588 έκτειναν,
2409 4518 2500 4573 καὶ
2523 4515 2788 4588 πλείστην
2816 4512 3204 4590 αἰχμαλωσίαν
3238 4511 3498 4580 λαϐόντες
3524 4518 3661 4594 πρὸς
3677 4517 3769 4573 τὸν

359 4609 635 4660 testatem
667 4607 1067 4660 Romanorum
1099 4612 1390 4662 venerunt
1421 4611 1560 4663 3200
1597 4611 1834 4680 Avares,
1877 4613 2010 4668 Bar-

2122 4611 2352 4684 Πρίσιιον
2413 4609 2768 4683 ὑπέστρεψαν.
2812 4606 2873 4663 Ὀ
2903 4602 2960 4661 δὲ
2991 4607 3234 4682 Χαγάνος
3289 4605 3456 4662 πάλιν
3517 4605 3770 4706 δυνάμεις

357 4694 487 4750 bari
517 4695 664 4750 708
698 4697 858 4749 2000.
919 4695 1226 4767 Cliaganus
1276 4711 1412 4751 cum
1459 4698 1684 4770 legatos
1741 4706 2012 4772 repetun-

2122 4699 2377 4776 ἀθροίσας
2436 4697 2522 4752 ἔιπῖ
2581 4697 2675 4752 τὸν
2727 4697 2938 4770 Ἴστρον
3003 4696 3370 4772 παραγίνεται,
3419 4697 3510 4752 καὶ
3563 4693 3770 4771 συμϐαι

354 4783 566 4840 dorum
642 4784 1008 4856 captivorum
1066 4801 1247 4840 causa
1322 4786 1605 4853 misisset,
1692 4789 2005 4848 Mauricius

2120 4789 2310 4852 λόντες
2341 4787 2588 4860 πόλεμον
2643 4787 2914 4857 ἡττῶνται
2967 4785 3022 4840 οἱ
3066 4779 3338 4861 Βάρϐαροι
3395 4785 3486 4842 καὶ
3545 4785 3623 4850 εἰς
3676 4787 3762 4842 τὸν

355 4873 621 4930 nondum
650 4878 892 4945 accepto
923 4879 1044 4930 tam
1062 4873 1316 4929 illustris
1329 4874 1590 4931 victoria:
1605 4878 1816 4934 nuntio
1837 4879 2005 4936 reddi

2120 4879 2362 4952 ποταμὸν
2414 4875 2826 4951 ἀποπνίγονται.
2917 4871 3366 4931 Συναπὸλλυνται
3449 4872 3508 4930 δὶ
3557 4875 3768 4940 τούτοις

363 4980 462 5020 eos
484 4963 690 5037 jussit.
2113 4968 2204 5025 καὶ
2239 4961 2560 5032 Σθλαϐίνων
2624 4961 2838 5036 πλήθη,
2900 4966 3104 5026 Ζῶντες
3153 4959 3212 5020 δὲ
3267 4962 3568 5040 ἒκράτησαν
3601 4960 3767 5023 Ἀϐα-

363 5071 459 5126 ρας
488 5054 582 5126 μὲν
615 5053 730 5128 ιγσ’,
762 5046 1080 5127 Βαρϐάρους
1115 5048 1173 5106 δὲ
1314 5052 1376 5109 Ὁ
1419 5049 1478 5108 δὲ
1506 5055 1764 5131 Χαγάνος
1793 5053 2046 5133 πρέσϐεις
2073 5059 2212 5136 πρὸς
2240 5057 2332 5112 τὸν
2367 5051 2592 5130 βασιλέα
2654 5050 2986 5125 ἀπέστειλεν,
3043 5047 3408 5109 ἀναλαϐέσθαι
3477 5053 3604 5117 τοὺς
3665 5059 3765 5123 ζω-

361 5144 663 5216 γρηθέντας
697 5139 1058 5217 βουλόμενος.
1087 5141 1145 5195 ’0
1175 5137 1231 5196 δὲ
1263 5140 1568 5217 Μαυρίκιος
1622 5146 1794 5217 μήπω
1854 5150 2040 5222 μαθὼν
2068 5151 2170 5220 τήν
2227 5151 2492 5225 περιφανῆ
2553 5147 2663 5199 τῶν
2694 5141 2982 5216 Ῥωμαίων
3035 5141 3215 5214 νίκην,
3272 5143 3468 5221 γράφει
3525 5148 3606 5216 τῷ
3637 5142 3764 5219 Πρί-

359 5252 473 5304 σκῳ
501 5228 798 5287 ἀποδοῦναι
828 5233 910 5303 τῷ
933 5229 1167 5306 Χαγάνῳ
1203 5228 1332 5294 τοὺς
1375 5226 1684 5308 Βαρϐάρους
1713 5233 1803 5290 καὶ
1835 5237 2058 5308 μόνους.

427 5321 650 5376 Eodem
703 5338 884 5390 anno,
933 5322 1260 5378 monachus
1319 5321 1585 5396 quidam,
1643 5327 1814 5399 cujus
1877 5328 2010 5384 vitae

2189 5328 2284 5400 Τῷ
2321 5321 2472 5397 αὒτῷ
2498 5318 2627 5391 ἔτει,
2663 5319 2908 5397 μοναχός
2941 5341 3024 5384 τις
3083 5319 3136 5376 ἐν
3168 5321 3388 5393 ἀσκήσει
3421 5319 3748 5398 διαλάμπων

359 5408 706 5466 exercitatio
737 5409 984 5464 illustris
1009 5416 1167 5477 erat,
1197 5411 1469 5468 strictum
1498 5412 1763 5486 gladium
1795 5420 2010 5475 tenens

2120 5417 2330 5486 σπάθην
2369 5415 2447 5489 (8)
2499 5413 2714 5487 γυμνὴν
2759 5413 2997 5486 κρατῶν,
3056 5409 3160 5466 ἀπὸ
3214 5413 3314 5468 τοῦ
3369 5410 3542 5490 φόρου
3601 5415 3768 5494 μέχρι

1582 5541 1947 5598 XYLANDRI
1985 5543 2072 5598 ET
2109 5540 2329 5598 GOARI
2368 5539 2598 5598 NOTAE.

435 5621 510 5693 (8)
547 5619 832 5688 Isidorus,
859 5638 1011 5691 xvm,
1043 5626 1076 5678 6
1111 5639 1124 5678 :
1155 5627 1393 5694 framea,
1425 5627 1648 5698 gladius
1676 5646 1746 5684 ea:
1809 5637 2012 5702 utraqu

363 5691 714 5766 rhomphea.
746 5693 920 5751 Gem.

2120 5638 2262 5688 iam
2289 5637 2484 5692 acutus
2539 5645 2708 5708 quam
2731 5628 2896 5698 uulgo
2923 5626 3183 5700 spatham
3237 5634 3460 5697 vocant,
3519 5627 3646 5702 ipsa
3695 5637 3770 5690 est
