4126 6296
360 401 490 462 ’169

1473 399 2023 467 HISTORIARUM
2068 400 2624 465 COMPENDIUM.

3654 387 3771 467 ’Πὸ

350 540 459 603 τῆς
495 528 714 602 Χαλκῆς
744 533 979 607 ξιφήρης
1012 530 1328 609 διαδραμὼν
1364 535 1456 589 τὸν
1490 533 1864 609 αὐτοκράτορα
1889 537 2005 594 τοῖς

2123 548 2157 587 a
2183 533 2310 587 foro
2342 551 2530 604 usque
2551 534 2624 590 ad
2647 542 2890 591 Eneam
2913 542 3144 608 portam
3168 538 3768 609 procurrit,omnibus

358 626 526 678 πᾶσιν
573 622 625 676 έν
678 622 829 699 φόνῳ
885 623 1163 698 μαχαίρας
1205 623 1548 694 τεθνήξεσθαι
1581 623 2012 698 προηγόρευσεν.

354 709 608 785 Ὁμοίως
662 711 752 765 καὶ
807 709 1131 785 Ἡρωδιανὸς
1193 711 1480 787 Μαυρικίῳ
1539 711 1614 774 εἷς
1666 712 1730 766 τὸ
1788 711 2013 790 φανερὸν

359 798 797 875 προσανήγγειλε
849 801 917 855 τὰ
970 800 1149 873 τούτῳ
1204 796 1613 874 συμϐησόμενα.
1670 795 1801 854 Τότε
1838 800 1930 854 καὶ
1960 800 2014 855 οἱ

358 889 533 960 δῆμοι
568 886 733 962 ἄνδρα
769 890 1076 964 παρόμοιον
1128 894 1210 962 τῷ
1271 890 1558 964 Μαυρικίῳ
1588 894 1826 965 Μαῦρον,
1858 909 2013 965 περι-

360 973 627 1040 ϐαλόντες
684 978 844 1052 σάγον
902 979 992 1034 καὶ
1050 978 1306 1057 στέφανον
1362 978 1654 1051 πλέξαντες
1687 981 1792 1036 ἀπὸ
1823 981 2013 1055 σκορό-

363 1065 475 1123 δων
506 1069 595 1122 καὶ
623 1070 694 1142 τῇ
726 1067 891 1123 αὐτοῦ
948 1068 1251 1142 περιθέντες
1306 1069 1539 1148 κεφαλῇ,
1594 1068 1703 1142 ὄνῳ
1729 1090 1789 1125 τε
1817 1074 2011 1125 τοῦτον

363 1154 772 1216 ἐπικαθίσαντες
822 1150 1061 1228 ἔπαιζον,
1114 1157 1344 1233 Εὕρηκε,
1398 1157 1671 1234 λέγοντες,
1700 1159 1799 1228 τήν
1835 1156 2012 1231 δαμά-

366 1244 473 1316 λην
504 1242 746 1315 ἁπαλὴν,
778 1245 866 1300 καὶ
902 1245 975 1306 ὡς
1004 1246 1067 1300 τὸ
1114 1246 1300 1300 καινὸν
1346 1242 1666 1322 ἆλεκτὸριον
1696 1244 2010 1317 πεπήδηκεν

369 1334 561 1403 αὐτὴν,
590 1332 682 1388 καὶ
740 1330 963 1404 ἐποίησε
1017 1331 1208 1389 παιδία
1265 1335 1338 1397 ὡς
1396 1334 1464 1390 τὰ
1519 1333 1881 1409 ξυλοκώδωνα

359 1424 521 1499 *Αγιέ
578 1445 704 1497 μου.
753 1421 895 1500 ἆγιε,
956 1419 1049 1487 δὸς
1108 1424 1254 1498 αὐτῷ
1307 1426 1443 1481 κατὰ
1499 1426 1744 1500 κρανίου,
1800 1427 1893 1482 ἳνα
1935 1428 2011 1500 μή

360 1512 743 1588 ὗπεραίρηται’
778 1512 932 1591 κάγώ
991 1534 1077 1568 σοι
1133 1515 1225 1569 τὸν
1284 1515 1449 1589 μέγαν
1509 1516 1636 1591 βοῦν
1682 1516 2013 1592 προσαγάγω

360 1603 440 1664 εἰς
473 1600 660 1680 εὐχήν.
712 1607 950 1659 Τοιαῦτα
1009 1603 1104 1676 μὲν
1159 1603 1224 1661 τὰ
1279 1604 1426 1678 παρᾶ
1455 1608 1553 1659 τοῦ
1584 1602 1786 1678 δήμου.
1822 1606 1916 1659 Καὶ
1952 1603 2015 1659 οὐ

356 1694 631 1766 περιττῶς
665 1691 1143 1765 ὑπεμνηματίσθη,
1174 1690 1308 1747 ἀλλ’
1342 1693 1417 1747 ’ἶν’
1468 1690 1701 1766 εἰδῶμεν
1752 1694 1826 1755 ὡς
1871 1693 2015 1749 ἐπει·

359 1778 459 1836 δάν
492 1801 575 1844 τις
605 1780 880 1857 παροξύνῃ
934 1781 1026 1837 τὸν
1084 1778 1374 1855 δεσπότην,
1417 1787 1535 1845 τοῖς
1566 1782 1737 1838 αὺτοῦ
1766 1782 2014 1858 παίγνιον

354 1872 571 1946 γίνεται
603 1865 946 1933 συνδούλοις·
1150 1944 1151 1947 η

431 1965 528 2034 Τῷ
558 1961 791 2033 εἰκοστῷ
820 1956 947 2031 ἔτει,
1004 1959 1290 2018 Θεοδόσιον
1345 1965 1436 2018 τὸν
1493 1963 1612 2018 υἱὸν
1665 1962 1829 2019 αὐτοῦ
1882 1982 2008 2017 συνο

348 2054 464 2126 ἧψε
517 2051 656 2126 πρὸς
710 2051 889 2125 γάμον
938 2054 1006 2125 τῇ
1065 2052 1292 2128 θυγατρὶ
1351 2056 1624 2128 Γερμανοῦ
1672 2057 1770 2108 τοῦ
1813 2072 2006 2126 πατρι-

345 2136 629 2211 κίου.Τῷ
659 2140 811 2211 αὖτῷ
868 2132 975 2195 ἔτει
1036 2140 1338 2214 Μαυρίκιος
1398 2140 1453 2196 ἐν
1510 2141 1655 2213 αὐτῷ
1696 2141 2006 2217 γενόμενος,

349 2231 448 2287 καὶ
479 2230 733 2303 ἐννοήσας
760 2229 845 2286 ὅτι
872 2228 1024 2286 οὐδὲν
1057 2230 1148 2286 τὸν
1188 2232 1317 2286 Θεὸν
1366 2228 1633 2302 λανθάνει,
1666 2229 1815 2287 ἀλλὰ
1843 2235 2004 2288 πᾶσιν

354 2317 664 2376 ἀποδίδωσι
694 2320 831 2375 κατά
879 2312 1013 2396 ἔργα
1060 2321 1260 2390 αὐτῶν,
1312 2320 1402 2375 καὶ
1458 2318 1912 2395 ἐπιλογισάμενος
1943 2322 2004 2377 τὸ

339 2408 577 2487 σφάλμα
607 2409 637 2464 ὸ
668 2407 922 2480 ἐποίησεν
970 2409 1046 2471 εἷς
1099 2410 1199 2478 τήν
1258 2409 1672 2488 αἰχμαλωσίαν,
1704 2411 1780 2483 μή
1816 2409 2004 2485 ἐξαγο-

350 2499 521 2574 ράσας
587 2498 780 2566 αὐτὴν,
838 2497 1126 2578 συμφέρειν
1189 2496 1391 2575 ἔκρινεν
1450 2498 1597 2573 αὐτῷ
1652 2499 1705 2554 ἐν
1764 2504 1844 2571 τῷ
1901 2499 2005 2574 βίῳ

348 2586 535 2658 τούτῳ
594 2581 893 2641 ἀπολαϐεῖν
930 2588 1031 2655 τὴν
1089 2586 1356 2664 ἁμαρτίαν
1410 2591 1492 2661 [Ρ.
1525 2592 1652 2662 402]
1694 2589 1785 2643 καὶ
1838 2589 1914 2663 μή
1949 2588 2000 2643 ἐν

351 2680 438 2748 τῷ
500 2674 777 2748 μέλλοντι.
841 2677 941 2733 Καὶ
1000 2679 1235 2749 ποιήσας
1295 2676 1506 2749 δεήσεις
1561 2679 1862 2758 ἐγγράφους
1902 2676 2001 2734 ἃπ-

358 2764 567 2821 έστειλε
630 2765 762 2842 πρὸς
826 2768 1002 2822 πάντα
1074 2768 1423 2846 πατριάρχην
1486 2769 1576 2823 καὶ
1644 2774 1886 2847 μοναχὸν
1925 2768 2000 2831 εἷς

354 2855 535 2911 πάντα
585 2856 652 2910 τὰ
708 2857 1046 2932 μοναστήρια
1100 2857 1189 2912 καὶ
1248 2857 1322 2918 εἰς
1373 2858 1440 2912 τὰ
1495 2856 1870 2933 Ἱεροσόλυμα,
1910 2858 2004 2912 ἳνα

352 2943 689 3013 αἰτήσωνται
747 2944 838 2999 τὸν
894 2945 1020 3000 Θεὸν
1080 2945 1305 3001 ἐνταῦθα
1355 2945 1446 3002 καὶ
1502 2949 1578 3021 μή
1647 2948 1759 3002 ἐκεῖ
1810 2950 2000 3002 τοῦτον

349 3030 717 3102 κολασθῆναι.
778 3031 1224 3104 Ἐσκανδαλίζετο
1275 3034 1333 3091 δὲ
1383 3037 1473 3091 καὶ
1530 3036 1606 3099 είς
1661 3034 2001 3092 Φιλιππικὸν

353 3123 454 3178 τὸν
485 3116 733 3198 γαμϐρὸν
763 3121 951 3191 αὐτοῦ,
985 3124 1059 3186 ὡς
1087 3125 1149 3179 τὸ
1207 3130 1269 3201 φῖ
1322 3120 1470 3204 ἔχειν
1501 3125 1576 3189 εἷς
1608 3125 2002 3205 χρηματισμὸν

351 3212 448 3268 τὸν
513 3217 706 3267 τοῦτον
794 3212 1174 3287 ἀναιρήσοντα,
1242 3214 1421 3270 καίτοι
1508 3212 1784 3294 διαφόρως
1853 3215 2002 3287 αὐτῷ

355 3301 701 3358 Φιλιππικοῦ
768 3301 1076 3376 ὀμνυμένου
1137 3304 1213 3376 μὴ
1274 3298 1422 3379 ἔχειν
1492 3303 1544 3375 ἐξ
1600 3303 1766 3360 αὐτοῦ
1832 3299 2000 3382 φόϐον

355 3389 499 3445 τινά.
557 3390 778 3444 Πάντων
836 3390 927 3444 οὗν
982 3390 1107 3463 περὶ
1162 3392 1358 3447 τούτου
1416 3391 1755 3468 εὐχομένων,
1805 3389 1942 3447 εἶδεν
1977 3392 2005 3446 ὁ

358 3478 662 3553 Μαυρίκιος
690 3477 743 3534 ἐν
789 3482 888 3550 μιᾷ
943 3480 1093 3535 νυκτὶ
1153 3481 1228 3543 ὡς
1286 3481 1363 3544 εἰς
1420 3483 1519 3551 τὴν
1577 3481 1794 3557 χαλκῆν
1821 3480 2005 3553 πύλην

355 3571 455 3622 τοῦ
511 3565 785 3622 παλατίου
841 3568 1129 3643 ἱστάμενον
1182 3569 1369 3626 ἑαυτὸν
1426 3568 1730 3648 ἔμπροσθεν
1788 3577 1886 3641 τῆς
1929 3571 2004 3625 εί-

353 3654 517 3716 κόνος
564 3659 664 3710 τοῦ
718 3662 1002 3731 Σωτῆρος,
1056 3658 1145 3713 καὶ
1203 3658 1332 3713 Ααὸν
1391 3658 1565 3715 πολὺν
1600 3659 1691 3715 σὺν
1723 3659 1869 3732 αὐτῷ
1898 3665 2006 3715 τῶν

355 3740 737 3817 αἰχμαλώτων
786 3744 1178 3819 ἐγκαλούντων.
1232 3747 1326 3801 Καὶ
1374 3749 1527 3824 φωνὴ
1573 3747 1793 3825 γέγονεν
1826 3747 1886 3803 ἐκ
1911 3751 2010 3803 τοῦ

357 3830 519 3905 ἁγίου
553 3839 902 3906 χαρακτῆρος
962 3832 1218 3910 λέγουσα*
1286 3837 1417 3891 Δότε
1467 3837 1785 3913 Μαυρίκιον.
1825 3837 1928 3893 Καὶ
1958 3837 2010 3891 οἱ

357 3918 520 3990 δῆθεν
590 3920 857 3995 ὑπηρέται
919 3925 1282 3999 κρατήσαντες
1350 3925 1509 3980 αὐτὸν
1575 3934 1915 4001 παρέστησαν
1956 3925 2010 3981 ἐν

355 4015 438 4083 τῷ
466 4016 734 4089 πορφυρῷ
765 4010 1027 4088 ὀμφαλίῳ
1065 4016 1177 4087 (10)
1214 4018 1297 4088 τῷ
1334 4013 1526 4072 ἐκεῖσε.
1568 4016 1672 4073 Καὶ
1712 4036 1845 4093 φησι
1874 4016 2011 4091 πρὸς

356 4098 519 4155 αὐτὸν
545 4101 581 4169 ἡ
616 4101 733 4155 θεία
762 4102 940 4176 φωνή·
988 4105 1100 4156 Ποῦ
1143 4103 1319 4167 θέλεις
1378 4102 1652 4159 ἀποδώσω
1707 4125 1790 4159 σοι
1818 4124 1831 4172 ;
1862 4103 2012 4174 Ὧδε,

358 4189 397 4258 ἢ
432 4188 484 4244 ἐν
520 4193 602 4261 τῷ
652 4187 915 4261 μέλλοντι
972 4190 1172 4261 αίῶνι;
1231 4193 1292 4248 Ὁ
1349 4190 1406 4248 δὲ
1462 4189 1587 4272 ἔφη·
1649 4193 2016 4269 Φιλάνθρωπε

357 4275 623 4347 Δέσποτα,
686 4274 1047 4354 δικαιοκρίτα,
1107 4278 1215 4334 ὧδε
1271 4280 1508 4354 μᾶλλον,
1567 4281 1661 4337 καὶ
1723 4283 1798 4356 μή
1850 4283 1902 4338 ἐν
1934 4288 2015 4357 τῷ

363 4365 651 4440 μέλλοντι.
711 4365 809 4421 Καὶ
866 4367 1062 4431 εὐθέως
1119 4369 1396 4425 ἐκέλευσεν
1442 4368 1730 4441 ἕκδοθῆναι
1763 4370 1926 4428 αὐτόν
1956 4392 2016 4428 τε

357 4456 450 4511 καὶ
476 4457 577 4527 τήν
609 4461 838 4533 γυναῖκα
865 4456 956 4512 καὶ
1012 4458 1080 4513 τὰ
1130 4460 1292 4515 τέκνα
1328 4458 1492 4516 αὐτοῦ
1546 4460 1638 4516 καὶ
1696 4465 1867 4517 πᾶσαν
1912 4462 2012 4531 τὴν

359 4546 672 4619 συγγένειαν
733 4551 904 4617 Φωκᾷ
974 4550 1057 4619 τῷ
1124 4542 1452 4624 στρατιώτῃ.
1513 4550 1850 4614 Διυπνισθεὶς
1916 4551 2011 4606 οὖν

2120 623 2450 694 prmdicens
2480 623 2898 694 imperatorem
2932 625 3127 698 gladio
3153 627 3412 682 occisum
3444 626 3540 693 iri,
3574 627 3687 682 Sed
3713 632 3774 681 et

2120 711 2488 767 Herodianus
2529 713 2807 768 Mauricio
2864 714 3082 785 palam,
3133 732 3264 786 qua)
3316 715 3427 788 ipsi
3490 721 3773 772 eventura

2118 807 2337 869 essent,
2373 802 2757 859 denuntiavit.
2808 806 2968 858 Tunc
2999 804 3174 858 etiam
3216 805 3469 876 populus
3503 806 3770 862 Maurum

2119 891 2466 963 quemdam,
2487 892 2788 947 hominem
2820 893 3081 947 Mauricii
3117 894 3394 961 similem,
3421 913 3557 968 sago
3590 896 3771 951 indu—

2122 987 2247 1037 tum
2283 998 2622 1052 coronaque
2680 999 2749 1036 ex
2805 982 2939 1037 aliis
2997 989 3269 1037 conserta
3317 982 3681 1053 redimitum,
3711 985 3773 1039 in

2119 1069 2355 1124 asinum
2414 1068 2718 1141 imposuit,
2777 1086 2844 1124 ac
2921 1086 3028 1141 per
3074 1070 3279 1140 jocum
3347 1076 3406 1125 et
3470 1072 3770 1127 lasciviam

2119 1158 2505 1214 acclamavit:
2568 1158 2796 1213 Invenit
2851 1158 3131 1213 buculam
3190 1164 3483 1225 teneram,
3518 1166 3576 1214 et
3623 1152 3776 1216 sicut

2119 1265 2306 1303 novus
2328 1248 2586 1320 gallulus
2612 1248 2826 1303 insiliit
2847 1248 2905 1302 in
2934 1264 3085 1313 eam,
3112 1265 3179 1303 ac
3200 1249 3528 1319 procreavit
3558 1249 3775 1304 liberos

2119 1336 2308 1392 instar
2333 1338 2662 1409 liguearum
2695 1337 2988 1393 nolarum.
3024 1339 3234 1393 Sancte
3270 1338 3372 1406 mi,
3408 1344 3631 1403 sancte,
3662 1338 3771 1392 feri

2121 1426 2250 1498 ejus
2281 1432 2477 1498 caput,
2510 1444 2586 1481 ne
2619 1427 2933 1499 superbius
2975 1429 3288 1482 efferatur:
3352 1432 3477 1481 tum
3529 1443 3635 1499 ego
3667 1427 3772 1481 libi

2120 1517 2236 1569 voti
2266 1533 2404 1572 reus
2436 1516 2642 1570 bovem
2682 1517 2952 1571 offeram.
3011 1518 3143 1571 Hmc
3172 1516 3447 1588 populus.
3482 1517 3619 1580 Quae
3651 1533 3774 1571 non

2121 1604 2307 1660 otiose
2331 1604 2644 1670 retuli,sed
2665 1610 2730 1659 ut
2756 1605 3289 1677 intelligamus,ubi
3309 1606 3442 1674 quis
3466 1605 3775 1660 dominum

2122 1694 2393 1760 irritavit,
2445 1710 2583 1749 eum
2637 1694 2895 1749 ludibrio
2954 1695 3157 1749 haberi
3205 1694 3277 1748 ab
3313 1696 3405 1749 his
3435 1695 3535 1765 qui
3569 1696 3776 1750 eadem

2121 1802 2257 1840 cum
2289 1784 2414 1855 ipso
2443 1785 2783 1841 conditione
2812 1786 3096 1840 serviunt.

2194 1968 2363 2021 Anno
2393 1970 2482 2034 20,
2514 1967 2827 2023 Mauricius
2860 1966 2980 2021 ﬁlio
3008 1983 3113 2021 suo
3135 1966 3461 2022 Theodosio
3492 1968 3768 2023 Germani

2122 2055 2354 2126 patricii
2415 2055 2601 2110 filiam
2657 2056 2996 2127 despondit.
3050 2056 3391 2127 Eodemque
3423 2073 3579 2112 anno
3612 2058 3675 2112 in
3708 2074 3770 2113 se

2121 2144 2587 2214 descendens,ac
2611 2145 2899 2201 memoria
2920 2152 3195 2216 repetens
3219 2147 3402 2201 Deum
3428 2146 3578 2200 nihil
3619 2147 3770 2201 clam

2121 2250 2271 2301 esse,
2307 2249 2561 2305 eumque
2621 2252 2726 2305 pro
2785 2235 3016 2289 meritis
3070 2235 3281 2305 cuique
3332 2236 3455 2289 suis
3484 2236 3640 2290 bona
3669 2240 3773 2290 aut

2118 2323 2273 2378 mala
2304 2323 2585 2390 tribuere,
2646 2325 2802 2379 τοι
2858 2329 2983 2378 tum
3042 2340 3245 2379 secum
3282 2324 3547 2395 cogitans
3590 2341 3769 2394 quam

2116 2413 2376 2483 graviter
2403 2413 2507 2468 abs
2539 2430 2601 2468 se
2627 2417 2934 2485 peccatum
2967 2420 3124 2470 esset
3145 2431 3261 2484 quo
3287 2419 3551 2485 tempore
3583 2415 3769 2485 capti-

2117 2518 2215 2556 vos
2245 2501 2540 2557 redimere
2587 2502 2799 2568 noluit,
2849 2507 3131 2573 praestare
3178 2502 3535 2558 existimavit
3580 2503 3665 2558 uti
3704 2504 3764 2558 in

2117 2591 2229 2646 hoc
2258 2592 2457 2662 potius
2487 2608 2667 2662 quam
2698 2592 2761 2645 in
2790 2591 2989 2646 futuro
3022 2591 3236 2647 saeculo
3267 2608 3470 2664 poenas
3510 2593 3627 2647 Deo
3659 2592 3765 2648 de-

2116 2680 2632 2752 penderetJtaque
2664 2682 3114 2753 deprecationes
3146 2682 3358 2737 litteris
3388 2682 3765 2753 consignatas

2115 2766 2190 2822 ad
2249 2783 2457 2823 omnes
2512 2768 2878 2839 patriarchas
2930 2774 2988 2823 et
3043 2769 3388 2836 monachos,
3449 2770 3511 2824 in
3570 2771 3765 2826 omnia

2116 2856 2500 2922 monasteria,
2552 2856 2730 2911 etiam
2781 2857 3189 2929 Hierosolyma
3234 2858 3417 2927 misit,
3470 2864 3605 2913 uta
3652 2860 3770 2912 Deo

2116 2949 2387 3016 peterent
2416 2950 2482 2999 ut
2510 2944 2623 3016 ipsi
2656 2961 2778 2999 non
2833 2946 2896 2999 in
2952 2945 3136 3001 altero
3188 2945 3290 3002 sed
3322 2946 3383 3000 in
3413 2947 3524 3001 hoc
3553 2946 3767 3001 saeculo

2113 3050 2318 3105 pmnas
2347 3034 2699 3105 imponeret.
2724 3034 2877 3099 Quin
2899 3040 2959 3088 et
2984 3034 3045 3088 in
3068 3035 3466 3106 Philippicum
3497 3035 3763 3108 impegit,

2114 3124 2335 3178 sororis
2366 3140 2486 3178 sum
2517 3124 2820 3189 maritum,
2881 3123 2954 3179 ab
3008 3140 3077 3179 eo
3126 3123 3350 3179 caedem
3411 3124 3522 3179 sibi
3566 3125 3764 3196 parari

2115 3212 2425 3283 suspicans
2472 3229 2543 3267 ex
2590 3213 2866 3268 vaticinio
2899 3212 3177 3282 quodam,
3211 3213 3369 3283 quod
3399 3214 3767 3284 percussoris

2114 3316 2335 3355 nomen
2365 3317 2400 3356 a
2424 3300 2625 3355 littera
2678 3318 2749 3355 PH
2807 3299 2987 3355 ordiri
3023 3301 3324 3370 monebat,
3358 3318 3493 3357 cum
3525 3301 3767 3373 quidem

2117 3388 2484 3460 Philippicas
2515 3389 2761 3444 insidias
2790 3388 3070 3444 omnibus
3108 3390 3301 3445 modis
3332 3392 3607 3461 ejuraret.
3642 3392 3767 3447 Cm-

2118 3482 2311 3533 terum
2336 3478 2669 3544 Mauricius,
2692 3494 2829 3533 cum
2852 3494 2957 3548 pro
2978 3494 3045 3533 eo
3068 3495 3270 3550 preces
3293 3480 3512 3551 passim
3536 3481 3769 3548 ﬁerent,

2119 3566 2378 3639 quadam
2410 3572 2583 3622 nocte
2629 3568 2688 3621 in
2726 3568 2951 3621 somnis
2981 3567 3337 3640 imaginatus
3369 3575 3459 3624 est
3487 3587 3549 3625 se
3576 3575 3770 3625 astare

2119 3673 2318 3712 coram
2350 3655 2605 3728 imagine
2648 3656 2995 3725 Servatoris,
3046 3656 3106 3710 in
3156 3663 3327 3727 porta
3356 3658 3558 3729 palatii
3592 3676 3768 3730 aarea,

2120 3746 2489 3816 multamque
2512 3761 2713 3799 secum
2736 3744 2969 3800 turbam
2991 3746 3355 3816 captivorum
3379 3746 3573 3817 ipsum
3596 3763 3769 3802 accu-

2123 3835 2421 3890 santium:
2465 3839 2590 3889 tum
2649 3849 2845 3888 vocem
2895 3833 2967 3888 de
3017 3850 3184 3889 sacra
3232 3834 3487 3907 imagine
3528 3835 3766 3903 exiisse,

2124 3940 2255 3994 quin
2286 3922 2629 3977 Mauricium
2681 3921 2808 3975 sisti
2857 3921 3117 3991 juberet.
3158 3924 3245 3978 Ita
3293 3940 3355 3977 se
3396 3940 3432 3979 a
3479 3924 3770 3980 ministris

2125 4016 2486 4082 correptum,
2519 4012 2699 4081 inque
2749 4011 3164 4082 porphyretico
3197 4012 3279 4066 ibi
3308 4013 3592 4069 umbilico
3624 4031 3770 4070 con-

2126 4100 2394 4155 stitutum
2419 4116 2454 4155 a
2474 4099 2673 4154 divina
2700 4116 2838 4154 voce
2860 4100 3287 4172 interrogatum
3319 4101 3773 4167 fuisse,ubinam

2126 4188 2236 4242 sibi
2267 4187 2514 4258 rependi
2541 4187 2736 4242 vellet.
2769 4188 2842 4243 Se
2873 4194 3069 4243 autem
3102 4188 3353 4244 dixisse:
3387 4190 3634 4244 Domine
3664 4191 3772 4245 hu-

2123 4276 2491 4344 manissime,
2517 4275 2703 4348 judex
2737 4274 2919 4346 juste,
2951 4276 3046 4331 hic
3098 4276 3254 4332 malo
3286 4293 3461 4348 quam
3493 4278 3555 4332 in
3586 4266 3773 4333 altera

2123 4366 2263 4422 vita.
2296 4365 2623 4435 Statimque
2646 4364 2989 4420 mandatum
3012 4364 3195 4421 fuisse
3215 4372 3281 4421 ut
3302 4382 3436 4422 cum
3458 4383 3641 4422 uxore
3667 4358 3775 4423 sua

2126 4462 2183 4512 et
2211 4456 2418 4511 liberis
2473 4461 2713 4527 totaque
2764 4455 2991 4511 familia
3044 4455 3257 4511 Phocm
3297 4456 3474 4512 militi
3504 4456 3779 4513 dedatur.

2124 4549 2516 4620 Experrectus
2546 4546 2746 4601 statim
2800 4546 3201 4602 accubitorem
3254 4563 3427 4603 suum
3475 4548 3639 4603 misit
3669 4539 3771 4619 qui

356 4631 680 4689 ἀπέστειλεν
757 4633 911 4696 εὐθὺς
974 4635 1067 4691 τὸν
1120 4639 1620 4712 παρακοιμώμενον
1666 4639 1833 4695 αὐτοῦ
1894 4639 2009 4714 ἀγα·

2131 4635 2529 4708 Philippicum
2578 4634 2918 4691 adduceret.
2968 4636 3076 4701 Qui
3123 4635 3436 4709 desperata
3465 4637 3538 4692 ob
3569 4637 3628 4693 id
3658 4637 3780 4693 vita

359 4727 474 4797 γεῖν
526 4723 890 4780 Φιλιππικόψ
952 4725 1012 4787 ὅς
1072 4725 1208 4800 αὖτῇ
1271 4730 1339 4801 τῇ
1398 4725 1514 4803 ὥρᾳ
1554 4726 1684 4783 ἰδὼν
1716 4729 1808 4783 τὸν
1840 4749 2014 4803 παρα·

361 4813 710 4886 κοιμώμενον
742 4815 829 4869 καὶ
884 4818 983 4880 τῆς
1038 4816 1228 4871 ἑαυτοῦ
1288 4821 1435 4886 ζωῆς
1473 4817 1741 4892 ἀπογνοὺς
1769 4816 2013 4892 ᾐτήσατο

359 4908 694 4970 κοινωνῆσαι
723 4905 861 4976 (ll),
892 4905 979 4958 καὶ
1035 4903 1208 4966 οὕτως
1257 4904 1423 4979 ἀπῄει
1465 4906 1602 4980 πρὸς
1633 4906 1725 4961 τὸν
1758 4904 2010 4980 βασιλέα,

2125 4727 2290 4799 prius
2311 4726 2795 4788 communionem
2819 4743 3049 4782 sacram
3072 4728 3335 4798 expetiit,
3356 4745 3542 4799 eaque
3572 4743 3779 4800 perce«

2121 4821 2225 4889 pta
2245 4816 2320 4871 ad
2351 4816 2772 4886 imperatorem
2803 4814 2968 4874 abiit.
2997 4832 3241 4871 uxorem
3271 4817 3777 4887 relinquens,quae

2124 4905 2275 4962 105
2308 4920 2546 4961 saccum
2578 4904 2785 4959 induta
2811 4910 2868 4959 et
2897 4904 3099 4959 cinere
3136 4921 3460 4976 conspersa
3491 4904 3776 4976 ejulabat.

1571 5025 1931 5080 XYLANDRI
1970 5025 2056 5079 ET
2094 5024 2309 5080 GOARI
2347 5022 2566 5076 NOTAE.

435 5136 511 5207 (9)
540 5136 722 5213 Fatue
748 5141 988 5196 omnino
1021 5147 1078 5197 et
1120 5141 1393 5213 imperite
1435 5141 1677 5197 lusisset
1706 5142 1768 5196 in
1799 5140 2015 5197 Mauri-

362 5208 522 5262 cium
546 5208 818 5285 populus,
844 5213 890 5267 si
917 5208 1424 5285 utcunqué,juxta
1447 5213 1730 5284 Xylandri
1749 5229 2012 5281 sensum,

359 5295 483 5355 eum
513 5279 767 5355 ηοίανιιῃι
791 5284 1099 5355 ιὶθῃεανιιηι
1120 5279 1302 5340 ἳηεεςὶν
1324 5284 1477 5339 ﬁlios
1499 5279 1834 5355 suscepisse
1867 5279 2015 5339 eﬂ‘u-l

361 5351 607 5428 tivisset.
634 5349 1047 5428 Ξυλοκῷδωνον
1068 5355 1363 5426 itaque,cu
1364 5357 1467 5428 jus
1483 5357 1607 5428 vice
1628 5349 2015 5428 fl‘heOphanes

357 5420 797 5498 ξυλοκοῦκουδον
856 5428 1083 5496 scribit,
1145 5420 1287 5482 cum
1338 5420 1423 5483 [fil
1482 5426 1649 5482 aliud
1697 5420 2018 5498 sifprmter

360 5494 605 5569 ligneum
637 5496 1040 5568 crepitaculum
1071 5494 1169 5552 vel
1202 5499 1456 5568 globulus
1485 5499 1697 5569 ligneus
1726 5494 2018 5553 concavus

360 5573 419 5619 et
440 5567 845 5641 unglcquaquic
869 5567 1290 5640 perforatus,in
1324 5589 1439 5641 quo
1472 5567 1667 5625 nuclei
1696 5569 1784 5623 vel
1806 5568 2019 5641 tintin-

358 5636 583 5692 nabula
618 5636 1028 5713 includuntur,
1050 5646 1117 5713 ut
1142 5636 1513 5713 perstrepero
1539 5642 1667 5713 ejus
1687 5640 1894 5713 sonitu
1924 5657 2017 5713 re;

362 5713 647 5765 creentur
660 5711 832 5782 pueri
838 5716 919 5780 ,et
936 5711 1191 5784 populus
1206 5711 1279 5770 ad
1296 5711 1662 5770 ludicrarum
1682 5711 2019 5769 istiusmodi

2124 5141 2315 5195 instar
2339 5135 2601 5191 Mauricii
2627 5134 2779 5189 filios
2802 5153 2862 5192 se
2888 5142 3088 5190 tenere
3106 5135 3449 5207 proclamet.
3470 5136 3777 5191 Summum

2124 5212 2183 5266 in
2200 5228 2299 5266 eos
2312 5207 3011 5279 patremqueMauricium
3025 5207 3780 5279 manifestatcontemptum

2126 5277 2450 5350 eorumque
2470 5283 2718 5351 mortem
2739 5278 3225 5349 ludum,gemitus
3244 5277 3545 5351 ludicrum
3568 5277 3780 5351 strepi-

2126 5360 2252 5410 tum
2308 5346 2436 5406 sése
2496 5348 2837 5423 habiturum
2894 5346 3179 5423 minatur.
3233 5346 3545 5423 Κούκουδον
3600 5346 3776 5423 porro

2123 5425 2347 5480 nucleus
2378 5426 2468 5494 est
2497 5427 2556 5475 et
2582 5416 3319 5494 globylys,guloxo-ﬁxowov
3362 5416 3778 5494 lignumistre-

2126 5496 2285 5568 peris
2307 5492 2650 5563 hujusmodi
2675 5491 3217 5568 globulistp‘lenugn.
3245 5491 3457 5568 Annon
3479 5494 3779 5566 Xylander

2127 5560 2212 5622 vir
2241 5560 2471 5637 ligneus
2493 5568 2551 5617 et
2580 5560 2895 5637 puerorum
2927 5560 3312 5637 ξῦλοκωδωνον
3332 5566 3359 5620 ?
3390 5560 3562 5621 (ἱοΑιὶ.

2226 5635 2309 5713 l0)
2342 5636 2518 5713 Signo
2549 5635 2899 5713 r_o_tupdo_in
2930 5651 3080 5691 arena
3114 5636 3309 5713 medio
3342 5638 3481 5713 ﬁxo.
3516 5638 3690 5713 Goan,

2226 5642 2290 5691 10
2342 5642 2518 5707 Signo
2549 5642 2805 5689 rotundo
2839 5642 2899 5690 in
2930 5651 3080 5691 arena
3114 5642 3309 5692 medio
3345 5642 3481 5693 ﬁxo.
3516 5642 3690 5695 Goan.

2197 5642 2309 5782 itii
2366 5708 2493 5763 Non
2558 5704 2952 5764 dissimulabo
3003 5722 3099 5764 me
3157 5706 3255 5764 hic
3312 5706 3586 5767 s‘ecu’tum
3648 5700 3778 5764 e‘Sse
