4052 6316
228 316 357 378 773

1378 311 1922 377 HISTOlllAllUM
1964 311 2525 378 GOMPENDIUM.

3541 314 3661 375 774

232 445 474 521 φυλάξαι
527 446 628 516 τήν
677 442 1034 517 Ἐκκλησίαν,
1085 443 1178 501 καῖ
1234 443 1621 521 ἀναγορεύεται
1685 445 1749 500 τὸ
1801 463 1901 500 κα-

2022 449 2262 517 tyranno
2294 452 2594 521 sceptrum
2615 449 3099 516 committitur,et
3125 447 3436 505 calamitas
3455 445 3666 518 patriai

229 538 354 609 κζὸν,
380 537 472 591 καὶ
503 535 695 610 κύριος
751 539 859 590 τῶν
917 535 1216 609 σκήπτρων
1274 534 1302 589 ὁ
1356 533 1617 609 τύραννος
1670 553 1905 610 προχει..

234 625 471 702 ρίζεται,
501 625 594 679 καὶ
623 629 815 700 κρατεῖ
878 626 981 693 τῆς
1039 620 1370 695 εὐδαίμονος
1421 624 1457 692 ἡ
1490 623 1767 702 συμφορὰ,
1817 623 1908 678 καὶ

233 709 512 789 λαμϐάνει
541 716 641 782 τήν
670 707 878 785 ἕναρξιν
929 713 995 768 τὰ
1057 711 1268 786 μεγάλα
1298 718 1407 767 τῶν
1459 713 1749 785 Ῥωμαίων
1781 711 1907 766 ἀτυ-

244 807 499 881 χήματα,
533 803 622 858 καὶ
653 802 1030 877 ἀναγορεύεται
1059 799 1111 855 ἐν
1142 807 1222 874 τῷ
1270 807 1384 874 ναῷ
1422 805 1519 856 τοῦ
1562 798 1906 875 Ηροδρόμου,

245 893 340 950 καὶ
402 893 538 967 μετά
596 888 693 946 δύο
749 891 959 966 ἡμέρας
1010 891 1093 944 ἐπὶ
1152 887 1451 965 βασιλικῆς
1506 890 1720 963 ἁμάξης
1773 893 1909 944 καθ⁶

245 983 505 1055 εζόμενος
543 979 620 1043 εἰς
648 980 715 1034 τὰ
746 976 1001 1053 βασίλεια
1030 978 1355 1055 εἰσέρχεται.
1388 980 1474 1044 Τῇ
1533 976 1593 1032 δὲ
1650 979 1688 1033 ε’
1725 978 1909 1051 ἡμέρᾳ

243 1071 465 1129 Λεοντὼ
488 1071 591 1139 τήν
623 1066 815 1124 ἑαυτοῦ
855 1073 1083 1144 γυναῖκα
1138 1060 1355 1141 ἔστεψεν
1414 1066 1755 1142 Αύγοῦσταν.
1807 1068 1906 1131 Εἰς

244 1159 305 1218 δὲ
330 1161 394 1216 τὸ
421 1160 646 1215 ἱππικὸν
689 1157 1013 1219 ἀνελθόντος
1042 1162 1141 1213 τοῦ
1170 1157 1456 1232 τυράννου,
1516 1157 1606 1212 καὶ
1666 1158 1904 1221 στάσεως

243 1251 542 1326 γενομένης
599 1247 731 1322 περί
788 1248 1176 1323 προτιμήσεως
1235 1246 1409 1301 τόπου
1463 1251 1580 1310 τοῖς
1667 1245 1902 1322 μέρεσιν,

243 1333 466 1412 ἔκραξαν
494 1338 546 1393 οἱ
577 1335 769 1407 δῆμοι·
821 1338 865 1394 Ο
922 1335 1225 1410 Μαυρίκιος
1278 1336 1378 1390 οὐκ
1425 1332 1699 1405 ἀπέθανεν,
1760 1333 1906 1389 ἀλλὰ

249 1433 337 1504 ζῇ.
366 1427 722 1504 ἐρωτηθήτω,
753 1428 814 1485 Ὁ
845 1423 904 1481 δὲ
924 1424 1181 1500 ἀλάστωρ
1238 1431 1468 1481 κινεῖται
1516 1426 1653 1501 πρὸς
1681 1426 1772 1481 τὸν
1806 1423 1903 1503 φά-

245 1539 336 1574 νον
368 1517 698 1592 Μαυρικίου,
730 1515 823 1570 καὶ
855 1512 1185 1577 ἀποστείλας
1224 1514 1403 1591 ἤγαγε
1429 1515 1523 1569 τὸν
1554 1518 1802 1570 τοιοῦτον
1826 1514 1901 1576 εἷς

243 1609 341 1664 τὸν
363 1605 676 1682 Εὐτροπίου
723 1603 938 1676 λιμένα’
996 1603 1089 1658 καὶ
1135 1607 1591 1680 προαναιροῦνται
1623 1604 1676 1658 οἱ
1704 1604 1903 1658 τούτου

248 1693 411 1750 πέντε
430 1690 645 1767 ἄρρενες
673 1688 864 1753 παῖδες
923 1690 1006 1745 ἐπ’
1066 1685 1255 1764 ὄψεσιν
1315 1689 1499 1745 αὐτοῦ.
1536 1692 1593 1744 Ὀ
1638 1688 1696 1745 δὲ
1749 1692 1905 1748 Μαυ-

2018 533 2160 590 felix
2193 536 2509 608 imperium
2539 543 2789 608 occupat
2820 554 2833 605 ;
2866 536 3025 608 quod
3081 536 3318 591 initium
3375 534 3490 590 fuit
3545 552 3669 590 ma-

2015 640 2288 697 gnorum,
2312 626 2527 697 quibus
2557 644 2651 683 res
2680 628 2946 682 Romana
2969 626 3171 681 attrita
3201 630 3311 691 est,
3343 624 3661 680 malorum.

2016 714 2201 770 Biduo
2232 719 2367 786 post
2392 715 2619 770 Phocas
2651 732 2829 769 curru
2876 715 3169 786 imperiali
3208 715 3268 769 in
3299 714 3519 786 regiam
3553 715 3667 769 ad-

2015 810 2213 860 vectus
2238 810 2346 875 est,
2378 822 2446 860 ac
2477 805 2686 876 quinta
2716 805 2810 859 die
2844 806 3201 860 Leontonem
3233 821 3477 860 uxorem
3493 822 3662 862 suam

2013 911 2233 951 corona
2262 895 2541 967 imposita
2570 896 2894 966 Augustam
2945 895 3329 965 nuncupavit.
3363 896 3506 949 Cum
3560 911 3664 950 au-

2012 989 2447 1057 temtyrannus
2478 984 2542 1039 in
2586 983 2752 1039 Circo
2804 988 2981 1050 esset,
3022 999 3089 1037 ac
3146 983 3219 1037 de
3274 983 3388 1037 loci
3447 1001 3665 1055 praero-

2010 1073 2202 1145 gativa
2254 1075 2410 1128 inter
2465 1078 2663 1144 partes
2746 1071 3224 1138 contenderetur,
3294 1072 3545 1143 populus
3602 1073 3664 1127 in

2012 1163 2273 1219 tumultu
2295 1162 2645 1218 vociferatus
2675 1166 2766 1217 est
2799 1177 2811 1214 :
2845 1162 3249 1233 Interrogetur
3300 1162 3615 1217 Mauricius
3650 1197 3662 1234 ε

2010 1269 2131 1307 non
2161 1253 2322 1307 enim
2355 1256 2623 1308 mortuus
2672 1256 2783 1317 est,
2838 1249 2942 1304 sed
2999 1249 3156 1305 vivit.
3192 1251 3270 1305 Eo
3320 1250 3540 1305 Phocas
3588 1251 3664 1306 ad

2011 1341 2234 1396 caedem
2266 1340 2532 1396 Mauricii
2557 1339 2867 1405 excitatus,
2902 1338 3103 1393 missis
3133 1337 3390 1407 famulis,
3423 1355 3561 1393 eum
3592 1338 3669 1393 ad

2008 1437 2246 1503 portum
2282 1430 2546 1501 Eutropii
2579 1429 2791 1484 adduci
2819 1428 3011 1499 jubet.
3048 1427 3239 1483 Primo
3273 1427 3535 1498 quinque
3560 1427 3669 1490 ﬁlii

2010 1520 2256 1577 masculi
2312 1525 2480 1592 patre
2512 1518 2788 1573 Mauricio
2838 1518 3105 1572 intuente
3134 1517 3327 1571 necati
3359 1522 3517 1571 sunt.
3552 1518 3668 1582 Qui

2008 1611 2071 1665 in
2101 1609 2439 1664 calamitate
2490 1608 2602 1664 ista
2629 1624 2827 1662 veram
2875 1606 3166 1660 adhibens
3197 1605 3657 1677 philosophiam,

2006 1698 2336 1753 identidem
2358 1696 2535 1753 verba
2568 1698 2693 1751 haec
2714 1694 3022 1767 repetebat
3054 1711 3066 1750 :
3102 1696 3303 1749 Justus
3334 1711 3418 1763 es,
3470 1694 3663 1749 Domi-

249 1782 421 1862 ρίκιος
452 1779 772 1860 φιλοσοφῶν
803 1783 883 1851 τῷ
914 1775 1296 1873 δυστυχήματι
1356 1782 1602 1854 συνεχῶς
1635 1777 1901 1855 ἐπεφθέγ-

2022 1788 2444 1859 ue,etjudicia
2465 1786 2747 1857 tuajusta
2802 1788 2963 1839 sunt.
3022 1771 3112 1839 Ita
3158 1799 3294 1856 ergo
3343 1782 3663 1839 Mauricius

242 1891 389 1948 γετο·
425 1870 641 1930 Δίκαιος
675 1868 741 1924 εἴ.
774 1867 964 1944 Κύριε,
1005 1868 1097 1921 καὶ
1169 1864 1372 1922 δίκαιαι
1434 1869 1489 1922 αἱ
1545 1867 1749 1938 κρίσεις
1781 1889 1900 1924 σου.

245 1959 456 2016 Γίνεται
512 1957 692 2013 τοίνυν
748 1960 857 2013 τῶν
888 1953 1100 2011 παίδων
1161 1957 1190 2011 ὁ
1249 1956 1471 2021 θάνατος
1515 1960 1613 2011 τοῦ
1698 1957 1902 2033 πατρὸς

248 2047 558 2124 ἐπιτάφιον,
598 2041 1008 2116 ἐπιδειξαμένου
1061 2044 1161 2112 τήν
1222 2043 1416 2119 ἀρετὴν
1475 2042 1530 2098 ἐν
1581 2047 1662 2116 τῶ
1694 2046 1910 2121 μεγέθει

251 2142 352 2205 τῆς
381 2137 689 2209 συμφορᾶς·
721 2139 822 2202 τῆς
850 2130 957 2206 γὰρ
987 2133 1220 2203 τιθήνης
1281 2130 1447 2187 αὐτοῦ
1511 2131 1789 2205 κλεψάσης
1817 2129 1911 2188 ἕνα

252 2227 360 2278 τῶν
393 2221 696 2299 βασιλικῶν
724 2218 937 2278 παίδων
976 2220 1067 2276 καὶ
1115 2221 1178 2276 τὸ
1231 2221 1426 2290 εαυτῆς
1482 2217 1776 2293 ἐπιδούσης
1834 2221 1913 2285 εἷς

255 2314 485 2390 σφαγὴν,
529 2313 557 2368 ὁ
606 2309 910 2386 Μαυρίκιος
943 2309 1006 2366 οὐ
1053 2307 1392 2383 κατεδέξατο,
1451 2309 1600 2366 ἀλλά
1653 2310 1715 2364 τὸ
1773 2307 1915 2371 ἴδιον

255 2401 581 2474 ἰπεζήτησε.
616 2401 757 2457 Φασὶ
790 2399 846 2456 δέ
872 2421 1016 2463 τινες
1073 2401 1159 2456 ὃτι
1212 2400 1410 2455 τούτου
1453 2398 1743 2478 σφαγέντος
1772 2396 1915 2477 γάλα

256 2490 347 2546 σὺν
380 2496 462 2563 τῶ
506 2488 695 2565 α’ίματι
756 2486 1022 2565 ἕρρευσεν,
1091 2489 1166 2552 ὠς
1233 2488 1436 2551 πάντας
1493 2489 1619 2551 τοὺς
1675 2490 1913 2564 ὁρῶντας

257 2580 526 2653 θρηνῆσαι
580 2577 794 2641 δεινῶς.
854 2578 1008 2634 Οὕτω
1073 2578 1166 2652 μὲν
1216 2576 1309 2632 οὗν
1379 2578 1407 2632 ὁ
1441 2576 1697 2654 βασιλεὺς
1727 2578 1911 2652 νόμων

263 2675 473 2742 φύσεως
524 2665 862 2741 ὕψηλότερος
913 2666 1152 2742 γεγονὼς
1199 2665 1290 2721 καὶ
1356 2664 1520 2729 αὐτὸς
1579 2665 1914 2722 ὑπαλλάττει

262 2758 354 2813 τὸν
390 2758 533 2833 βίον.
566 2757 787 2814 Τούτων
819 2754 876 2812 δὲ
931 2757 1026 2818 τὰς
1073 2755 1312 2834 κεφαλὰς
1365 2755 1416 2811 ἐν
1446 2755 1528 2830 τῷ
1555 2756 1760 2831 κάμπῳ
1813 2761 1911 2814 τοῦ

262 2841 647 2922 τριϐουναλίου
700 2849 808 2921 (16)
882 2844 1128 2923 ἔῤῥιψαν.
1183 2847 1329 2902 Μετὰ
1387 2842 1444 2900 δὲ
1512 2846 1577 2901 τὸ
1658 2845 1908 2916 ἐποζὲσαι

260 2935 448 3007 αὐτὰς,
479 2930 646 3011 ὥρισε
671 2942 789 2998 τοῖς
821 2934 1040 2991 θέλουσι
1074 2930 1261 2991 λαϐεῖν
1298 2935 1483 2997 αὐτάς
1538 2935 1599 2998 ἅς
1644 2936 1736 2990 καὶ
1791 2941 1908 2998 τοῖς

256 3024 502 3098 σώμασιν
532 3026 709 3081 αὐτῶν
737 3024 1067 3100 προσέμιξαν
1097 3025 1150 3079 οἱ
1207 3021 1587 3102 φιλόχριστοι,
1645 3023 1907 3098 θάψαντες

255 3111 306 3169 ἐν
339 3118 421 3186 τῶ
449 3118 562 3187 ναῷ
589 3118 688 3169 τοῦ
719 3113 909 3188 Ἀγίου
941 3114 1261 3187 Μάμαντος,
1312 3110 1551 3183 πλησίον
1592 3119 1692 3182 τῆς
1719 3110 1907 3168 Ξυλο-

250 3184 448 3279 κὲρκου
477 3184 688 3277 πύρτης
902 3184 1246 3278 Ἐπὲγραψαν
1307 3198 1365 3257 δὲ
1403 3206 1483 3273 τῷ
1538 3202 1695 3278 τάφῳ
1725 3202 1904 3257 αὐτῶν
1937 3184 1981 3250 C

249 3290 485 3367 ἐλεγεῖον
509 3289 654 3347 τόδε·

254 3455 338 3528 [Ρ.
394 3471 520 3542 404]
578 3467 697 3526 Ἀδ’
783 3467 891 3545 ἐγὼ
947 3471 982 3539 ἡ
1039 3466 1378 3544 τριτάλαινα,
1436 3468 1525 3524 καὶ
1583 3467 1616 3522 ἀ
1706 3467 1909 3542 οτὲρων

400 3606 422 3612 _
500 3610 506 3612 Α
726 3610 731 3612 Α
1105 3610 1111 3612 Α
1310 3609 1324 3612 _
1489 3488 1796 3612 βασιλήων,
1837 3578 1849 3591 .

1524 3561 1796 3596 ασιΑηων.
1837 3578 1849 3591 ο

502 3540 517 3542 ί
822 3540 834 3545 ⁷
1074 3540 1084 3544 ⁷
1364 3540 1367 3541 ⁷
1489 3540 1796 3617 βασιλήων,

319 3606 575 3686 Τιϐερίου
606 3610 844 3686 θυγάτηρ
875 3610 1183 3686 Μαυρᾼικίου
1210 3632 1268 3686 τε
1307 3609 1507 3686 δάμαρ,
1546 3683 1554 3686 _

249 3680 618 3758 Ἦᾼπολ-ύπαις
660 3680 929 3758 βασ-ξεια,
960 3683 1051 3758 καὶ
1154 3680 1649 3758 δείξασαήλόχείην,

318 3756 406 3816 Ὦς
436 3755 632 3829 ἀγαθὸν
662 3754 869 3829 τελέθει
898 3756 989 3829 καὶ
1011 3754 1438 3829 πολυκοιρανίη,

250 3830 445 3901 Κεῖμαι
478 3825 587 3901 σὺν-
600 3826 836 3901 τεκέεσσι
864 3828 954 3881 καὶ
977 3829 1020 3901 Ῠὴ
1031 3825 1583 3901 μετὲρῳπαρακοίτῃ

329 3895 404 3968 Ᾱή
417 3920 524 3973 μου
549 3895 870 3973 ’ἀτασθαλίῃ
903 3900 992 3952 καὶ
1012 3895 1196 3973 μανίη
1213 3895 1512 3973 στρατιῆς.

249 3972 358 4039 Τῆς
394 3965 672 4041 ΠἙκάϐης
768 3965 932 4040 ἔτλην
1015 3965 1181 4024 πολὺ’
1253 3965 1494 4044 χείρονα,
1577 3974 1677 4059 τῇς
1774 3970 1905 4027 Ἰου-

1569 4060 1775 4103 καστης

1569 4062 1798 4111 καστης,

322 4110 400 4185 Ai’
423 4109 490 4185 αἴ
510 4117 614 4182 τῆς
642 4107 858 4183 Νιόϐης
886 4110 1122 4185 ἔμπνοός
1153 4111 1266 4185 εἶμι
1298 4112 1470 4185 νέκυς.
1594 4181 1604 4185 _

247 4183 356 4239 Ναὶ
411 4183 500 4238 ναὶ
572 4181 697 4239 τὸν
798 4181 1034 4258 γενὲταψ
1139 4181 1217 4239 τί’
1299 4184 1477 4254 μάτην
1538 4181 1619 4259 ’τὰ
1717 4183 1909 4259 νεογνὰ

1536 4249 1802 4323 ἔκτειναν,

329 4325 645 4399 Δνθρώπων
677 4325 870 4399 κακίης
907 4322 1076 4399 μηδεν
1104 4323 1433 4399 ἐπιστάμενα
1465 4344 1480 4394 ;

252 4396 570 4470 Ἥμετέροις
602 4396 888 4453 πετάλοισι
908 4396 1202 4459 κατάσκιος
1233 4396 1410 4452 οὐκετι
1435 4398 1644 4469 Ῥώμηο

471 4541 625 4610 Ῥίζα
679 4541 780 4617 γὰρ
837 4538 1108 4608 ἐκκλάσθη
1150 4538 1430 4615 Θρηικίοις
1461 4536 1708 4613 ἀνέμοις.

250 4702 314 4760 Ὁ
348 4700 404 4758 δὲ
437 4699 777 4763 Φιλιππικὸς
811 4702 1246 4776 ἀποκειράμενος
1268 4701 1673 4776 καὶὶερωσύνην
1696 4689 1926 4771 λαϐὼν,’

250 4790 309 4844 ἓν
333 4788 712 4864 Χρυσουπόλει
747 4787 1010 4845 διατελῶν
1039 4788 1264 4865 ἡσύχως
1288 4786 1658 4858 ἐτελεύτησεν.

329 4878 413 4947 Ἐξ
442 4878 645 4933 ἐκείνου
689 4879 779 4934 οὗν
843 4884 940 4934 τοῦ
994 4882 1188 4953 καιροῦ
1236 4876 1299 4933 ού
1359 4874 1574 4932 διέλιπε
1630 4878 1731 4946 τὴν
1775 4882 1913 4935 Ῥω·

263 4966 456 5042 μανίαν
510 4964 903 5043 δυστυχήματα
959 4965 1190 5023 ποικίλα
1247 4967 1338 5020 καὶ
1421 4965 1644 5035 ἐξαίσια.
1703 4967 1759 5020 '0
1810 4966 1915 5043 γὰρ

255 5060 367 5111 τῶν
401 5059 615 5131 Ηερσῶν
651 5055 908 5130 βασιλεὺς
938 5056 1191 5133 Χοσρόης
1244 5055 1345 5124 τὴν
1403 5054 1625 5129 εἰρήνην
1679 5053 1914 5129 διέλυσε,

256 5142 350 5200 καὶ
382 5146 435 5199 οἱ
464 5140 698 5220 Ἀϐαρες
728 5146 827 5215 τὴν
861 5145 1078 5220 Θράκην
1136 5142 1423 5212 διώλεσαν,
1482 5143 1574 5198 καὶ
1632 5142 1799 5223 ἄμφω
1850 5144 1918 5201 τὰ

258 5230 598 5307 στρατόπεδα
653 5238 762 5288 τῶν
830 5234 1121 5306 Ῥωμαίων
1168 5233 1553 5309 διεφθάρησαν,
1602 5229 1741 5289 ὥστε
1775 5232 1914 5305 ὀπη-

256 5321 380 5379 νίκα
426 5319 752 5397 Ἡράκλειος
808 5317 1126 5378 ἐϐασίλευσε
1179 5322 1270 5378 καὶ
1328 5321 1563 5392 ἐξέτασιν
1619 5320 1915 5392 ἐποιήσατο

256 5410 336 5474 εἷς
368 5407 643 5485 ἀκρίϐειαν
674 5414 770 5466 τοῦ
801 5411 1113 5482 ὁπλιτικοῦ,
1164 5411 1225 5466 ἐκ
1272 5409 1450 5481 πάσης
1505 5416 1606 5479 τῆς
1667 5410 1916 5480 πληθύος

2022 1878 2309 1950 epitaphii
2340 1877 2469 1932 loco
2500 1875 2711 1930 habuit
2764 1874 3090 1929 liberorum
3127 1874 3270 1928 707
3330 1872 3574 1928 cuidem.
3607 1873 3671 1927 In

2020 1973 2184 2024 tanta
2212 1972 2411 2022 autem
2442 1964 2779 2021 calamitate
2811 1963 3088 2017 virtutem
3135 1978 3304 2016 suam
3362 1961 3623 2016 exseruit
3655 1977 3669 2014 :

2019 2074 2154 2113 cum
2186 2056 2346 2112 enim
2369 2055 2568 2110 nutrix
2593 2070 2774 2109 unum
2807 2052 2879 2106 de
2935 2051 3113 2124 regiis
3151 2051 3351 2122 pueris
3385 2051 3672 2106 sull'urata

2019 2163 2193 2202 suum
2225 2163 2331 2218 pro
2362 2162 2431 2201 eo
2454 2143 2851 2217 jugulandum
2904 2140 3230 2208 exhiberet,
3264 2157 3383 2195 non
3422 2144 3511 2195 est
3557 2140 3671 2195 hoc

2018 2253 2229 2309 passus
2250 2232 2707 2300 Mauricius,sed
2735 2248 2907 2288 suum
2939 2231 3131 2302 promi
3154 2230 3451 2302 jussit.Ac
3471 2229 3671 2286 ferunt

2019 2326 2263 2398 quidam
2295 2342 2363 2380 eo
2386 2323 2658 2397 jugulato
2698 2338 2882 2393 puero
2939 2322 3133 2375 cruori
3183 2320 3427 2375 mistum
3457 2318 3549 2373 lac
3580 2319 3669 2373 ef-

2021 2416 2262 2472 ﬂuxisse
2285 2413 2358 2469 de
2386 2412 2649 2479 vulnere,
2683 2428 2815 2482 quae
2845 2426 2941 2479 res
2974 2409 3199 2463 luctum
3230 2407 3510 2462 omnibus
3533 2424 3665 2479 gra-

2018 2521 2149 2561 vem
2179 2503 2465 2560 attulerit.
2489 2500 2748 2556 Tandem
2778 2499 2905 2571 ipse
2926 2513 3163 2569 quoque
3194 2496 3671 2562 Mauricius,cum
3704 2512 3709 2515 ·

2020 2596 2148 2669 lege
2180 2600 2407 2650 naturae
2431 2592 2798 2663 superiorem
2830 2606 2892 2644 se
2949 2587 3249 2660 gessisset,
3300 2587 3530 2641 occisus
3562 2592 3670 2642 est.

2021 2685 2225 2757 Capita
2253 2697 2461 2739 eorum
2493 2681 2554 2735 in
2587 2695 2862 2750 campum
2915 2677 3087 2749 juxta
3126 2675 3387 2731 tribunal
3416 2676 3671 2746 abjecta,

2020 2791 2155 2831 cum
2177 2774 2306 2845 jam
2335 2771 2631 2836 fmierent;
2666 2767 2796 2822 tolli
2857 2766 3085 2821 Phocas
3135 2765 3425 2836 permisit,
3458 2765 3506 2819 si
3539 2765 3670 2835 quis

2021 2882 2150 2921 eam
2171 2880 2299 2918 rem
2325 2865 2584 2918 curaret.
2616 2857 2938 2913 Christiani
2970 2871 3108 2927 ergo
3142 2870 3210 2910 ea
3257 2871 3391 2908 cum
3444 2854 3671 2909 truncis

2017 2956 2340 3010 humarunt
2367 2951 2429 3004 in
2460 2949 2595 3004 fano
2655 2945 2852 3001 Sancti
2910 2944 3242 3011 Mamantis,
3300 2959 3481 3014 prope
3530 2959 3665 3013 por-

2015 3056 2139 3107 tam
2195 3041 2599 3113 Xylocercam.
2681 3034 2962 3105 Sepulcro
3031 3033 3464 3103 inscripserunt
3519 3032 3671 3087 hanc

2018 3133 2268 3205 elegiam
2303 3147 2317 3185 :

2012 3402 2475 3472 Induperalorum
2496 3393 2662 3450 nimis
2693 3394 2797 3447 heu
2828 3391 3144 3446 miseranda
3173 3388 3427 3444 duorum.

2090 3583 2243 3636 Uxor
2271 3575 2551 3642 Mauricii,
2580 3573 2700 3643 ﬁlia
2742 3570 2969 3636 Tiberii,

2015 3672 2145 3736 Quae
2174 3666 2544 3736 demonstravi
2562 3676 2852 3736 numerosa
2878 3657 3174 3736 splendida
3199 3657 3361 3727 prole

2084 3745 2209 3798 Esse
2234 3742 2401 3795 etiam
2428 3735 2626 3790 multos
2648 3732 2866 3788 utiliter
2894 3730 3165 3784 dominos.

2016 3815 2111 3869 Hic
2142 3827 2288 3867 nunc
2319 3826 2443 3865 cum
2472 3805 2622 3862 natis
2649 3807 2759 3860 sita
2788 3819 2907 3857 sum
2942 3803 3248 3870 miseroque
3269 3799 3497 3862 marito,

2085 3884 2340 3941 Stultitia
2363 3878 2586 3951 populi,
2615 3876 2811 3951 militis
2836 3879 2899 3951 et_
2906 3872 3085 3951 rabie.

2015 3958 2301 4012 Deteriora
2332 3946 2696 4007 tuli—Cisseide
2724 3948 2836 4001 sive
2862 3946 3088 3998 Iocasta
3119 3959 3140 3995 .-

2084 4100 2217 4154 Sum
2250 4095 2434 4151 Nioba:
2461 4090 2680 4162 spirans
2709 4087 2877 4162 (proh
2906 4087 3067 4140 dolor
3086 4085 3134 4162 !)_
3152 4085 3380 4162 efﬁgies.

2015 4171 2156 4227 Sans
2184 4166 2357 4237 fuerit
2386 4157 2608 4234 genitor
2630 4178 2649 4216 :
2678 4157 2815 4230 quid
2841 4163 2999 4213 natos
3021 4157 3224 4211 caedere
3250 4158 3481 4224 frustra,

2087 4313 2357 4366 Humanae
2387 4304 2608 4378 fraudis
2634 4303 2816 4359 nescia
2846 4300 3034 4378 corda,
3058 4301 3223 4369 juvat
3251 4302 3279 4352 ?

2021 4384 2171 4439 708
2204 4385 2321 4439 Non
2346 4367 2490 4451 jam,
2524 4379 2715 4442 Roma,
2764 4375 2895 4427 meis
2951 4367 3167 4442 quaeras
3200 4370 3349 4512 [διώὸ
3375 4367 3679 4437 frondibus

3223 4458 3315 4496 um
3351 4457 3475 4495 ram
3518 4456 3530 4493 :

3223 4456 3475 4496 umbram
3518 4456 3530 4493 Σ

1953 4543 2001 4607 D
2101 4526 2241 4582 Nam
2269 4525 2489 4593 stirpem
2523 4519 2684 4574 turbo
2713 4516 2921 4586 difﬁdit
2950 4514 3230 4584 Odrysius.

2023 4689 2385 4761 Philippicus
2416 4690 2585 4738 tonso
2619 4679 2833 4752 capillo
2856 4675 3404 4735 sacerdotiuminiit
3424 4674 3677 4747 Chryso-

2023 4781 2168 4854 poli,
2202 4780 2405 4849 ibique
2435 4776 2615 4830 vitam
2638 4771 2711 4827 ad
2745 4772 2924 4825 ﬁnem
2956 4784 3145 4840 usque
3196 4767 3459 4838 quietam
3492 4765 3682 4820 duxit.

2094 4871 2405 4926 Enimvero
2427 4865 2499 4921 ab
2532 4861 2773 4918 interitu
2793 4857 3057 4913 Mauricii
3086 4873 3179 4911 res
3210 4858 3478 4911 Romana
3495 4854 3680 4909 conti-

2024 4959 2304 5018 nentibus
2320 4961 2496 5026 atque
2523 4949 2821 5008 atrocibus
2852 4952 2943 5003 est
2958 4946 3177 5001 afﬂicta
3209 4942 3668 5000 calamitatibus.

2025 5054 2170 5108 Nam
2202 5055 2261 5105 et
2288 5064 2391 5102 rex
2448 5047 2761 5099 Persarum
2810 5038 3102 5093 Chosroes
3157 5052 3365 5106 pacem
3405 5034 3586 5104 rupit,
3619 5038 3680 5086 et

2026 5144 2241 5198 Avares
2270 5133 2579 5192 Thraciam
2607 5126 3170 5202 pessumdederunt,
3205 5130 3263 5178 et
3290 5128 3540 5191 uterque
3573 5123 3681 5176 Ro-

2026 5241 2340 5285 manorum
2372 5220 2664 5278 exercitus
2695 5215 2893 5288 periit.
2929 5215 3009 5267 Ac
3040 5228 3226 5283 usque
3248 5210 3396 5266 adeo
3431 5209 3675 5275 milites,

2027 5320 2130 5391 qui
2165 5318 2412 5372 Phocam
2445 5312 2516 5368 ad
2542 5306 2921 5381 tyrannidem
2943 5307 3281 5370 evexerant,
3306 5301 3412 5357 sub
3442 5318 3510 5356 eo
3541 5306 3681 5357 sunt

2030 5406 2391 5477 consumpti,
2422 5410 2487 5459 ut
2517 5418 2653 5458 cum
2712 5396 3017 5454 Heraclius
3073 5395 3394 5465 imperator
3449 5399 3684 5449 creatus

1452 5510 1814 5566 XYLANDRI
1867 5511 1954 5566 ET
1993 5508 2210 5565 GOARI
2253 5504 2473 5560 NOTAE.

355 5615 440 5687 16)
466 5616 546 5668 Eo
579 5632 795 5687 nempe
819 5617 982 5671 urbis
1015 5630 1370 5687 campo,quo
1404 5617 1920 5687 ex_structum_e_rat

257 5684 550 5817 palatigm
572 5684 796 5742 dictum
834 5684 1222 5743 Tribunalium
1246 5684 1613 5741 novemdecim
1634 5685 1918 5740 accubito-

256 5770 411 5814 rum.
492 5773 620 5814 OAR.

2099 5607 2333 5683 (l7)_A_d
2366 5608 2545 5660 imam
2572 5602 2738 5683 sinus
2771 5604 3002 5683 partem
3026 5614 3251 5679 .versus
3297 5595 3680 5683 “occidentem

2028 5669 2118 5737 est
2145 5669 2494 5751 Ξυλόκερκος
2524 5679 2715 5751 porta,
2738 5669 2787 5751 ,εἰ
2810 5670 2964 5751 palis
3008 5669 3084 5751 in
3116 5670 3245 5741 ejus
3295 5669 3681 5727 fundamento

2027 5753 2159 5811 ﬁxis
2188 5752 2274 5809 sic
2304 5739 2481 5808 dicta.
2515 5739 2970 5815 (Leunclavius.)
3003 5739 3174 5799 Goaa'.
