4108 6300
415 304 534 366 7'15

420 443 757 496 accuratam
786 437 1046 494 militum
1091 433 1500 492 recensionem
1561 435 1780 506 ageret,
1811 429 1885 486 de
1930 429 2048 484 uni-

2180 429 2282 492 τῆς
2345 428 2660 504 εὑρεθείσης
2711 433 2794 503 τῷ
2855 430 3142 507 Παυρικίῳ

415 546 585 586 versa
614 529 873 584 militum
907 525 1290 583 multitudine
1323 541 1472 596 quos
1528 539 1565 579 a
1605 521 1884 578 Mauricio
1923 537 2070 576 con-

1764 291 2087 358 GEOBGII
2128 291 2477 358 CEDRENI

3727 298 3860 357 ’776

3224 428 3314 488 ἐπὶ
3357 435 3460 502 τῆς
3509 428 3858 507 τυραννίδος

2184 520 2354 572 Φωκᾶ
2411 516 2518 593 οὐχ
2575 518 2694 595 εὗρε
2751 517 3053 594 περαιτέρω
3119 515 3215 576 δύο
3261 516 3494 595 ἀνδρῶν·
3547 516 3740 582 οὕτως
3801 520 3858 574 οἱ

417 619 668 689 scriptos
698 617 924 672 Phocas
957 620 1287 686 acceperat,
1330 619 1557 669 tantum
1610 611 1726 666 duo
1759 609 2048 682 superfue-

2177 605 2270 660 τὸν
2349 607 2606 679 τύραννον
2687 609 3131 683 προστησάμενοι
3209 607 3298 664 ἐπὶ
3369 608 3535 664 αὐτοῦ
3599 606 3854 678 ἀνηλώ-

415 707 556 761 rint.

477 798 706 852 Phocas
747 795 1067 868 imperium
1099 795 1329 866 accepit
1364 809 1519 848 anno
1580 791 1784 846 mundi
1832 792 1994 856 6095,
2029 804 2065 844 a

408 885 642 941 Christo
677 891 815 941 nato
847 889 1039 951 595,et
1065 885 1374 954 tenuitper
1402 879 1968 940 octennium.factus
1988 877 2062 932 de

410 975 758 1030 centurione
787 974 1370 1046 imperator.Statura
1397 971 1510 1027 fuit
1538 969 1845 1036 mediocri,
1873 967 2061 1023 defor-

411 1064 548 1130 mis,
580 1065 863 1119 terribilis
893 1068 1156 1134 aspectu,
1187 1061 1437 1116 rubente
1458 1059 1694 1132 capillo,
1727 1055 2062 1129 superciliis

409 1155 1006 1219 coeuntibus,mento
1029 1169 1185 1218 raso,
1218 1151 1490 1206 cicatrice
1523 1151 1584 1204 in
1615 1149 1774 1205 mala
1797 1151 2058 1213 notatus,

409 1260 539 1316 quae
570 1246 698 1316 ipso
729 1243 1021 1298 irascente
1051 1240 1510 1314 denigrabatur;
1553 1239 1813 1300 vinosus.
1844 1237 2060 1292 mulie-

406 1350 600 1400 rosus,
625 1331 1060 1404 sanguinarius,
1087 1329 1332 1401 rigidus,
1385 1327 1445 1383 in
1498 1327 1750 1384 dicendo
1780 1325 1964 1396 ferox,
2024 1341 2060 1380 a

407 1423 790 1478 miseratione
846 1421 1098 1487 alienus,
1158 1419 1424 1474 moribus
1478 1415 1642 1482 feris,
1720 1415 2054 1470 hmreticus.

406 1514 564 1569 Uxor
593 1513 722 1584 ejus
754 1511 974 1566 Leonto
1043 1510 1250 1564 iisdem
1303 1508 1416 1564 fuit
1459 1507 1726 1564 moribus
1785 1505 2055 1578 prtedita.

403 1601 568 1657 lllius
586 1606 758 1656 mtate
783 1600 982 1656 omnis
1006 1599 1242 1672 generis
1264 1598 1418 1654 mala
1435 1599 1494 1652 in
1517 1597 1847 1652 humanum
1869 1611 2058 1668 genus

405 1691 576 1762 quasi
609 1690 1159 1745 exundarunt.Nam
1176 1694 1234 1743 et
1264 1687 1578 1744 hominum
1610 1685 2055 1756 bestiarumque

401 1785 637 1834 mortua
669 1784 757 1833 est
790 1777 938 1832 που
999 1778 1291 1832 immensa
1346 1774 1664 1832 multitudo
1699 1792 1714 1841 ;
1781 1779 1841 1829 et
1899 1777 2056 1827 terra
2088 1794 2136 1860 Β

402 1867 599 1938 fruges
620 1872 872 1940 negante
905 1867 1249 1933 fames,tum
1282 1865 1644 1937 gravissimas
1675 1861 2054 1934 pestesobor-

402 1959 476 2009 ιω
508 1960 676 2022 sunt,
710 1955 1058 2026 hiemesque
1088 1954 1332 2010 fuerunt
1351 1953 1498 2010 adeo
1522 1969 1688 2009 saavaa
1705 1950 1771 2008 ut
1788 1951 2056 2024 congela.

399 2044 547 2098 verit
583 2060 748 2100 mare
776 2061 844 2099 ac
874 2044 1068 2115 pisces
1099 2043 1555 2115 perierint.Cum
1587 2042 2055 2098 Phocascircen-

399 2148 492 2187 ses
550 2132 721 2187 ludos
775 2132 1079 2200 edidisset,
1142 2149 1210 2187 ac
1259 2132 1366 2186 sub
1425 2147 1734 2203 vesperam
1797 2132 1932 2185 vino
1992 2145 2056 2185 se

406 2218 845 2291 ingurgitasset,
878 2226 936 2274 et
968 2220 1193 2276 tardius
1223 2220 1746 2280 rediret.clamavit
1777 2219 2054 2291 populus:

407 2309 1162 2380 Exorire,Phoca.Cumque
1185 2325 1305 2363 non
1331 2308 1530 2363 statim
1553 2308 1628 2364 ad
1651 2307 2056 2379 spectaculum

406 2399 774 2468 procederet,
807 2399 1108 2453 vociferati
1135 2405 1312 2454 sunt:
1345 2403 1572 2454 Rursus
1603 2399 1802 2453 vinum
1828 2397 2053 2466 bibisti,

409 2503 615 2542 rursus
647 2492 906 2542 mentem
937 2488 1188 2542 amisisti
1206 2488 1234 2542 ‘2
1264 2487 1348 2544 Ob
1361 2486 1520 2558 quod
1551 2485 1880 2542 convicium
1905 2487 2057 2542 insa-

403 2575 505 2630 nia
533 2581 841 2647 correptus
873 2576 1078 2631 multis
1107 2576 1378 2632 membra
1406 2575 1923 2648 prmciditJnultos
1945 2593 2052 2630 ne-

401 2665 570 2720 cavit.
587 2664 812 2736 P0pulo
825 2671 1022 2720 autem
1037 2665 1234 2736 ignem
1266 2665 1324 2719 in
1357 2666 1700 2736 praetorium
1723 2665 2049 2737 injiciente,

398 2754 786 2828 profugerunt
814 2771 1022 2810 omnes
1054 2754 1425 2810 vincti.ldem
1456 2757 1684 2810 Phocas
1713 2772 2055 2812 ormamen-

399 2843 614 2898 tarium
647 2843 937 2898 exstruxit
993 2845 1324 2917 Magnauras
1383 2843 1807 2916 propinquum,
1857 2851 2053 2901 statua

406 2948 588 3002 supra
619 2931 678 2986 id
708 2931 1011 2989 collocata.

466 3111 896 3167 Famaobtinet
951 3111 1346 3168 Theodosium
1405 3113 1670 3168 Mauricii
1729 3112 1920 3168 ﬁlium
1968 3113 2040 3169 ad

393 3199 694 3256 Chosroen
723 3200 1002 3272 legatum,
1033 3201 1234 3256 missis
1263 3201 1504 3257 aPhoca
1533 3202 1822 3258 ministris
1836 3203 2042 3258 Nicmm

393 3295 630 3359 captum
637 3289 998 3360 jussumque
1020 3290 1384 3357 necari,cum
1403 3290 1477 3345 ad
1499 3290 1694 3346 locum
1717 3291 1809 3346 cui
1825 3309 2042 3347 nomen

394 3382 485 3432 est
514 3379 812 3432 Leucactm
842 3378 1226 3448 pervenisset.
1257 3378 1652 3434 Theodosium
1691 3396 1867 3451 porro
1897 3383 2045 3452 peti-

395 3466 548 3520 visse
577 3471 642 3520 ut
696 3466 1042 3537 priusquam
1098 3472 1432 3534 necaretur,
1477 3468 1691 3523 divinis
1749 3469 2040 3541 impertiri

391 3559 594 3627 posset
612 3555 1103 3626 mysteriis.Quod
1129 3560 1444 3626 postquam
1467 3557 2044 3628 impetraverit,actis

395 3643 516 3696 Deo
541 3641 744 3713 gratiis
775 3640 1034 3713 lapidem
1089 3657 1124 3696 a
1181 3647 1339 3698 terra
1367 3643 1700 3713 sustulisse,
1733 3661 1922 3716 eoque
1953 3652 2044 3701 ter

395 3735 603 3802 pectus
636 3746 808 3785 suum
826 3730 1304 3802 percussisse,ita
1325 3733 1593 3788 orantem
1613 3750 1625 3788 :
1646 3734 2042 3791 DomineJesu

391 3822 715 3891 Christe,tu
738 3823 852 3879 scis
869 3840 960 3878 me
981 3823 1137 3878 nulli
1158 3824 1472 3879 hominum
1497 3824 1777 3898 injuriam
1804 3826 2037 3882 fecisse.

394 3912 561 3967 Nunc
582 3929 719 3984 ergo
749 3912 893 3966 mihi
925 3913 1158 3968 eveniat
1175 3918 1242 3968 ut
1271 3917 1371 3969 tua
1391 3913 1568 3986 jubet
1596 3915 1880 3987 potentia.
1907 3917 2040 3972 Haec

395 4000 518 4056 fato
549 4005 729 4073 caput
751 3999 936 4056 fuisse
970 4003 1476 4073 amputatum.Alii
1503 4021 1638 4059 eum
1671 4021 1703 4059 a
1715 4011 1882 4076 patre
1904 4023 2038 4060 cum

391 4088 608 4145 litteris
655 4089 729 4145 ad
757 4091 1057 4146 Chosroen
1084 4091 1394 4147 Persarum
1425 4107 1623 4166 regem
1657 4094 1902 4149 missum
1945 4094 2034 4149 iii-

391 4178 696 4235 tercidisse
729 4180 916 4236 aiunt.

461 4449 614 4504 τιυ
639 4451 820 4504 Porro
850 4447 1237 4504 Alexandrea)
1269 4447 1664 4522 calligraphus
1681 4451 2040 4523 quidam,vir

2175 695 2368 766 θησαν.

2245 780 2470 857 Κόσμου
2522 784 2672 857 ἔτος,
2730 785 2870 864 ,ςιιεζ
2929 793 3031 856 τῆς
3089 789 3236 852 θειας
3309 787 3638 862 σαρκώσεως
3701 786 3847 864 ιρι-ρ’*

2173 877 2370 936 Φωκᾶς
2447 875 2476 929 ό
2556 874 2816 950 τύραννος
2895 871 3240 932 ἐϐασίλευσεν
3325 869 3418 946 ἔτη
3506 878 3588 948 η’.
3661 873 3854 938 Οὗτος

2168 961 2465 1038 κεντηρίων
2503 963 2629 1032 ἤτοι
2685 963 3010 1043 κὲνταρχος,
3069 967 3168 1035 τήν
3225 969 3324 1021 τοῦ
3377 965 3637 1039 σώματος
3709 965 3854 1018 ἀνα-

2169 1045 2384 1124 δρομὴν
2443 1051 2628 1125 μέσος,
2681 1049 3018 1130 δύσμορφος,
3076 1051 3450 1125 ἐκπληκτικήν
3515 1052 3672 1130 ἔχων
3741 1055 3850 1122 τὴν

2167 1139 2312 1214 ὃψιν,
2341 1142 2442 1210 τήν
2471 1140 2642 1218 τρίχα
2663 1141 3048 1217 πυρῥίζουσαν,
3109 1141 3377 1222 σόνοφρύς
3402 1164 3462 1198 τε
3513 1145 3608 1199 καὶ
3637 1143 3716 1198 τὸ
3751 1143 3855 1217 γέ-

2166 1249 2308 1284 νειον
2338 1231 2678 1306 κειρόμενος,
2712 1225 2858 1306 ἔχων
2882 1229 3052 1303 οὐλὴν
3084 1230 3174 1288 ἐπὶ
3228 1238 3332 1302 τῆς
3367 1237 3594 1307 παρειᾶς
3633 1231 3846 1304 αὐτοῦ,

2165 1319 2284 1388 ἣτις
2314 1317 2473 1391 ἐντῷ
2529 1321 2832 1392 θυμοῦσθαι
2890 1320 3054 1376 αὐτὸν
3103 1318 3446 1395 ἐμελαίνετο,
3503 1315 3846 1397 οἰνοϐαρής,

2165 1407 2484 1484 αἱμοχαρῆς
2536 1409 2630 1463 καὶ
2683 1409 2822 1484 πρὸς
2886 1415 3144 1487 γυναῖκας
3179 1409 3544 1484 ἐπτοημένος,
3595 1411 3844 1487 βριαρός

2165 1496 2256 1551 καὶ
2329 1495 2526 1572 θρασὺς
2611 1497 2664 1553 ἐν
2750 1501 2833 1572 τῷ
2915 1499 3268 1575 φθέγγεσθαι,
3345 1499 3684 1574 ἀσυμπαθὴς
3749 1499 3844 1554 καὶ

2167 1582 2447 1660 θηριώδης
2507 1591 2600 1641 τὸν
2657 1587 2860 1662 τρόπον
2916 1587 3007 1642 καὶ
3064 1588 3354 1663 αἱρετικός.
3413 1588 3631 1646 Τούτου
3698 1589 3840 1663 γυνὴ

2167 1677 2383 1731 Λεοντὼ
2421 1675 2740 1752 ὁμότροπος
2809 1677 2980 1750 αὐτῷ.
3041 1680 3128 1736 Ἐν
3186 1685 3307 1742 ταῖς
3363 1679 3597 1754 ἡμεραις
3657 1679 3844 1734 αὐτοῦ

2165 1766 2341 1821 πάντα
2369 1764 2712 1840 ἐπερίσσευσε
2759 1772 2878 1830 τοῖς
2941 1769 3249 1844 ἃνθρώποις
3300 1768 3368 1824 τὰ
3410 1769 3570 1836 κακὰ,
3630 1775 3844 1837 θνῆσις

2164 1853 2466 1929 ἀνθρώπων
2539 1855 2631 1910 καὶ
2713 1860 2930 1924 κτηνῶν
2997 1853 3186 1926 πολλή
3253 1857 3346 1912 καὶ
3421 1856 3836 1933 ἀναρίθμητος,

2163 1942 2382 2021 ἀφορίαι
2411 1949 2511 2014 τῆς
2533 1951 2660 2020 γῆς,
2691 1945 2782 1999 καὶ
2813 1942 2975 2019 λιμοὶ
3007 1943 3097 2001 καὶ
3151 1945 3347 2020 λοιμοὶ
3399 1943 3834 2023 χαλεπώτατοι,

2162 2034 2249 2087 καὶ
2285 2037 2556 2108 χειμῶνες
2595 2031 2920 2104 τηλικοῦτοι
2979 2035 3054 2096 ὡς
3105 2041 3337 2110 παγῆναι
3387 2037 3489 2106 τήν
3541 2034 3830 2100 θάλασσαν

2234 2121 2249 2142 \
2441 2121 2453 2140 Ι
2666 2121 2680 2141 \
2814 2123 2828 2141 9
2925 2122 2940 2142 Ι
3539 2124 3556 2144 κ
3699 2126 3716 2146 3
3798 2127 3828 2141 α

2161 2142 2251 2176 και
2303 2123 2542 2178 τεθναναι
2597 2143 2726 2184 τους
2817 2134 3029 2198 ιχθυας.
3105 2125 3444 2195 Ποιήσαντος
3507 2121 3567 2179 δε
3650 2145 3832 2181 αυτου

2163 2211 2406 2278 ἱππικὸν,
2439 2209 2529 2266 καὶ
2561 2214 2628 2285 τῇ
2659 2211 2857 2286 ἑσπέρᾳ
2885 2210 3086 2286 πολλῷ
3132 2217 3210 2286 τῷ
3268 2213 3400 2286 οἳνῳ
3457 2215 3828 2292 χρησαμένου

2161 2299 2251 2354 καὶ
2302 2296 2695 2374 βραδεύσαντος
2751 2298 3022 2368 ἀνελθεῖν,
3071 2295 3285 2372 ἔκραξεν
3335 2303 3366 2358 ὁ
3423 2299 3626 2376 δῆμος.
3662 2303 3826 2360 Ἀνά-

2159 2387 2338 2444 τειλον
2360 2391 2497 2463 (18),
2531 2393 2718 2446 Φωκᾶ.
2753 2391 2846 2459 Μή
2905 2388 3268 2466 ἐξερχομένου
3335 2385 3394 2447 δὲ
3423 2390 3588 2448 αὐτοῦ
3616 2391 3823 2472 τάχιον

2158 2481 2296 2554 πρὸς
2320 2480 2420 2550 τὴν
2454 2479 2598 2548 θέαν,
2629 2478 2730 2558 ἔφη
2763 2481 2792 2534 ὁ
2832 2477 3029 2556 δῆμος
3067 2481 3237 2538 Πάλιν
3273 2481 3366 2538 τὸν
3426 2483 3575 2538 οἶνον
3641 2479 3816 2555 ἔπιες,

2158 2567 2324 2624 πάλιν
2364 2569 2456 2625 τὸν
2483 2575 2607 2624 νοῦν
2635 2567 2924 2633 ἀπώλεσας
2988 2589 3002 2640 ;
3064 2572 3182 2648 Ἐφ’
3221 2573 3311 2633 οἷς
3345 2569 3534 2644 μανεὶς
3564 2573 3819 2636 πολλοὺς

2157 2659 2542 2732 ἠκρωτηρίασε
2594 2661 2684 2715 καὶ
2741 2659 2990 2722 πολλοὺς
3042 2662 3131 2734 [Ρ.
3191 2664 3320 2736 405]
3372 2661 3640 2740 ἐφόνευσε.
3696 2660 3813 2720 Τοῦ

2139 2739 2338 2824 ’ὄχλου
2369 2744 2428 2803 δὲ
2473 2752 2582 2824 πῦρ
2639 2747 2716 2812 εἷς
2771 2749 2834 2804 τὸ
2891 2751 3224 2825 πραιτώριον
3284 2739 3570 2826 βαλόντος,
3609 2747 3806 2828 ἔφυγον

2157 2837 2353 2898 πάντες
2381 2837 2435 2891 o't
2462 2834 2696 2911 δέσμιοι.
2755 2838 2818 2894 Ὁ
2875 2834 2933 2892 δὲ
2986 2837 3152 2900 αὐτὸς
3201 2843 3402 2902 Φωκᾶς
3432 2840 3590 2908 κτίζει
3621 2839 3796 2912 ἅρμα·

2159 2927 2352 3000 μὲντον
2381 2927 2446 2983 τὸ
2475 2925 2714 2998 πλησίον
2743 2933 2846 2998 τῆς
2867 2927 3207 3004 Μαγναύρας,
3237 2929 3434 3001 στήσας
3458 2929 3554 2997 τὴν
3579 2927 3786 2998 στήλην

2154 3014 2335 3072 ἐπάνω
2367 3014 2550 3072 αὐτοῦ.
3029 3025 3032 3028 ’
3709 3043 3714 3056 ·

2227 3102 2518 3163 Θεοδόσιον
2549 3102 2608 3160 δὲ
2653 3105 2748 3160 τὸν
2803 3109 2902 3162 τοῦ
2957 3105 3261 3182 Μαυρικίου
3313 3108 3454 3178 υἱὸν,
3511 3107 3584 3170 ὡς
3630 3105 3793 3182 λόγος

2154 3201 2361 3268 κρατεῖ,
2445 3196 2580 3270 πρὸς
2636 3197 2885 3270 Χοσρόην
2944 3196 3342 3268 ἀποσταλέντα,
3402 3196 3721 3258 ἀποστείλας
3768 3195 3798 3250 δ

2151 3290 2349 3347 Φωκᾶς
2391 3279 2688 3340 κατέλαϐεν
2747 3283 2802 3340 ἐν
2860 3285 3077 3359 Νικαίᾳ,
3133 3287 3220 3342 καὶ
3281 3285 3334 3342 ἐν
3389 3308 3472 3360 τῳ
3529 3285 3802 3360 Λευκάκτῄ

2150 3370 2378 3429 ἐλθόντα
2434 3371 2710 3430 ἐκέλευσεν
2767 3373 3130 3451 ἀναιρεθῆναι·
3191 3376 3252 3439 ὃς
3320 3376 3412 3432 καὶ
3469 3373 3803 3452 παρεκάλεσε

2149 3464 2414 3540 πρότερον
2500 3459 2827 3536 μεταλαϐεῖν
2897 3469 3008 3520 τῶν
3063 3464 3222 3530 θείων
3291 3465 3608 3541 μυστηρίων
3666 3467 3802 3540 (19),

2151 3552 2250 3607 εἶθ’
2309 3551 2484 3613 οὕτως
2540 3550 2914 3628 ἀναιρεθῆναι.
2955 3554 3046 3617 Ὧς
3101 3551 3160 3609 δὲ
3213 3551 3526 3629 μετέλαϐεν,
3579 3555 3805 3630 εὐχαρι-

2149 3644 2347 3712 στήσας
2377 3645 2456 3712 τῷ
2484 3640 2601 3713 Θεῷ
2633 3633 2801 3697 ἔλαϐε
2833 3638 2992 3698 λίθον
3023 3641 3130 3700 ἀπὸ
3159 3651 3260 3714 τῆς
3317 3651 3446 3720 γῆς,
3504 3644 3595 3700 καὶ
3633 3645 3809 3719 τύψας

2146 3731 2330 3806 τρίτον
2373 3729 2450 3792 εἷς
2510 3729 2572 3786 τὸ
2633 3731 2835 3800 στῆθος
2889 3730 3057 3787 αὐτοῦ
3101 3729 3300 3803 ηὔξατο
3357 3733 3554 3809 λέγων·
3616 3735 3802 3808 Κύριε.

2147 3821 2328 3890 Ἰησοῦ
2356 3819 2580 3894 Χριστέ,
2611 3820 2674 3873 σὺ
2709 3816 2997 3876 ἐπίστασαι
3027 3819 3113 3876 ὅτι
3172 3821 3272 3877 οὐκ
3325 3818 3566 3894 ἠδίκησα
3595 3821 3802 3899 ἅνθρω-

2146 3928 2248 3963 πον
2281 3907 2370 3962 ἐπὶ
2399 3913 2500 3978 τῆς
2551 3910 2680 3982 γῆς.
2745 3911 2852 3964 Νῦν
2911 3908 2989 3970 ὥς
3046 3907 3257 3966 κελεύει
3311 3911 3374 3966 τὸ
3429 3909 3626 3987 κρύτος
3680 3933 3804 3981 σου,

2145 3997 2380 4072 γενέσθω
2409 3993 2490 4052 ἐπ’
2544 3995 2692 4070 ἐμοί.
2757 3997 2863 4053 Καὶ
2918 4002 3090 4054 ταῦτα
3145 3997 3313 4054 εΐπὼν
3359 3999 3671 4074 ἀπετμήθη.
3731 3997 3803 4058 Οἱ

2147 4086 2205 4144 δέ
2281 4108 2438 4163 φασιν
2515 4087 2602 4142 ὅτι
2650 4086 2809 4150 οὗτος
2859 4087 2889 4142 ὁ
2948 4085 3239 4154 Θεοδόσιος
3275 4089 3600 4153 ἀποσταλεὶς
3653 4091 3806 4168 παρᾶ

2144 4181 2240 4233 τοῦ
2297 4175 2503 4252 πατρὸς
2589 4175 2758 4231 αὐτοῦ
2817 4177 3128 4252 Μαυρικίου
3193 4179 3331 4254 πρὸς
3392 4179 3648 4255 Χοσρόην
3704 4180 3803 4236 τὸν

2149 4265 2378 4345 βασιλέα
2459 4269 2679 4342 Περσῶν
2793 4267 2928 4341 μετᾶ
3012 4269 3355 4345 γραμμάτων
3409 4269 3617 4348 ἀφανής
3708 4267 3801 4346 γό-

2143 4379 2317 4434 γονεν.

2217 4449 2307 4504 Ἐν
2362 4441 2744 4518 Ἀλεξανδρείᾳ
2818 4443 3197 4528 καλλιγράφος
3255 4450 3370 4523 (20)
3427 4443 3689 4520 εὐλαϐὴς,
3741 4448 3802 4504 ἐκ

386 4535 544 4606 pius,
575 4552 709 4591 cum
741 4536 814 4592 ab
872 4537 1135 4594 excubiis
1164 4537 1474 4594 nocturnis
1503 4535 1746 4594 domum
1793 4541 2034 4611 rediret,

2159 4533 2480 4612 παννυχίδος
2520 4536 2634 4610 (21)
2690 4531 2878 4590 οἴκαδε
2919 4537 3294 4612 πορευόμενος
3353 4536 3659 4613 μεσσοόσῃς
3708 4559 3795 4592 νυ-

1564 4636 1931 4714 XYLANDRI
1969 4642 2056 4697 ET
2095 4639 2313 4697 GOARI
2353 4637 2576 4692 Nom.

465 4720 580 4792 (18)
611 4721 992 4796 Progredere.
1017 4723 1109 4796 Sic
1137 4723 1294 4796 apud
1325 4725 1509 4781 Cicer.
1553 4742 1566 4778 l
1597 4727 1672 4781 De
1700 4728 1825 4783 Nat.
1861 4729 1992 4784 deor
2023 4746 2038 4786 :

399 4793 532 4847 Cum
561 4791 749 4846 Subito
769 4810 803 4848 a
830 4794 968 4848 ιωυα
996 4791 1218 4850 Rosciis
1248 4799 1518 4852 exoritur.
1545 4796 1684 4852 Χγι..

466 4863 580 4939 (l9)
612 4863 807 4919 Solem
840 4865 1090 4939 meridie
1121 4867 1336 4938 quaerit
1372 4865 1690 4939 Xylander,
1721 4874 1778 4923 et
1807 4885 1882 4924 an
1913 4872 2042 4927 haec

391 4933 571 4990 verba
599 4938 1084 4992 communionem
1115 4933 1342 4993 sacram
1361 4933 1629 4994 indicent
1650 4933 1836 4995 nutat.
1863 4942 2037 4999 Gosn.

465 5006 574 5091 (2p)
601 5007 822 5091 non.
854 5009 945 5091 sit
998 5009 1350 5091 proprium,
1387 5010 1675 5091 pictorem
1725 5012 2036 5091 significat.

391 5077 571 5158 Paulo
601 5078 776 5158 aliter
807 5077 1128 5158 historiam
1179 5083 1360 5158 refert
1388 5077 1680 5153 'Niceph.,
1731 5077 1886 5158 xv'lu,
1945 5088 2038 5158 4i,

393 5154 454 5204 et
485 5149 544 5204 in
569 5151 836 5237 margine
867 5153 1058 5237 Nostri
1087 5152 1408 5237 ascriptum
1441 5159 1532 5237 est
1557 5149 1711 5237 'per‘
1741 5155 1946 5237 genios
1975 5149 2038 5212 in

393 5237 526 5298 aere
585 5221 887 5298 versantes
947 5221 1262 5298 (suspirav—
1291 5221 1628 5298 πνευμάτων)
1686 5221 1867 5282 fuisse
1927 5229 2040 5284 ista

393 5291 776 5349 Alexandreae
805 5291 1095 5351 nuntiata:
1130 5297 1265 5350 XYL.
1298 5328 1381 5368 -ν
1424 5291 1540 5368 Nec
1595 5298 1900 5368 prOprium
1930 5315 2036 5356 no-

394 5378 534 5444 men
569 5371 676 5444 est,
711 5383 829 5444 nec
850 5369 1148 5444 pictorem,
1181 5373 1247 5422 ut
1281 5367 1580 5444 Xylander
1609 5367 1822 5444 innuit,
1855 5370 2038 5444 signi-

395 5433 551 5522 ficat.
582 5433 903 5522 §imocatta
928 5439 1191 5509 exponit,
1225 5433 1348 5510 vui,
1375 5441 1438 5493 l3
1473 5457 1486 5496 :
1515 5436 1719 5514 Ἀνδρα
1772 5433 1893 5495 τινὰ
1909 5433 2033 5498 Ἴτῶν

395 5521 470 5558 εις
529 5499 737 5558 καλλος
823 5507 1162 5558 γοαιοόντων-
1250 5509 1308 5558 δν
1385 5507 1437 5558 ἐν
1524 5511 1760 5558 συνθέσει
1847 5513 2033 5558 mum-Kc

391 5520 470 5562 sic
529 5520 737 5567 καλλος

862 5507 1184 5589 ραφόξτωνη
1250 5507 1437 5589 ενι-ἐν
1507 5507 1760 5589 ’συνθλῖσξι
1847 5513 2033 5589 φωνῆς

389 5569 616 5646 καλλι-[ρ
630 5573 763 5649 ξίφον

851 5577 1074 5650 ννιμάζει
1130 5577 1196 5634 τὰ
1235 5577 1444 5651 πλήθη.
1507 5582 1588 5638 De
1621 5577 2032 5657 lachygrhfillls

2151 4735 2210 4785 et
2238 4724 2616 4799 calligraphis
2647 4723 2917 4799 Origenis
2944 4725 3208 4799 historia,
3235 4725 3675 4799 ecclesiastica).
3705 4723 3792 4799 Illi

2149 4798 2366 4856 notarii
2385 4795 2588 4866 'erant,
2621 4801 2680 4852 et
2709 4795 2776 4853 ut
2803 4795 3098 4863 celeriter,
3135 4798 3217 4854 ita
3273 4798 3473 4854 minus
3521 4797 3712 4862 belle;
3737 4797 3797 4852 hi

2149 4868 2919 4941 tardius,atelegantissime
2929 4869 3628 4941 pingebant,litterasque
3645 4869 3800 4924 colo-

2147 4943 2314 5028 ribus
2339 4944 2404 5028 et
2420 4956 2574 5028 lauro
2608 4939 3061 5012 distinguebant
3082 4956 3096 5007 ;
3121 4958 3190 4997 ac
3246 4939 3560 5028 propterea
3590 4959 3802 5018 χρυσο-

2145 5013 2387 5090 γράφοῡς
2409 5009 2600 5091 dictos
2631 5009 3063 5084 nonnunquam
3091 5009 3376 5084 reperies:
3411 5009 3646 5068 Gonﬁ“

2148 5153 2153 5154 ί
2219 5081 2330 5154 (21)
2369 5081 2642 5154 Convnvio
2663 5087 2864 5137 autem
2896 5084 3075 5139 etiam
3107 5101 3274 5140 sacro
3321 5089 3614 5139 nocturno
3657 5083 3801 5139 lice-

2145 5152 2247 5235 bat
2274 5152 2521 5208 vertere.
2552 5152 2687 5206 XYL.
2712 5184 2795 5235 π
2815 5155 2942 5210 Non
2976 5172 3018 5235 _a
3045 5154 3502 5235 quibuscunque
3531 5155 3802 5235 excubiis,

2146 5225 2252 5299 sed
2282 5241 2428 5296 quas
2457 5237 2594 5279 cum
2624 5224 3181 5299 amicisnocturnus
3206 5224 3448 5282 conviva
3473 5226 3805 5299 peregisset

2145 5294 2388 5352 domum
2416 5294 3604 5369 repetebatcalligrapbus.Simocatta,qui
3621 5294 3804 5368 quem

2145 5384 2374 5424 morem
2405 5365 2699 5422 memorat
2725 5365 3284 5436 Alexandrinorum,
3317 5374 3379 5424 ut
3426 5365 3576 5424 nat—is
3627 5365 3800 5424 {nari-

2145 5440 2242 5512 bus
2270 5439 2415 5494 diem
2451 5441 2744 5512 septimum
2772 5441 3064 5496 solemnem
3083 5447 3324 5511 agentes,
3367 5447 3599 5508 noctem,
3633 5455 3802 5510 quam

2145 5511 2311 5582 longa
2330 5515 2429 5580 est,
2463 5511 2600 5564 luxu
2625 5514 2684 5582 et
2723 5513 2970 5567 convivio
3026 5513 3343 5568 traducant.
3421 5512 3500 5566 De
3559 5527 3628 5565 eo
3681 5512 3800 5565 Eu-

2143 5579 2481 5656 chologium
2509 5585 2642 5652 post
2669 5579 3043 5652 baptismatis
3072 5583 3358 5639 ofﬁcium.
3391 5582 3564 5638 Goan.
