4108 6300
491 269 614 336 ’1⁸19

1856 263 2173 330 GEORGII
2217 263 2554 334 CEDRENI

3786 273 3920 336 730

481 408 716 481 aliaque
767 405 979 463 Phoce
1035 403 1303 462 facinora
1353 403 1574 461 intueri
1633 419 1757 459 non
1805 401 2106 458 sustinens

2245 399 2373 477 ὸρᾷν
2397 401 2527 468 τοὺς
2557 401 2779 469 ἀδίκους
2831 403 3030 486 φόνους
3074 405 3168 464 καὶ
3223 405 3293 464 τᾶ
3347 404 3496 464 δεινὰ
3543 405 3614 464 τὰ
3643 405 3752 464 ὑπὸ
3807 411 3916 465 τοῦ

481 498 690 556 scribit
717 494 791 552 ad
820 495 1157 552 Heraclium
1185 493 1522 566 patricium,
1545 493 1756 548 Africae
1787 491 2128 564 praisidem,

480 587 869 658 hortaturque
901 591 968 641 ut
996 601 1169 640 suum
1201 584 1390 640 ﬁlium
1424 582 1757 639 Heraclium
1789 587 1847 637 et
1864 581 2129 636 Nicetam

475 677 794 750 patricium
857 676 1008 732 112
1067 675 1335 748 Gregoraa
1393 673 1606 742 ﬁlium,
1664 673 1794 743 ejus
1845 671 2128 742 legatum,

474 767 674 822 mittat
699 765 979 823 adversus
1009 764 1266 819 Phocam
1296 769 1634 840 tyrannum.
1654 760 1945 816 Audiebat
1967 760 2128 814 enim

471 855 580 913 hos
609 855 1011 911 rebellionem
1036 852 1257 910 moliri.

541 1036 712 1090 Anno
744 1031 1017 1104 septimo,
1037 1035 1228 1087 Persa)
1252 1029 1398 1086 duce
1431 1028 1785 1085 Cardaricha
1801 1026 2126 1101 expeditio-

470 1140 610 1180 nem
639 1122 1352 1194 fecere,occuparuntque
1371 1119 1711 1175 Armeniam
1743 1121 1803 1172 et
1829 1115 2128 1190 Cappado-

471 1213 646 1283 ciam,
709 1213 1160 1282 Romanumque
1219 1209 1542 1266 exercitum
1589 1207 1907 1263 fuderunt:
1953 1206 2126 1278 potiti

471 1305 616 1358 sunt
644 1301 825 1358 etiam
858 1299 1085 1356 Galatia
1113 1304 1173 1354 et
1199 1297 1688 1370 Paphlagonia,et
1716 1296 1788 1352 ad
1811 1294 2129 1351 Chalcedo-

469 1409 611 1450 nem
641 1408 829 1464 usque
849 1390 1146 1464 progressi
1178 1395 1338 1457 sunt,
1361 1389 1563 1445 omnia
1591 1385 2124 1460 populando.lnte-

464 1481 582 1537 rim
613 1479 810 1536 Persis
834 1478 978 1535 foris
1035 1477 1468 1551 grassantibus,
1501 1476 1728 1532 Phocas
1756 1477 1842 1531 rei
1875 1473 2124 1548 publicai

460 1569 622 1627 domi
650 1569 918 1642 graviora
937 1567 1145 1622 intulit
1179 1567 1421 1622 damna.

527 1661 700 1715 Anno
731 1662 958 1725 octavo,
987 1657 1215 1712 Hebraai
1275 1655 1375 1727 qui
1422 1654 1756 1711 Antiochia)
1807 1653 2122 1735 degebant,

2242 496 2411 548 Φωκᾶ
2437 495 2724 568 γινόμενα,
2754 496 2948 570 γράφει
2977 498 3117 572 πρὸς
3162 495 3489 572 Ἡράκλειον
3543 498 3642 554 τὸν
3703 499 3918 573 πατρί-

2237 601 2355 635 κιον
2382 583 2472 637 καὶ
2505 583 2812 661 στρατηγὸν
2864 585 3130 661 Ἀφρικῆς
3187 587 3326 660 (28),
3382 585 3534 650 ὅπως
3590 587 3907 662 ἀποστείλῃ

2237 668 2557 744 Ἡράκλειον
2635 674 2730 728 τὸν
2785 674 2904 728 υἱὸν
2955 673 3122 730 αὐτοῦ
3171 674 3265 729 καὶ
3331 677 3575 748 Νικήτην
3627 677 3724 732 τὸν
3780 677 3907 731 υἱὸν

2239 763 2492 836 Γρηγορᾶ
2518 761 2836 838 πατρίκιον,
2881 765 2974 818 τὸν
3037 762 3448 838 ὑποστράτηγον
3505 765 3700 835 αὐτοῦ,
3754 767 3916 829 ’ὁπως

2237 845 2438 904 ἔλθωσι
2465 851 2602 906 κατὰ
2657 856 2755 908 τοῦ
2807 852 3092 928 τυράννοιν
3141 854 3311 923 ἤκουε
3372 855 3473 929 γὰρ
3529 857 3645 910 κατ’
3736 855 3908 910 αὐτοῦ

2239 935 2626 1012 μελετωμὲνην
2653 942 2780 1016 παρ’
2812 942 2992 997 αὐτῶν
3022 941 3330 1018 ἀνταρσίαν.

2306 1030 2402 1100 Τῷ
2436 1034 2476 1098 ζ’
2505 1025 2632 1098 ἔτει,
2670 1031 2723 1084 οἱ
2753 1032 2952 1104 Πέρσαι
3007 1031 3239 1102 ἐξῆλθον
3300 1033 3392 1087 σὺν
3450 1037 3534 1106 τῷ
3569 1030 3910 1111 Καρδαρίχᾳ

2234 1113 2326 1169 καὶ
2356 1111 2670 1192 παρέλαϐον
2699 1119 2992 1193 ’Δρμενίαν
3049 1120 3142 1174 καὶ
3197 1118 3618 1190 Καππαδοκίαν,
3667 1116 3904 1195 ἔτρεψαν

2235 1199 2293 1258 δε
2314 1205 2406 1258 καὶ
2435 1205 2564 1270 τοὺς
2591 1206 2921 1280 Ῥωμαίους.
2957 1204 3280 1283 ΙΙαρέλαϐον
3310 1207 3369 1264 δὶ
3412 1209 3504 1264 καὶ
3560 1211 3662 1277 τὴν
3720 1209 3910 1265 Γαλα-

2230 1293 2348 1348 τίαν
2377 1293 2468 1376 καὶ
2500 1293 2906 1374 Παφλαγονίαν,
2936 1295 3028 1352 καὶ
3087 1294 3261 1366 ἦλθον
3323 1295 3492 1373 μέχρι
3539 1295 3906 1370 Χαλκηδόνος

2235 1380 2630 1458 λυμαινόμενοι
2649 1382 2886 1463 ἀφειδῶς
2917 1391 3089 1440 πᾶσαν
3114 1386 3358 1456 ἠλικίαν.
3391 1387 3490 1442 Καὶ
3519 1387 3572 1442 οὶ
3633 1387 3736 1460 μὲν
3767 1387 3904 1462 Πέρ-

2231 1492 2317 1526 σαι
2349 1465 2453 1543 ἔξω
2475 1479 2579 1544 τῆς
2626 1473 2846 1538 πόλεως
2906 1474 3249 1551 ἐτυράννουν,
3307 1477 3337 1530 ὁ
3395 1473 3455 1532 δὲ
3506 1481 3714 1538 Φωκᾶς
3744 1473 3902 1532 ἔνδον

2233 1561 2450 1637 χείρονα
2479 1561 2656 1618 αὐτῶν
2690 1563 2886 1622 ἐποίει.

2299 1652 2393 1722 Τῷ
2477 1659 2530 1723 η’
2609 1647 2741 1722 ἔτει,
2802 1653 2968 1708 αὐτοῦ
3024 1653 3429 1724 ἀτακτήσαντες
3485 1657 3540 1709 οἱ
3585 1656 3900 1731 Ἀντιοχεῖς

460 1749 820 1806 seditionem
852 1747 1134 1804 adversus
1171 1745 1539 1800 Christianos
1571 1749 1902 1807 moverunt,
1935 1744 2108 1798 inter-

2231 1734 2478 1814 Ἑϐραῖοι
2537 1743 2722 1796 στάσιν
2807 1739 3071 1812 ἐποίησαν
3161 1744 3298 1798 κατὰ
3371 1744 3740 1818 Χριστιανῶν,
3805 1745 3903 1800 καὶ

465 1838 851 1909 feceruntque
870 1836 1252 1892 Anastasium
1273 1851 1554 1907 magnum
1577 1833 1978 1906 patriarcham
1994 1833 2126 1905 ejus

462 1927 652 1996 urbis,
684 1925 980 1999 pudendis
1011 1925 1142 1998 ejus
1172 1925 1234 1978 in
1262 1941 1328 1979 os
1357 1923 1546 1995 ipsius
1577 1923 1754 1979 etiam
1779 1923 2126 1986 insertis,ac

459 2034 600 2074 cum
649 2033 717 2072 eo
776 2015 996 2072 multos
1053 2015 1208 2070 cives
1258 2012 1723 2070 trucidaverunt.
1785 2012 1870 2067 Ibi
1900 2012 2126 2067 Phocas

457 2107 755 2162 Bonosum
774 2105 1032 2161 Orientis
1059 2104 1669 2174 comitem,Copanam
1699 2103 1997 2157 exercitus
2014 2100 2124 2156 du-

455 2200 682 2252 ctorem
713 2199 894 2262 creat,
929 2209 1147 2264 eosque
1180 2197 1387 2248 contra
1415 2191 1650 2246 Judaaos
1681 2191 1884 2248 mittit.
1928 2190 1974 2244 li
1996 2205 2126 2246 ma-

459 2299 639 2356 gnam
667 2283 1006 2339 Judmorum
1027 2281 1250 2336 cuidem
1275 2297 1344 2336 eo
1369 2279 1548 2335 delati
1571 2277 2125 2344 ediderunt,multis

461 2371 733 2430 membra
762 2376 1028 2426 extrema
1056 2373 1442 2441 amputarunt
1473 2373 1532 2424 et
1561 2385 1663 2423 eos
1698 2367 1843 2423 urbe
1890 2367 2126 2439 expule-

462 2466 628 2517 runt.
643 2461 886 2516 Interim
920 2458 1225 2514 Heraclius
1247 2475 1379 2512 cum
1396 2473 1611 2529 magna
1625 2463 1682 2512 et
1693 2463 1922 2512 armata
1935 2457 2122 2512 classe

455 2549 670 2623 Cpolin
721 2548 987 2621 appellit,
1048 2563 1249 2602 secum
1302 2547 1498 2602 ferens
1565 2547 1742 2602 etiam
1793 2547 2120 2602 Servatoris

463 2639 652 2695 nostri
686 2638 1009 2710 imaginem
1040 2636 1206 2692 nullo
1226 2652 1438 2692 manus
1456 2635 1788 2690 ministerio
1807 2635 2118 2692 factamln

467 2733 644 2800 portu
673 2725 905 2799 SOphiaa
927 2725 1118 2782 navali
1149 2725 1356 2798 praalio
1407 2725 1727 2780 commisso
1751 2723 1908 2779 inter
1939 2725 2120 2780 Hera-

464 2817 647 2874 clium
679 2821 738 2873 et
765 2816 1044 2885 Phocam,
1076 2814 1402 2886 ﬂagitiosus
1437 2814 1661 2869 Phocas
1715 2819 2028 2886 superatus
2059 2814 2120 2868 in

465 2907 690 2982 regiam
738 2906 1022 2979 confugit.
1082 2906 1226 2960 Tum
1279 2903 1566 2959 Photinus
1626 2903 1888 2975 quidam,
1945 2921 2118 2976 cujus

457 2997 628 3052 uxori
660 2996 887 3051 Phocas
919 3000 1190 3066 stuprum
1231 2992 1537 3062 intulerat,
1580 2993 1641 3047 in
1702 2993 1924 3064 regiam
1983 3008 2118 3048 cum

2229 1829 2662 1906 ἀποσφάττουσιν
2715 1831 3068 1888 Ἀναστάσιον
3139 1833 3230 1887 τὸν
3285 1832 3449 1906 μεγαν
3533 1834 3897 1908 πατριάρχην

2230 1917 2598 1997 ’Δντιοχείας,
2638 1917 2900 1994 βαλόντες
2927 1920 3029 1988 τήν
3072 1919 3230 1996 φύσιν
3285 1919 3460 1975 αὐτοῦ
3509 1919 3562 1976 ἐν
3625 1925 3708 1994 τῷ
3769 1921 3900 1977 στό-

2233 2027 2363 2080 ματι
2394 2006 2582 2064 αὐτοῦ.
2617 2006 2723 2061 Σὺν
2749 2008 2902 2078 αὐτῷ
2940 2009 3032 2062 καὶ
3089 2005 3339 2070 πολλοὺς
3389 2013 3498 2064 τῶν
3552 2011 3896 2066 Ἀντιοχὲων

2230 2096 2583 2172 κατέσφαξαν.
2616 2097 2678 2154 '0
2727 2094 2785 2150 δὲ
2837 2101 3037 2157 Φωκᾶς
3100 2096 3334 2154 Βόνοσον
3387 2099 3613 2172 κόμητα
3670 2101 3902 2156 Ἀνατοο

2231 2181 2336 2254 λῆς
2395 2187 2510 2259 (29)
2567 2185 2661 2239 καὶ
2717 2190 2970 2242 Κοπανᾶν
3031 2185 3410 2262 στρατηλάτην
3467 2189 3712 2259 ποιήσας
3768 2189 3902 2246 ἀπί-

2230 2273 2438 2328 στειλεν
2471 2273 2672 2336 αὐτοὺς
2701 2275 2824 2329 κατ’
2853 2274 3054 2330 αὐτῶν
3117 2277 3203 2338 οῖς
3264 2272 3583 2339 ἐπελθόντες
3643 2275 3904 2338 πολλοὺς

2231 2359 2519 2439 ἐφόνευσαν
2569 2361 2660 2417 καὶ
2721 2363 3110 2440 ήκρωτηρίσαν
3165 2364 3256 2420 καὶ
3337 2371 3440 2434 τῆς
3492 2364 3716 2428 πόλεως
3771 2365 3902 2437 ἐξώ-

2229 2471 2400 2525 ρισαν,
2429 2451 2492 2508 Ὁ
2535 2447 2594 2506 δὶ
2641 2451 2990 2526 Ἡράκλειος,
3047 2457 3220 2508 πλοῖα
3276 2451 3464 2509 πολλᾶ
3517 2453 3568 2527 ἐξ
3628 2457 3894 2530 Ἀφρικῆς

2228 2538 2522 2610 ἐξοπλίσας
2551 2540 2642 2595 καὶ
2677 2540 2926 2616 στρατὸν,
2955 2542 3057 2610 τήν
3113 2541 3690 2599 Κωνσταντινούπολιν
3731 2544 3889 2601 κατί-

2229 2624 2417 2701 λαϐεν,
2469 2628 2864 2707 ἐπιφερόμενος
2919 2630 3009 2686 καὶ
3067 2633 3169 2702 τὴν
3219 2631 3653 2706 ἀχειροποίητον
3711 2633 3890 2690 εἰκόνα

2226 2721 2338 2790 (30)
2395 2722 2492 2774 τοῦ
2549 2718 2760 2794 Κυρίου
2816 2719 2908 2774 καὶ
2968 2723 3104 2774 Θεοῦ
3161 2722 3321 2794 ἡμῶν
3385 2723 3566 2792 Ἰησοῦ
3619 2725 3886 2796 Χριστοῦ.

2229 2807 2324 2864 Καὶ
2411 2806 2664 2881 πολέμου
2756 2808 3124 2885 συῤῥαγὲντος
3213 2809 3291 2874 εἰς
3361 2811 3454 2866 τὸν
3525 2811 3713 2882 λιμένα
3777 2820 3887 2882 τῆς

2229 2895 2430 2972 Σοφίας
2461 2898 2576 2971 (31)
2611 2896 2808 2968 μεταξὺ
2842 2901 3013 2952 Φωκᾶ
3068 2899 3157 2953 καὶ
3219 2897 3554 2972 Ἡρακλείου,
3606 2899 3866 2968 ἡτηθείς

2225 2987 2254 3039 ὁ
2284 2983 2574 3059 ἁλιτήριος
2604 2980 2792 3063 ἔφυγεν
2826 2985 2904 3047 είς
2931 2985 3000 3040 τὰ
3053 2984 3328 3060 βασίλεια.
3387 2987 3648 3048 Φωτεινὸς
3673 2983 3732 3040 δὲ
3779 3007 3873 3048 τις

454 3084 745 3140 militibus
759 3084 1055 3155 irrumpit,
1089 3083 1347 3138 Phocam
1379 3081 1774 3153 ignominiose
1799 3081 1946 3136 solio
1969 3081 2108 3152 deji-

2225 3074 2330 3130 ὕπὸ
2353 3079 2521 3129 Φωκᾶ
2550 3073 2626 3136 εἰς
2653 3075 2756 3144 τήν
2801 3074 3028 3150 σύζυγον
3087 3072 3387 3147 ἀδικηθεὶς,
3448 3073 3699 3132 εἰσελθὼν
3735 3077 3880 3150 μετᾶ

447 3172 1114 3245 cit,imperatoriaveste
1129 3170 1657 3242 spoliat,nigraque
1675 3170 2110 3225 circumdatum

445 3268 612 3318 veste
646 3267 707 3318 et
735 3260 1018 3316 numellis
1051 3260 1200 3314 118
1234 3259 1532 3314 inclusum
1577 3260 1967 3330 contemptim
2036 3260 2111 3314 ad

447 3349 783 3406 Heraclium
814 3347 1074 3404 deducit.
1105 3346 1214 3412 Qui
1247 3352 1312 3402 ut
1337 3347 1596 3417 primum
1629 3348 1937 3418 conspexit
1964 3349 2112 3406 Pho-

445 3455 576 3494 cam
606 3454 618 3490 :
647 3435 844 3506 Miser,
875 3435 1094 3506 inquit,
1147 3434 1303 3490 itane
1361 3448 1486 3487 rem
1545 3433 1846 3504 publicam
1895 3434 2107 3507 guber-

451 3527 652 3583 nasti?
699 3527 774 3582 At
829 3523 1174 3596 deploratus
1230 3523 1455 3578 Phocas
1513 3522 1862 3593 respondit:
1923 3525 2111 3580 Tuum

449 3620 540 3671 est
569 3615 787 3670 rectius
813 3629 944 3669 eam
975 3611 1370 3686 gerere.lllico
1389 3617 1588 3680 autem
1612 3612 1916 3668 Heraclius
1939 3613 2112 3685 jubet

449 3721 664 3762 manus
696 3709 756 3759 et
784 3702 988 3775 pedes,
1021 3717 1159 3757 mox
1192 3703 1471 3757 humeros
1502 3706 1560 3756 et
1591 3701 1868 3772 pudenda
1897 3719 2105 3774 ampu-

446 3792 835 3862 tari,tandem
868 3797 928 3847 et
956 3797 1152 3864 caput.
1188 3793 1400 3846 Trunci
1433 3791 1592 3862 quod
1625 3791 1921 3860 reliquum
1972 3794 2103 3864 fuit,

447 3881 671 3938 milites
688 3882 749 3936 in
769 3880 896 3936 foro
921 3881 1086 3936 Bovis
1107 3880 1580 3936 combusserunt.
1598 3879 1836 3952 Adjuvit
1855 3883 2103 3938 Heraclii

443 3975 726 4027 conatum
761 3970 941 4026 etiam
972 3969 1424 4042 Crispus,gener
1445 3969 1676 4038 Phocaa,
1709 3987 1888 4041 quem
1914 3972 2103 4044 impe-

440 4061 532 4117 rio
563 4061 789 4132 potitus
812 4058 1114 4115 Heraclius
1161 4058 1544 4130 Cappadociae
1591 4060 1905 4131 praisidem
1937 4061 2100 4118 fecit.

437 4149 550 4206 Sed
577 4166 712 4206 cum
742 4149 984 4222 Crispus
1006 4147 1086 4203 ibi
1117 4147 1473 4202 seditionem
1505 4150 2098 4217 moveret,Heraclius

439 4255 575 4296 eum
601 4238 664 4294 in
687 4243 960 4294 senatum
989 4235 1272 4308 produxit
1295 4252 1310 4303 ;
1347 4252 1648 4307 manuque
1677 4241 1890 4293 tenens
1926 4239 2098 4294 char-

436 4332 558 4385 tam
579 4328 641 4383 in
672 4343 789 4398 qua
811 4325 1034 4381 indicia
1060 4323 1248 4396 Crispi
1277 4325 1628 4380 insidiarum
1659 4326 1722 4380 in
1755 4327 2090 4385 Heraclium

2225 3168 2571 3238 στρατιωτῶν
2606 3166 2692 3236 [Ρ.
2735 3165 2864 3237 407]
2923 3163 2998 3225 είς
3057 3164 3126 3220 τὰ
3185 3165 3458 3241 βασίλεια,
3516 3165 3726 3239 ἀτίμως
3781 3171 3880 3222 τοῦ

2221 3252 2416 3328 θρόνου
2443 3257 2636 3308 τοῦτον
2667 3252 2970 3324 ἀναστήσας
3002 3253 3092 3308 καὶ
3138 3261 3242 3324 τῆς
3301 3255 3597 3330 βασιλικῆς
3655 3255 3880 3326 ἐσθῆτος

2217 3343 2641 3417 ἀπογυμνώσας,
2673 3342 2766 3398 καὶ
2821 3341 3031 3416 μέλανα
3083 3341 3302 3406 ὲνδύσας
3358 3347 3452 3400 καὶ
3504 3343 3672 3401 κλοιᾶ
3725 3366 3880 3422 περι-

2223 3434 2358 3504 θεὶς,
2407 3431 2604 3506 ἄτιμον
2669 3433 2809 3506 πρὸς
2861 3431 3187 3508 Ἡράκλειον
3240 3434 3544 3510 ἀπήγαγεν.
3599 3437 3698 3494 Ὀν
3758 3440 3878 3492 ϐεα-

2221 3523 2450 3596 σάμενος
2483 3523 2643 3578 εἶπεψ
2677 3521 2888 3592 Οὕτως,
2946 3521 3122 3594 ἃθλιε,
3179 3525 3278 3594 τήν
3331 3523 3615 3581 πολιτείαν
3671 3524 3876 3599 διῴκη-

2222 3632 2316 3674 σας
2351 3629 2365 3680 ;
2396 3613 2458 3670 Ὀ
2489 3607 2548 3666 δὲ
2596 3611 3020 3686 ἀπεγνωσμένος
3077 3610 3155 3666 ὢν
3195 3609 3320 3686 ἔφη’
3362 3612 3435 3668 Σὺ
3467 3611 3702 3670 κάλλιον
3733 3610 3881 3690 ἔχεις

2220 3697 2523 3770 διοικῆσαι.
2575 3699 2699 3786 Καὶ.
2740 3699 2980 3774 παρευθὺ
3035 3698 3248 3756 κελεύει
3304 3700 3627 3777 Ἡράκλειος
3656 3709 3872 3778 πρῶτον

2221 3792 2316 3865 μὲν
2371 3791 2466 3854 τὰς
2526 3796 2716 3867 χεῖρας
2771 3792 2864 3846 καὶ
2921 3790 3048 3853 τοὺς
3105 3789 3278 3854 πόδας
3321 3791 3488 3848 αὐτοῦ
3543 3791 3866 3866 ἐκκοπῆναι,

2215 3883 2310 3936 εἶθ’
2341 3881 2516 3942 οὕτως
2559 3879 2687 3944 τοὺς
2751 3878 2942 3954 ὢμους
2999 3882 3088 3936 καὶ
3146 3882 3214 3936 τὰ
3263 3879 3464 3953 αἰδοῖα,
3524 3881 3716 3938 ἔπειτα
3767 3887 3862 3953 τήν

2213 3968 2478 4048 κεφαλήν.
2503 3969 2574 4023 Τὸ
2607 3966 2664 4024 δὲ
2717 3967 3075 4047 καταλειφθὲν
3133 3975 3296 4044 σῶμα
3361 3969 3526 4027 αὐτοῦ
3584 3973 3639 4027 οἱ
3699 3994 3862 4050 στρα-

2209 4063 2404 4114 τιῶται
2460 4053 2720 4119 λαϐόντες
2766 4057 2818 4112 ἐν
2861 4061 2930 4132 τῇ
2989 4062 3085 4113 τοῦ
3161 4057 3302 4122 Boi»;
3385 4058 3564 4136 ἀγορᾳ
3613 4058 3860 4117 ἐκαυσαν·

2213 4146 2552 4224 Συνέπραττε
2578 4143 2636 4202 δὲ
2662 4147 2878 4209 τούτοις
2933 4147 3024 4202 καὶ
3083 4149 3324 4222 Κρίσπος
3383 4149 3412 4203 ὁ
3465 4144 3716 4225 γαμϐρὸς
3771 4155 3860 4206 τοῦ

2209 4243 2397 4309 Φωκᾶ,
2465 4236 2523 4292 ὅν
2578 4236 2670 4292 καὶ
2727 4236 3034 4311 στρατηγὸν
3095 4234 3480 4301 Καππαδοκίας
3537 4239 3856 4314 Ἡράκλειος

2210 4326 2535 4407 βασιλεύσας
2589 4325 2862 4397 ἐποίησεν·
2925 4323 3099 4382 ἐκεῖσε
3163 4324 3222 4383 δὲ
3277 4327 3564 4403 ἀνταρσίαν
3625 4327 3853 4401 μελετή..

437 4420 610 4472 erant
644 4415 888 4486 scripta,
955 4429 1026 4467 ea
1080 4418 1258 4484 caput
1281 4413 1469 4486 Crispi
1519 4415 1792 4486 pulsavit,
1832 4417 2040 4476 dicens
2073 4437 2087 4476 :

2224 4437 2366 4474 ταντα
2411 4413 2614 4491 ἢγαγεν
2673 4411 2761 4468 ἐπὶ
2820 4410 3159 4488 συγκλήτου,
3215 4415 3304 4470 καὶ
3353 4414 3420 4469 τὰ
3498 4415 3636 4488 πρὸς
3691 4416 3846 4491 Ἦρά·

1615 4540 1977 4599 XYLANDRI
2015 4544 2104 4599 ET
2143 4542 2361 4600 GOARI
2401 4540 2622 4595 ΝΟΤᾸΞ.

508 4663 966 4746 (28))ξτρατηγόγ
995 4663 1096 4746 hic
1114 4666 1446 4745 przfectum
1488 4664 1884 4746 ‘interpretor.
1935 4669 2080 4746 cum

436 4735 596 4809 enim
622 4735 818 4790 Africa
835 4735 1132 4809 a'vicariis
1159 4735 1351 4806 primo
1408 4735 1744 4809 gubernata
1763 4808 1770 4809 ί
1789 4754 1946 4793 anno
1977 4743 2080 4795 439

433 4807 497 4863 in
527 4812 883 4879 potestatem
911 4806 1310 4879 Vandalorum
1345 4806 1697 4879 transiisset,
1733 4807 1808 4862 iis
1838 4809 2079 4866 demum

431 4877 567 5006 post
595 4881 663 4935 95
694 4895 883 4935 annos
904 4877 1230 4950 profligatis
1260 4895 1295 4934 a
1321 4878 1676 4942 Iustiniano,
1702 4879 1918 4936 vicario
1940 4882 2080 4936 abo-

459 4952 558 5006 ito.
575 4951 881 5006 nronrium
911 4950 1325 5006 nraefectumab
1352 4951 1708 5006 imperatore
1731 4952 2078 5006 accipiebat.

459 4952 558 5024 ito,
575 4951 881 5024 proprium
907 4950 1325 5024 praefectumab
1352 4951 1708 5024 imperatore
1731 4952 2078 5023 accipiebat,

431 5023 526 5078 cui
576 5020 938 5078 sub—stitutus
993 5020 1402 5092 ὑποστράτηγος
1439 5020 1550 5076 Ἰ]ἱο
1607 5020 1970 5080 memoratus
2032 5020 2080 5080 is

431 5099 796 5176 potestesse
820 5093 920 5164 qui
946 5093 1106 5176 prius
1137 5093 1396 5176 regebat,
1445 5095 1703 5148 vicarius.
1735 5095 2081 5152 Pancirolus

435 5164 497 5222 in
527 5165 738 5221 Notitia
764 5167 905 5236 Imp.
939 5165 1122 5236 Occid.
1157 5164 1332 5236 Cosa.

503 5237 618 5309 (29)
649 5235 861 5293 Comes
887 5235 1288 5309 Orientissub
1319 5251 1424 5291 sua
1454 5235 1841 5308 dispositione
1872 5237 2083 5293 Orien-

428 5305 864 5378 tisprovincias
893 5325 929 5364 a
958 5307 1299 5362 Marcellino
1349 5313 1407 5362 et
1461 5305 1687 5378 Imperii
1739 5311 1947 5364 Notitia
1992 5327 2083 5366 re-

429 5376 579 5451 latas
608 5378 882 5436 habebat.
912 5379 1268 5451 Dignitatem
1317 5379 1456 5451 ejus
1513 5376 1832 5435 militarem
1877 5383 2082 5436 statuit

427 5448 778 5530 Ambrosius
809 5468 897 5530 ep.
935 5448 1010 5505 29
1033 5450 1106 5506 ad
1132 5448 1529 5530 Theodosium
1560 5451 1790 5530 civilem
1817 5453 2078 5530 Valesius

430 5520 493 5594 in
524 5520 910 5594 Marcellini—1.
941 5538 1092 5594 xinv.
1125 5521 1227 5594 Cui
1281 5523 1548 5578 Zosimus
1599 5523 1672 5578 ab
1698 5523 1828 5594 ipso
1859 5524 2080 5580 relatus

429 5589 703 5666 inclinat,
733 5596 794 5650 et
821 5593 1090 5666 apprime
1120 5591 1273 5649 favet
1301 5600 1509 5650 auctor
1531 5589 1738 5650 civilia"
1755 5596 1993 5666 negotia
2012 5596 2084 5652 ab

2191 4685 2260 4723 eo
2293 4669 2653 4739 pertractata
2684 4669 2744 4739 e_t
2789 4665 3283 4739 Antiochensium
3337 4667 3709 4723 Hebrasorum
3737 4679 3831 4718 se-

2191 4735 2478 4796 diti—onem
2509 4736 2583 4792 ab
2611 4735 2822 4792 eodem
2851 4737 3040 4809 poenis
3062 4737 3308 4794 inﬂictis
3331 4740 3650 4795 coercitam
3667 4753 3831 4794 enar-

2191 4809 2583 4952 ra?3%)%2falin
2597 4896 2718 4935 non
2741 4879 3100 4952 Edessenam
3123 4880 3502 4952 postmodum
3525 4881 3832 4947 inveniam,

2191 4951 2294 5008 sed
2314 4951 2830 5024 Camulianensem
2853 4951 2943 5007 vel
2969 4951 3148 5007 etiam
3205 4952 3564 5008 miraculose
3605 4969 3834 5024 expres-

2191 5041 2317 5104 sam
2336 5029 2454 5104 aut
2483 5023 2556 5077 ad
2588 5029 2970 5104 prototypum
2995 5040 3117 5104 non
3150 5024 3608 5104 manufactuma
3626 5023 3839 5104 pictore

2192 5097 2452 5168 efﬁctam
2491 5111 2557 5149 ac
2591 5093 2724 5148 ideo
2747 5093 3172 5168 ἀχειροποίητον
3205 5111 3440 5167 quoque
3467 5093 3687 5152 dictum
3705 5096 3837 5152 scri-

2191 5167 2276 5222 bit
2303 5169 2610 5222 Gretserus
2631 5167 2844 5236 Opusc.
2879 5169 2956 5221 De
2980 5169 3156 5236 lmag.
3200 5183 3313 5222 non
3357 5184 3529 5222 manu
3583 5171 3748 5237 factis
3788 5183 3835 5221 e.

2190 5255 2280 5294 xv.
2317 5241 2398 5293 De
2429 5237 2532 5292 illa
2552 5252 2789 5308 quoque
2837 5239 3236 5294 Damascenu’s
3293 5238 3554 5294 Studites
3610 5239 3676 5294 in
3707 5238 3833 5294 Thc-

2190 5325 2375 5363 sauro.
2411 5309 2586 5363 Gom.

2190 5325 2375 5366 sauro.
2411 5311 2586 5364 (£01m.

2263 5383 2372 5464 (_3l)
2408 5382 2616 5464 Portus
2645 5380 2757 5464 CP:
2804 5380 3173 5464 capacissimi
3231 5397 3366 5464 pars
3423 5386 3514 5464 est
3553 5398 3627 5436 ex
3679 5385 3835 5453 parte

2191 5449 2441 5528 Galatas,
2465 5449 2638 5528 ξοφία
2666 5467 2702 5506 a
2729 5449 2962 5528 Justi’no
2987 5453 3059 5528 d_e
3080 5449 3293 5528 uxoris
3336 5453 3584 5528 nomine
3615 5449 3833 5508 nuncu-
3943 5481 3945 5527 ς

2189 5531 2345 5596 pata.
2384 5523 2522 5578 Vide
2545 5523 2848 5580 auctorem
2875 5524 3092 5579 Justini
3123 5528 3284 5581 anno
3323 5527 3356 5580 2
3385 5527 3560 5580 Goan.
