4052 6316
241 358 358 420 ³781

1350 350 1900 414 HISTORIARUM
1943 353 2496 419 GOMPENDIUM.

3527 359 3649 435 783

238 490 424 547 γλειον
455 487 717 566 γενόμενα
760 483 1009 568 ἔγγραφα
1060 488 1229 543 αὐτοῦ
1291 487 1542 561 κατέχων
1576 488 1605 541 ὁ
1637 484 1888 561 βασιλεὺς

2011 489 2308 560 Miser,qui
2333 507 2408 546 ne
2429 507 2631 548 socero
2653 492 2896 564 quidem
2919 492 3096 549 ﬁdem
3116 491 3652 565 prastiteris,quod

239 579 293 634 ἐν
357 582 426 653 τῇ
487 578 657 654 χειρὶ,
725 579 961 653 κρούσας
1013 577 1249 653 Κρίσπον
1307 578 1406 646 τήν
1459 574 1705 654 κεφαλὴν
1766 577 1900 649 μετὰ

242 672 340 724 τοῦ
384 668 615 746 χάρτου,
672 664 773 744 ἔφη
837 665 1191 741 Ταλαίπωρε,
1242 660 1491 741 γάμϐρὸν
1551 664 1650 720 οὐκ
1702 663 1897 734 ἐποίη-

244 775 363 818 σας·
397 754 558 835 φίλον
601 755 825 826 άληθῶς
879 761 997 817 πῶς
1052 757 1349 824 naniam;
1401 759 1556 810 Ποιεῖ
1606 752 1705 808 οὖν
1737 751 1894 808 αὐτὸν

242 845 534 920 κληρικὸν,
565 842 656 899 καὶ
688 842 740 899 ἐν
766 847 836 917 τῇ
872 847 1013 918 μονῇ
1055 847 1125 917 τῇ
1181 849 1283 913 τῆς
1334 842 1523 917 χώρας
1574 841 1894 916 περιορίζει,

243 933 400 988 κάκεῖ
453 931 682 1002 τελευτᾷ
713 973 726 987 .
809 931 1071 1005 Μοναχὸς
1132 928 1190 985 δὲ
1248 950 1332 992 τις
1387 931 1540 1006 ἅγιος
1623 929 1712 985 ἐπὶ
1783 935 1896 985 τῶν

246 1011 468 1096 ἡμερῶν
524 1026 623 1076 τοῦ
683 1025 852 1076 Φωκᾶ
906 1018 1044 1095 πρὸς
1113 1019 1205 1075 τὸν
1260 1021 1388 1075 Θεὸν
1446 1016 1894 1093 διαδικαζόμενος

244 1108 420 1187 ἔλεγε·
473 1111 638 1186 Κύριε
672 1154 686 1181 ,
747 1109 836 1166 διὰ
889 1110 943 1166 τί
992 1113 1240 1165 τοιοῦτον
1297 1110 1612 1184 παράνομον
1672 1109 1899 1185 βασιλέα

247 1197 484 1264 δέδωκας
541 1205 657 1262 τοῖς
709 1202 1101 1276 γριστιανοῖςς
1162 1197 1265 1256 Καὶ
1320 1197 1487 1268 ἦλθεν
1544 1199 1695 1271 αὐτῷ
1743 1201 1893 1276 φωνή

249 1287 513 1365 ἀοράτως*
547 1288 669 1346 ’Ὁτι
708 1287 936 1365 χείρονα
979 1286 1177 1343 τούτου
1228 1286 1338 1362 οὐχ
1391 1287 1546 1361 εὗρον
1603 1287 1741 1361 πρὸς
1797 1287 1897 1357 τήν

246 1376 432 1433 κακίαν
462 1381 571 1433 τῶν
601 1381 693 1433 νῦν
725 1377 1121 1434 κατοικούντων
1154 1375 1207 1432 ἐν
1232 1381 1302 1451 τῇ
1334 1373 1517 1433 πόλει.

247 1467 469 1541 Κόσμου
550 1460 670 1529 ἔτος
748 1470 901 1544 ,ςργκ
982 1473 1083 1537 τῆς
1169 1464 1314 1530 θείας
1398 1466 1721 1537 σαρκώσεως
1780 1470 1894 1542 χθ’,

245 1554 570 1632 Ἡράκλειος
655 1554 912 1631 βασιλεὺς
994 1556 1284 1629 Ῥωμαίων
1388 1549 1732 1611 ἐϐασίλευσεν
1799 1550 1892 1626 ἔτη

247 1641 336 1700 λα’
369 1690 385 1718 ,
440 1646 685 1724 στεφθεὶς
767 1646 871 1701 ὑπὸ
972 1646 1204 1722 Σεργίου
1289 1646 1633 1720 πατριάρχου
1711 1643 1765 1700 ἐν
1817 1648 1897 1717 τῷ

244 1735 508 1811 εὐκτηρίῳ
554 1741 652 1792 τοῦ
709 1735 865 1812 ἀγίου
919 1736 1334 1810 Στεφάνου
1390 1735 1554 1809 ἐντῷ
1616 1735 1892 1807 πιλατίῳ·

2010 580 2235 633 faceres
2256 581 2447 635 amico
2466 579 2485 634 Ρ
2501 581 2789 638 Clericum
2815 598 2951 655 ergo
2973 599 3108 639 eum
3129 582 3346 655 redigit
3366 599 3435 639 ac
3455 583 3651 639 solum

2010 672 2236 723 vertere
2262 666 2455 738 jubet,
2488 670 2657 740 isque
2690 672 2751 727 in
2784 672 2992 727 exsilio
3022 677 3292 728 mortuus
3322 677 3434 729 est.
3467 673 3649 727 Porro

2010 756 2251 826 quidam
2266 763 2506 813 sanctus
2529 760 3085 827 mouachus,Phoca
3103 760 3651 832 imperante,Deum

2009 844 2083 900 ad
2135 846 2630 917 disceptationem
2683 864 3031 920 provocans,
3064 850 3335 921 qumsivit
3382 866 3488 905 cur
3527 855 3650 906 tam

2009 932 2260 1005 impium
2275 935 2627 991 Christianis
2639 936 3023 1008 imposuisset
3042 937 3653 1010 imperatorem.audi-

2008 1022 2208 1093 vitque
2241 1040 2465 1092 vocem,
2499 1040 2633 1081 cum
2666 1026 2906 1097 quidem
2937 1027 3242 1083 neminem
3272 1027 3515 1098 videret,
3536 1026 3651 1083 sibi

2010 1112 2308 1169 dicentem
2333 1115 2689 1171 deteriorem
2723 1116 2905 1171 alium
2938 1117 3192 1172 inveniri
3213 1118 3479 1188 potuisse
3515 1117 3650 1174 nul-

2010 1202 2230 1273 lum,ac
2256 1206 2368 1262 hoc
2385 1206 2674 1263 meruisse
2698 1206 3141 1279 Cpolitanorum
3166 1207 3407 1280 ﬂagitia.

2077 1475 2251 1528 Anno
2268 1474 2476 1529 mundi
2511 1475 2894 1543 6103,Christi
2910 1475 3200 1532 incarnati
3216 1473 3651 1544 609,Heraclius

2009 1561 2336 1633 imperator
2377 1563 2568 1619 factus
2618 1569 2708 1619 est
2753 1566 3176 1632 Romanorum,
3208 1565 3650 1637 imperiumque

2007 1652 2189 1723 gessit
2217 1668 2326 1723 per
2354 1668 2544 1708 annos
2575 1653 2997 1711 3i.Coronatus
3030 1659 3118 1710 est
3148 1654 3211 1709 in
3241 1655 3499 1710 oratorio
3522 1656 3650 1711 Ste-

2006 1739 2213 1811 phani,
2245 1741 2404 1811 quod
2452 1746 2542 1796 est
2594 1742 2654 1796 in
2698 1742 2940 1814 palatio,
2973 1759 3008 1798 a
3050 1742 3252 1815 Sergio
3283 1743 3645 1815 patriarcha,

247 1822 473 1905 ἐστέφθη
513 1826 570 1882 δὲ
627 1827 740 1900 ἅμα
794 1826 947 1898 αὐτῷ
1002 1826 1094 1880 καὶ
1139 1828 1175 1894 ἡ
1243 1825 1687 1899 μεμνηστευμένη
1749 1824 1889 1898 αὐτῷ

2011 1829 2187 1884 simul
2201 1830 2380 1885 etiam
2395 1830 2767 1902 desponsata
2780 1833 2832 1887 ei
2848 1831 3646 1903 Fabiae,cujusquudociam

249 1915 433 1976 Φαϐία
481 1920 516 1987 ἡ
573 1917 665 1972 καὶ
722 1913 961 1973 Εὗδοκία
1049 1918 1516 1990 μετονομασθεῖσα
1588 1916 1896 1994 Αὐγοῦστα.

248 2011 421 2072 Οὗτος
464 2005 814 2082 ὁΠράκλειος
861 2009 927 2076 ἦν
971 2008 1073 2076 τὴν
1130 2006 1351 2076 ἠλικίαν
1409 2004 1661 2079 μεσῆλιξ,
1720 2005 1898 2062 εὐσθε-

248 2102 348 2170 νής
383 2142 399 2168 ,
459 2096 738 2173 εὕστερνος
773 2141 786 2167 ,
847 2094 1216 2174 εὐόφθαλμος’
1285 2095 1469 2171 ὀλίγον
1526 2095 1895 2173 ὑπόγλαυκος,

253 2189 439 2260 ξανθὸς
494 2187 594 2256 τὴν
647 2185 816 2262 τρίχα
849 2229 865 2255 ,
923 2184 1117 2248 λευκὸς
1185 2186 1286 2255 τήν
1344 2187 1558 2261 χροιὰν,
1613 2180 1758 2262 ἔχων
1802 2188 1894 2243 τὸν

250 2278 489 2354 πώγωνα
516 2274 723 2332 πλατὺν
765 2276 855 2329 καὶ
893 2275 1030 2350 πρὸς
1092 2280 1269 2349 μῆκος
1309 2273 1572 2349 ἐκκρεμῆ.
1629 2274 1898 2345 Ὁπηνίκα

251 2364 310 2422 δὲ
363 2367 499 2443 πρὸς
555 2366 619 2420 τὸ
674 2371 775 2435 τῆς
833 2363 1110 2439 βασιλείας
1174 2361 1342 2433 ἦλθεν
1407 2364 1643 2437 ἀξίωμα,
1702 2363 1897 2429 εὐθέως

246 2454 490 2529 ἐκείρατο
544 2456 644 2523 τήν
704 2451 887 2527 κόμην
945 2452 1034 2507 καὶ
1090 2453 1155 2506 τὸ
1229 2450 1433 2526 γένειον
1486 2457 1566 2524 τῷ
1626 2450 1897 2527 βασιλικῷ

247 2547 497 2619 σχήματι
528 2544 657 2617 (33).
687 2542 883 2617 Τούτῳ
926 2547 1005 2614 τῷ
1061 2537 1166 2597 ἔτει
1221 2537 1531 2617 παρέλαϐον
1586 2542 1638 2596 οἱ
1695 2541 1894 2616 Πέρσαι

245 2633 347 2701 τὴν
376 2632 676 2704 Ἀπάμειαν
728 2631 928 2706 Συρίας
983 2631 1074 2686 καὶ
1103 2628 1348 2699 Ἒδεσαν,
1405 2632 1493 2686 καὶ
1561 2630 1735 2700 ἦλθον
1790 2627 1894 2692 ἓως

242 2722 636 2797 ’Δντιοχείαςο
690 2722 740 2777 οἳ
796 2719 855 2776 δὲ
908 2726 1170 2797 Ῥωμαῖοι
1227 2718 1642 2795 πολεμήσαντες
1707 2720 1894 2784 αὐτοῖς

248 2813 589 2882 ἡττήθησαν,
621 2810 710 2866 καὶ
741 2809 1012 2883 διωλέσθη
1042 2814 1147 2871 πᾶς
1179 2811 1207 2865 ὁ
1238 2808 1373 2871 λαὸς
1428 2815 1538 2866 τῶν
1594 2811 1891 2886 Ῥωμαίων

243 2899 319 2956 πλ
331 2901 396 2970 ἡν
430 2899 655 2977 ὀλίγων.

315 2989 411 3061 Τῷ
471 2991 519 3064 β’
583 2983 689 3044 ἔτει
770 2988 1093 3064 Ἡρακλείου
1185 2983 1496 3065 παρέλαϐον
1579 2988 1633 3043 οἱ
1688 2987 1892 3065 Πέρσαι

2005 1924 2296 1975 mutatum
2327 1937 2547 1976 nomen
2589 1926 2698 1991 est,
2729 1939 2948 1978 corona
2980 1924 3133 1977 ’214
3163 1927 3223 1976 et
3247 1922 3418 1977 titulo
3444 1924 3644 1995 Augu-

2003 2008 2171 2064 stalis
2190 2009 2399 2065 indita.
2424 2010 2556 2065 Fuit
2574 2011 2877 2067 Heraclius
2899 2015 3124 2067 statura
3146 2011 3451 2078 mediocri,
3469 2011 3644 2069 robu-

2003 2103 2151 2165 stus,
2185 2098 2357 2154 firmo
2389 2100 2859 2171 pectore,oculis
2889 2100 3259 2174 elegantibus
3279 2117 3345 2156 ac
3369 2100 3646 2157 nonnihil

2005 2189 2217 2259 caesiis,
2248 2189 2404 2245 fulvo
2426 2191 2611 2258 crine,
2636 2190 2825 2258 albus,
2846 2191 3032 2247 barba
3052 2191 3169 2247 lata
3188 2196 3365 2262 atque
3387 2191 3640 2264 prolixa.

2005 2278 2116 2333 Sed
2148 2279 2472 2351 imperator
2500 2282 2690 2337 factus
2713 2281 3007 2353 extemplo
3039 2297 3272 2337 comam
3293 2279 3549 2337 totondit
3576 2297 3645 2337 ac

2004 2372 2269 2423 mentum
2317 2370 2482 2436 rasit,
2512 2371 2615 2441 qui
2660 2376 2749 2425 est
2793 2370 3220 2442 imperatorum
3269 2370 3531 2425 habitus.
3565 2372 3647 2426 Eo

2001 2473 2157 2512 anno
2180 2461 2375 2513 Persae
2399 2463 2841 2530 occupaverunt
2860 2461 3181 2530 Apameam
3200 2458 3380 2530 Syria:
3402 2457 3648 2514 etEdes—

2002 2550 2219 2612 sam,et
2247 2563 2436 2617 usque
2458 2548 2528 2602 ad
2553 2547 2928 2603 Antiochiam
2947 2551 3363 2619 pervenerunt.
3394 2547 3644 2604 Romani

2001 2641 2200 2692 autem
2250 2654 2448 2709 pugna
2495 2655 2631 2694 cum
2677 2638 2752 2694 iis
2782 2638 3087 2713 congressi
3136 2643 3293 2710 sunt,
3331 2656 3401 2695 ac
3438 2638 3645 2710 paucis

2001 2724 2257 2797 demptis
2288 2727 2594 2783 occidione
2631 2728 2789 2783 caasi.

2068 2994 2241 3047 Anno
2257 2991 2510 3047 Heraclii
2524 2992 3005 3058 secundo,Persm
3019 2994 3643 3064 cepemnthsaream

246 3077 571 3154 Καισάρειαν
597 3085 696 3148 τῆς
744 3076 1153 3150 Καππαδοκίας,
1211 3081 1302 3134 καί
1358 3077 1572 3139 πολλὰς
1624 3075 1889 3153 μυριάδας

2011 3081 2716 3154 3appadociae,multaque
2735 3081 3046 3137 hominum
3063 3081 3253 3137 millia
3263 3082 3643 3154 captivainde

241 3164 294 3221 ἐν
355 3167 495 3241 αὐτῇ
582 3165 1057 3243 ᾕχμαλὼτευσαν.
1147 3161 1485 3241 Παραλαϐὼν
1545 3163 1886 3238 Ἡράκλειος,

241 3256 376 3280 ,ΝΜ
470 3253 673 3280 ,νη-,η
792 3256 854 3280 ,λ
946 3264 1035 3280 ,,..,
1095 3256 1371 3280 __\,__;-_-
1430 3260 1535 3280 ,εν
1593 3254 1886 3280 »ηωλμιηη

2011 3170 2392 3225 abduxerunt.
2426 3171 2736 3226 Enimvero
2776 3170 3026 3243 adeptus
3056 3171 3376 3243 imperium
3427 3174 3645 3229 Roma-

2011 3274 2134 3280 ---μ
2166 3258 2465 3280 II-__-I:__-
2504 3275 2597 3280 ..--
2622 3261 2915 3280 n-_-____
2958 3265 3018 3280 --ι
3056 3260 3287 3280 ,12._1_-___
3318 3260 3407 3280 1-].
3430 3261 3500 3280 ,ΔΜ
3527 3265 3599 3280 ,1-

239 3256 378 3311 καθᾶ
465 3253 702 3331 εἴρηται,
788 3256 856 3312 τὰ
937 3264 1039 3327 τῆς
1089 3256 1373 3320 πολιτείας
1428 3260 1536 3313 τῶν
1593 3254 1887 3328 Ῥωμαίων

2011 3274 2140 3313 num
2166 3258 2469 3314 Heraclius
2503 3275 2599 3313 res
2622 3261 2936 3327 Romanas,
2957 3265 3024 3315 ut
3045 3260 3640 3327 diximus,labefacta-

238 3345 531 3421 πράγματα
562 3343 987 3421 παραλελυμὲνα
1048 3346 1185 3421 εὑρε-
1217 3345 1318 3414 τὴν
1368 3365 1428 3399 τε
1472 3343 1573 3421 γὰρ
1614 3341 1885 3417 Εὐρώπην

2011 3354 2088 3403 tas
2118 3347 2530 3417 oflendit,cum
2562 3353 2620 3404 et
2648 3350 2942 3421 Europam
2973 3353 3191 3405 Avares
3219 3354 3553 3407 vastassent
3582 3356 3644 3407 et

245 3436 298 3490 οἱ
342 3429 573 3510 Ἀϐαρες
623 3437 956 3511 ἧρήμωσαν,
1020 3435 1110 3490 καὶ
1167 3436 1267 3503 τὴν
1326 3433 1508 3492 Ἀσίαν
1577 3434 1629 3489 οἱ
1689 3433 1885 3509 Πέρσαι

2011 3437 2198 3491 Asiam
2229 3439 2422 3493 Persa)
2463 3437 2856 3511 subegissent,
2888 3439 2951 3494 in
2983 3440 3329 3495 servitutem
3376 3439 3637 3496 redactis

239 3528 410 3579 πᾶσαν
440 3524 806 3600 κατέστρεψαν
864 3524 954 3580 καὶ
1011 3523 1203 3586 πόλεις
1260 3521 1721 3600 ᾑχμαλώτευσαν.
1780 3522 1885 3579 Καὶ

2011 3526 2264 3582 1rbibus.
2287 3526 2393 3590 Qui
2420 3543 2556 3583 eum
2580 3532 2766 3583 status
2787 3545 2988 3583 rerum
3016 3529 3253 3585 consilii
3274 3529 3517 3602 inopem
3545 3530 3640 3585 in-

232 3619 399 3671 ταῦτα
428 3615 584 3677 οὗτος
612 3615 883 3688 θεώμενος
931 3613 982 3669 ἐν
1039 3613 1243 3689 ἀπορίᾳ
1295 3613 1386 3683 ἧν,
1440 3611 1493 3667 τί
1552 3609 1732 3686 δράσει
1765 3607 1885 3666 διαο

2011 3620 2345 3686 :ertumque
2359 3616 2545 3672 animi
2568 3615 2977 3672 reddidit.Hoc
2999 3633 3155 3672 anno
3177 3617 3439 3673 Eudocia
3458 3618 3645 3690 impe-

233 3702 635 3779 λογιζόμενος.
692 3704 882 3775 Τούτῳ
936 3706 1021 3777 [Ρ.
1081 3706 1208 3774 408]
1255 3706 1334 3774 τῷ
1397 3695 1504 3757 ἔτει
1553 3700 1749 3772 ἐτέχθη
1804 3705 1885 3773 τῷ

2011 3704 2175 3760 'atori
2206 3704 2397 3760 ﬁlium
2429 3706 2684 3777 peperit,
2716 3706 3051 3761 Heraclium
3098 3706 3412 3773 minorem,
3446 3707 3549 3776 qui
3579 3711 3642 3762 et

241 3792 460 3870 βασιλεῖ
489 3794 604 3855 υίὸς
662 3793 769 3848 ἀπὸ
821 3789 1086 3855 Εὐδοκίας
1146 3789 1468 3865 Ἡράκλειος
1516 3791 1545 3845 ὁ
1604 3790 1822 3866 μικρὸς,
1853 3791 1883 3845 ὁ

233 3882 355 3947 νέος
438 3887 873 3950 Κωνσταντῖνος,
944 3881 1078 3955 μηνὶ
1128 3882 1293 3954 Μαΐῳ
1330 3879 1511 3956 τρίτῃ.
1572 3883 1668 3938 Τῷ
1734 3879 1882 3952 αὐτῷ

232 3968 362 4039 ἔτει,
393 3970 741 4042 ἐτελεύτησεν
772 3969 1014 4028 Εὖδοκία
1049 3972 1083 4039 ἡ
1116 3970 1418 4046 Αὖγουστα,

303 4063 396 4132 Τῷ
455 4061 503 4137 γ’
559 4054 686 4131 ἔτει,
736 4058 962 4136 ἐστὲφθη
1025 4058 1312 4135 Ἐπιφανία
1367 4059 1480 4131 (34)
1536 4060 1571 4127 ἡ
1638 4056 1879 4131 θυγάτηρ

235 4148 564 4222 Ἡρακλείου
648 4148 738 4203 καὶ
820 4146 1145 4223 Ἡράκλειος
1203 4147 1231 4200 ὁ
1288 4147 1404 4207 υἱὸς
1459 4147 1625 4202 αὐτοῦ
1683 4148 1711 4200 ὁ
1763 4145 1880 4210 νέος

235 4239 639 4301 Κωνσταντῖνος
707 4238 810 4292 ὑπὸ
843 4237 1075 4314 Σεργίου
1133 4234 1499 4311 πατριάρχου.
1532 4238 1624 4307 Τῷ
1655 4233 1702 4289 δ’
1731 4234 1878 4307 αὐτῷ

229 4321 337 4382 ἔτει
387 4325 807 4402 ἐπεστράτευσαν
894 4326 1201 4400 Σαρακηνοὶ
1284 4327 1422 4380 κατά
1508 4323 1728 4402 Συρίας,
1785 4324 1876 4380 καὶ

234 4416 616 4490 λυμηνάμενοι
658 4415 841 4493 χωρία
870 4414 1021 4470 ἱκανὰ
1057 4412 1410 4490 ὑπέστρεψαν.

300 4508 386 4580 Τῇ
419 4502 466 4559 δ’
508 4500 637 4575 ἔτει,
694 4499 1004 4575 παρέλαϐον
1065 4506 1117 4559 οἱ
1170 4504 1372 4578 Πέρσαι
1427 4504 1526 4573 τήν
1592 4505 1873 4578 Δαμασκὸν

1987 3794 2413 3848 Constantinus
2436 3795 2640 3861 iunior
2655 3793 3075 3860 dicitur,tertia
3095 3793 3191 3849 die
3210 3793 3364 3850 Maii.
3381 3793 3636 3850 Eodem-

1988 3898 2103 3955 que
2133 3900 2311 3951 anno,
2345 3883 2603 3938 Eudocia
2631 3885 2893 3956 Augusta
2921 3883 3196 3939 decessit.

2057 4069 2097 4115 Δ
2108 4077 2186 4114 nn
2197 4077 2228 4115 ο
2244 4060 2679 4133 tertio,Sergius
2693 4061 3028 4131 patriarcha
3040 4061 3428 4133 Epiphaniam
3444 4062 3629 4119 ﬁliam

1986 4153 2043 4202 et
2074 4148 2405 4204 Heraclium
2434 4148 2621 4202 lilium
2638 4148 3452 4205 HeracliicoronavitEodem
3470 4167 3629 4207 anno

1986 4236 2262 4292 Saraceni
2309 4238 2372 4290 in
2421 4236 2645 4308 Syriam
2679 4253 2812 4291 cum
2842 4238 3103 4293 exercitu
3136 4239 3385 4309 profecti
3413 4255 3628 4311 magno

1984 4326 2213 4400 regioni
2246 4326 2463 4381 damno
2494 4326 2631 4381 dato
2663 4326 2906 4382 domum
2936 4332 3324 4383 reverterunt.

2055 4508 2275 4571 Quarto
2304 4522 2483 4571 anno,
2516 4507 2710 4561 Persae
2738 4507 3090 4561 Damascum
3129 4512 3416 4580 ceperunt
3446 4513 3505 4564 et
3535 4510 3629 4565 in-

226 4595 319 4651 καὶ
362 4570 816 4670 ’ᾐχμαλώτευσαν
885 4593 1073 4665 αὐτήν.
1125 4595 1186 4651 Ὀ
1249 4570 1307 4648 δὲ
1363 4570 1683 4668 Ἡράκλειος
1745 4614 1875 4669 πρε-

2011 4570 2149 4650 :olas
2195 4595 2257 4650 in
2308 4570 2652 4649 servitutem
2712 4596 2859 4652 7Ιῦ
2911 4570 3290 4668 redegerunt.
3322 4597 3628 4655 Heraclius

229 4681 408 4739 σϐείαν
441 4684 581 4760 πρὸς
626 4684 882 4758 Χοσρόην
940 4681 1242 4751 ἀπέστειλε,
1304 4684 1482 4760 φήσας
1538 4682 1685 4754 αὐτῷ
1741 4683 1882 4738 παύ-

2011 4688 2188 4740 ιιιιθιιι
2244 4683 2443 4737 missis
2500 4682 2706 4755 legatis
2760 4683 3081 4740 Chosroem
3138 4686 3408 4743 hortatus
3449 4692 3538 4743 est
3562 4693 3632 4744 ut

232 4784 422 4837 σασοαι
451 4777 549 4828 τοῦ
579 4771 788 4848 ἐκχὲειν
837 4770 1043 4846 αἵματα
1107 4772 1407 4848 ἀνθρώπων
1460 4770 1730 4842 ἀνηλεῶς,
1787 4772 1876 4828 καὶ

2011 4774 2171 4828 inem
2200 4772 2422 4827 faceret
2452 4772 2776 4827 crudeliter
2811 4774 3119 4846 sanguinis
3150 4775 3461 4832 hominum
3492 4777 3631 4832 fun-

234 4860 411 4937 ὀρίσαι
467 4860 555 4916 καὶ
620 4857 919 4934 λαμϐάνειν
976 4862 1172 4916 πάκτα.
1230 4863 1290 4918 Ὀ
1350 4859 1407 4916 δὲ
1461 4857 1652 4916 οὐδένα
1711 4860 1879 4937 λόγον

2011 4863 2192 4931 lendi,
2225 4877 2546 4934 secumque
2596 4867 2833 4934 pactum
2879 4863 3082 4920 iceret.
3107 4865 3220 4921 Sed
3250 4866 3308 4921 id
3338 4865 3629 4922 Chosroes

231 4949 443 5006 τούτων
522 4950 837 5023 ἐποιήσατο.
917 4953 1012 5023 Τῷ
1079 4947 1128 5004 δ’
1178 4949 1326 5023 αὐτῷ
1382 4945 1488 5005 ἔτει
1552 4948 1877 5024 Ἡράκλειος

2011 4969 2092 5007 »ιιο
2118 4952 2307 5007 nihilo
2331 4951 2518 5006 duxit.
2552 4953 2631 5006 Eo
2653 4952 2782 5023 ipso
2804 4968 2980 5018 anno,
3001 4954 3304 5010 Heraclius
3316 4955 3629 5010 Martinam

226 5040 403 5116 ἔγημε
440 5046 736 5117 Μαρτῖναν,
768 5042 859 5097 καὶ
905 5040 1261 5116 ἀνηγόρευσεν
1319 5039 1484 5108 αὐτὴν
1543 5038 1874 5116 Αὖγοῦσταν,

224 5132 519 5207 στέψαντος
549 5131 717 5201 αὐτὴν
754 5129 987 5207 Σεργίου
1017 5134 1132 5203 (35)
1159 5135 1255 5186 τοῦ
1281 5130 1648 5207 πατριάρχου.

1988 5042 2152 5098 duxit
2182 5044 2625 5113 Augustamque
2667 5041 2960 5113 salutavit,
2994 5048 3339 5099 coronatam
3364 5059 3399 5099 a
3427 5043 3626 5115 Sergio

1982 5131 2343 5202 patriarcha.

1426 5249 1792 5305 XYLANDRI
1832 5249 1915 5304 ET
1953 5247 2169 5305 GOARI
2207 5247 2427 5301 ΝΟΤᾸΞ.

287 5367 402 5438 (32)
449 5368 693 5425 Sacrum
747 5368 900 5424 illud
930 5367 1256 5438 oratorium
1312 5366 1616 5438 translatis
1647 5366 1702 5421 S.
1745 5366 1870 5421 Ste-

218 5437 403 5513 phaui
434 5440 706 5513 reliquiis
737 5440 1006 5513 condidit
1033 5437 1420 5513 Theodosius.
1446 5440 1620 5493 GOAR.

289 5512 404 5581 (33)
436 5507 657 5569 Morem
715 5512 866 5567 illud
924 5511 1235 5582 antiquum
1282 5524 1606 5582 praecessor
1657 5507 1875 5563 Mauri-

219 5579 350 5638 cius
380 5579 665 5642 renovare
696 5583 941 5641 studuit.
1000 5579 1223 5639 Auctor
1275 5579 1400 5651 ejus
1458 5579 1601 5635 Vitas
1631 5593 1788 5634 anno
1820 5584 1872 5636 1.

224 5653 417 5799 ϐοῶἳ)
475 5727 678 5788 Prima
727 5727 856 5787 haec
937 5742 1009 5785 ex
1062 5725 1227 5800 inpp
1261 5765 1276 5782 .
1349 5715 1601 5783 ﬁliabus
1638 5723 1712 5782 ob
1761 5725 1876 5781 Au-

2011 5367 2168 5453 :ustae
2225 5359 2434 5416 matris
2492 5366 2746 5417 mortem
2815 5364 3078 5435 Augusta
3152 5362 3267 5419 fuit
3321 5368 3625 5422 coronata.

2031 5452 2167 5576 083%.)
2199 5505 2325 5576 Non
2357 5501 2429 5576 ab
2464 5501 2592 5573 ipso
2623 5504 2799 5559 modo
2832 5504 3210 5576 imperatore,
3242 5511 3308 5561 ut
3336 5523 3370 5563 a
3398 5507 3631 5564 Justino

1982 5574 2175 5649 primo
2232 5574 2564 5651 factitatum
2613 5581 2818 5651 narrat
2846 5574 3075 5651 auctor,
3096 5577 3201 5633 sed
3232 5594 3267 5634 a
3294 5580 3635 5651 patriarcha

1982 5645 2217 5721 quoque
2249 5645 2646 5703 coronabatur
2676 5650 2959 5721 Augusta.
2994 5650 3170 5709 (ἴση.
