4108 6300
508 345 624 406 783

1849 343 2170 406 GEORGII
2214 342 2560 406 CEDRENI

3791 346 3900 406 ’781

573 486 791 555 Quinto
821 499 998 552 anno,
1047 485 1240 542 Persas
1269 483 1524 540 Jordane
1562 483 1848 553 occupato
1879 479 2140 536 Palaesti-

2324 479 2422 550 Τῷ
2480 479 2518 533 ε’
2573 471 2680 534 ἔτει
2732 473 3044 554 παρέλαϐον
3099 479 3152 535 οἱ
3214 479 3413 557 Ηέρσαι
3467 478 3560 536 τὸν
3612 477 3902 555 Ἰορδάνην,

506 595 646 634 nam
677 583 737 634 et
764 576 974 634 urbem
1005 581 1272 634 sanctam
1305 575 1358 630 vi
1385 577 1886 647 expugnarunt,et
1910 571 1971 626 in
2000 569 2150 626 urbe

505 683 611 742 per
637 667 874 724 Judaaos
932 667 1358 722 interfecerunt
1385 665 1460 721 ad
1504 667 1593 730 90,
1626 669 1693 720 ut
1717 663 1926 731 fertur,
1958 659 2152 716 homi-

507 774 654 814 num
685 756 1092 813 milliaJudaai
1129 756 1290 812 enim
1319 755 1573 826 quisque
1603 771 1711 827 pro
1745 752 1870 807 suis
1899 749 2148 806 faculta-

507 847 669 902 tibus
697 845 1065 902 Christianos
1095 860 1130 899 a
1157 844 1353 899 Persis
1383 847 1659 898 emerunt
1690 846 1867 912 atque
1898 852 2152 894 necave-

508 933 669 983 runt.
701 927 1012 983 Zacharias
1069 923 1408 997 patriarcha
1465 921 2034 994 Hierosolymitanus
2093 921 2154 971 et

508 1016 850 1074 veneranda
877 1015 1069 1072 crucis
1097 1013 1262 1086 ligna
1291 1029 1425 1068 cum
1455 1012 1678 1084 ingenti
1709 1009 1910 1082 praeda
1930 1025 1998 1063 ac
2019 1023 2151 1080 cap-

510 1107 766 1162 tivorum
788 1121 1040 1160 numero
1061 1103 1124 1159 in
1145 1101 1448 1176 Persidem
1475 1106 1616 1157 sunt
1647 1096 2148 1155 abducta.Eodem

511 1211 670 1250 anno
696 1193 944 1249 Martina
973 1191 1239 1248 Heraclio
1271 1190 1458 1246 alium
1482 1187 1934 1244 Constantinum
1965 1201 2150 1256 pepe-

509 1282 718 1354 rit,qui
747 1283 810 1338 in
833 1281 1177 1338 Blachernis
1208 1285 1299 1336 est
1328 1296 1364 1334 a
1391 1278 1590 1352 Sergio
1637 1275 1974 1350 patriarcha
2003 1273 2150 1345 bap-

510 1373 742 1428 tizatus.

583 1463 756 1518 Sexto
779 1478 957 1530 anno,
974 1462 1166 1516 Persa:
1190 1458 1524 1514 universam
1544 1460 1874 1530 AEgyptum,
1907 1453 2151 1510 Alexan-

508 1551 720 1620 driam,
752 1549 1153 1619 Africamque,
1177 1555 1235 1602 et
1255 1547 1457 1604 omnia
1477 1547 1550 1602 ad
1575 1545 1930 1610 [Ethioiiiam
1959 1559 2150 1614 usque

509 1644 1038 1712 occupaverunt,ac
1055 1637 1328 1710 plurimis
1342 1635 1610 1692 abductis
1632 1634 1900 1706 captivis,
1925 1632 2149 1704 ingenti

507 1747 644 1786 cum
675 1727 878 1802 praeda
911 1733 969 1784 et
996 1727 1250 1800 pecunia
1293 1727 1534 1782 domum
1567 1723 1891 1787 redierunt,
1925 1720 2150 1776 relictis

508 1821 610 1893 qui
641 1817 1054 1890 Carthaginem
1072 1815 1342 1870 frustraa
1371 1830 1432 1869 se
1465 1817 1751 1868 tentatam
1783 1809 2146 1866 obsiderent.

577 1998 842 2070 Septimo
890 2012 1072 2058 anno,
1128 1991 1557 2050 Constantinus
1609 1989 1914 2045 Heraclius
1945 1985 2156 2042 consul

501 2090 1055 2160 fuit,Cassaremque
1077 2084 1218 2140 fecit
1237 2083 1481 2152 fratrem
1499 2098 1672 2138 suum
1696 2077 2156 2136 Constantinum

505 2179 826 2245 minorem,
858 2175 1113 2232 Heraclii
1144 2179 1204 2228 et
1233 2173 1494 2230 Martium
1527 2170 1743 2226 filium.

581 2357 734 2412 ’118
785 2356 998 2412 Octavo
1047 2369 1227 2421 anno,
1257 2367 1461 2408 rursus
1511 2349 1816 2406 Heraclius
1857 2347 2062 2419 legatis
2093 2346 2155 2400 in

504 2445 813 2503 Persidem
845 2443 919 2499 ad
947 2443 1268 2498 Chosroem
1299 2440 1498 2496 missis
1527 2455 1736 2512 pacem
1768 2436 1954 2511 petiit.
1983 2435 2158 2491 Chos-

504 2549 639 2590 roes
669 2532 866 2588 denuo
923 2546 1024 2586 eos
1075 2528 1315 2601 repulit,
1347 2544 1570 2599 negans
1601 2543 1662 2581 se
1695 2524 1974 2581 Romanis
2004 2523 2155 2579 velle

507 2639 779 2695 parcere,
813 2621 930 2676 nisi
991 2618 1340 2675 crucifixum
1400 2615 1788 2683 difﬁteantur,
1834 2631 2009 2686 quem
2043 2613 2156 2686 ipsi

509 2713 698 2768 Deum
729 2727 859 2766 esse
891 2709 1112 2780 dicant,
1146 2712 1205 2765 et
1232 2706 1346 2762 nisi
1379 2705 1629 2762 adorent
1659 2704 1868 2760 solem.

577 2896 743 2950 Nouo
795 2909 978 2960 anno,
1031 2893 1250 2948 Avares
1279 2891 1340 2946 in
1371 2890 1678 2946 Thraciam
1725 2905 1860 2944 cum
1891 2887 2156 2943 exercitu

503 2988 819 3040 venerunt.
853 2982 1028 3038 Mittit
1083 2997 1219 3053 ergo
1262 2980 1566 3036 Heraclius
1621 2995 1827 3050 pacem
1856 2978 2106 3050 petitum
2139 2992 2152 3044 ;

507 3089 767 3144 cumque
793 3088 924 3127 eam
958 3087 1021 3126 se
1069 3070 1539 3143 compositurum
1569 3069 1878 3141 Chagauus
1909 3066 2154 3138 promit-

507 3167 682 3228 teret,
713 3161 768 3216 ei
788 3165 953 3216 extra
975 3160 1234 3232 Longum
1256 3175 1444 3230 usque
1476 3175 1712 3214 murum
1736 3156 1995 3211 occurrit
2017 3170 2156 3210 cum

507 3266 722 3323 magno
752 3249 1134 3320 imperatorio
1165 3249 1470 3314 comitatu,
1495 3246 1843 3319 magnisque
1865 3250 1925 3299 et
1944 3243 2151 3299 multis

515 3340 689 3396 donis
707 3339 1047 3410 Chaganum
1069 3337 1143 3392 ad
1165 3353 1372 3408 pacem
1406 3337 1520 3392 fide
1551 3338 1706 3392 ultro
1725 3337 1992 3405 citroque
2018 3333 2156 3389 data

514 3426 875 3484 ﬁrmandam
925 3427 1194 3481 hortatus
1241 3431 1348 3481 est.
1379 3425 1491 3480 Sed
1541 3424 1830 3481 Barbarus
1871 3423 2058 3496 pactis
2087 3438 2156 3478 ac

505 3517 850 3590 juramento
873 3516 1234 3573 conculcatis
1261 3516 1455 3571 subito
1484 3515 1760 3570 hostilem
1784 3516 2070 3586 impetum
2095 3514 2154 3567 in

513 3608 851 3664 Heraclium
883 3605 1066 3676 dedit,
1100 3606 1184 3662 ita
1213 3609 1278 3661 ut
1325 3621 1389 3661 re
1426 3605 1735 3677 inopinata
1763 3605 1814 3659 is
1845 3603 2156 3676 perculsus

512 3699 651 3772 fuga
679 3698 741 3753 in
771 3697 980 3754 urbem
1013 3713 1076 3753 se
1108 3695 1734 3768 receperit.Chaganus
1762 3693 2152 3765 impedimen-

512 3787 588 3843 tis
610 3787 1009 3859 imperatoris,
1043 3791 1101 3842 et
1131 3803 1280 3858 quos
1309 3785 1522 3857 potuit,
1553 3783 1894 3839 hominibus
1926 3782 2156 3852 aliquot

514 3877 722 3948 captis,
755 3876 946 3932 multa
999 3875 1260 3931 Thracias
1291 3875 1508 3948 oppida
1537 3889 1640 3946 spe
1672 3873 1836 3945 pacis
1867 3872 1939 3927 ab
1967 3888 2036 3927 eo
2067 3889 2155 3927 os-

509 3970 716 4034 tensaa,
741 3965 894 4020 nihil
922 3965 1040 4022 tale
1072 3963 1892 4037 exspectautia,depraadatus
1912 3951 2168 4017 domum.

511 4051 674 4108 abiit.

576 4144 747 4198 Auno
775 4141 1027 4211 decimo,
1061 4143 1276 4198 iterum
1319 4141 1624 4198 Heraclius
1655 4140 1730 4197 ad
1760 4157 1896 4197 eum
1928 4140 2153 4211 legatos

504 4233 708 4303 mittit,
739 4249 844 4305 per
891 4251 1040 4305 quos
1093 4239 1152 4290 et
1200 4239 1410 4291 contra
1457 4233 1646 4289 foedus
1676 4233 1748 4289 ab
1781 4249 1850 4288 eo
1881 4231 2037 4288 facta
2065 4249 2151 4287 re-

501 4323 892 4394 prehenditet
914 4323 1108 4380 denuo
1131 4323 1205 4379 ad
1226 4339 1432 4396 pacem
1461 4323 1900 4378 hortatur.Nam
1926 4321 2150 4376 bellum

503 4411 810 4466 Persicum
840 4411 1041 4466 animo
1075 4411 1306 4484 agitans
1337 4412 1468 4483 ejus
1499 4427 1678 4467 causa
1707 4428 1841 4466 cum
1875 4411 2149 4482 Chagauo

504 4498 782 4570 cupiebat
812 4515 1021 4570 pacem
1075 4499 1315 4558 habere.
1375 4499 1667 4557 Barbarus
1715 4499 2150 4556 humanitatem

2256 568 2346 622 καί
2376 569 2478 638 τήν
2510 565 2903 640 Παλαιστίνην,
2943 570 3035 624 καὶ
3092 571 3192 640 τὴν
3250 569 3406 646 ἁγίαν
3441 567 3607 625 πόλιν
3660 568 3900 644 πολέμῳ,

2257 654 2349 711 καί
2391 657 2708 713 ἀπέκτειναν
2764 656 2816 712 ἐν
2873 657 3010 734 αὐτῇ
3071 657 3161 714 διὰ
3209 663 3410 736 χειρῶν
3463 663 3575 715 τῶν
3637 657 3901 717 Ἰουδαίων

2259 744 2336 810 ὥς
2392 747 2522 826 φασί
2577 767 2741 818 τινες,
2799 745 3067 824 μυριάδας
3122 749 3184 814 θ’”
3243 747 3396 804 αὐτοὶ
3450 749 3555 826 γὰρ
3610 748 3899 822 ὠνούμενοι

2256 834 2384 898 τοὺς
2443 837 2819 912 Χριστιανοὺς,
2890 840 3008 893 καθ’
3061 835 3286 901 ἕκαστος
3343 837 3603 914 ηὐπόρει,
3666 837 3899 894 ἀπέκτει-

2256 947 2352 982 νον
2384 925 2602 990 αὑτοὺς.
2660 926 2968 1002 Ζαχαραίαν
3027 925 3086 982 δὶ
3142 928 3236 984 τὸν
3293 929 3642 1004 πατριάρχην
3692 930 3902 1004 Ἰεροσο-

2260 1015 2452 1088 λύμων
2483 1016 2672 1072 καὶτὰ
2701 1015 2862 1090 τίμια
2907 1015 3044 1090 ξύλα
3097 1013 3356 1081 Λαϐόντες
3413 1017 3506 1073 σὺν
3547 1018 3900 1094 αἰχμαλωσίᾳ

2256 1100 2447 1177 πολλῇ
2480 1101 2532 1157 έν
2565 1101 2782 1179 Περσίδι
2819 1103 3124 1182 ἀπήγαγον.
3183 1104 3282 1178 Τῷ
3346 1105 3494 1178 αὑτῷ
3545 1103 3657 1161 ἔτει
3718 1103 3899 1181 ἐτέχθη

2256 1196 2336 1264 τῷ
2396 1191 2614 1268 βασιλεῖ
2695 1193 2800 1248 ἀπὸ
2857 1193 3130 1270 Μαρτίνας
3222 1197 3633 1257 Κωνσταντῖνος
3707 1191 3900 1269 ἔτερος,

2258 1279 2348 1334 καί
2401 1275 2700 1353 ἐϐαπτίσθη
2759 1280 2811 1338 έν
2871 1281 3214 1360 Βλαχέρναις
3276 1283 3378 1338 ὑπὸ
3440 1283 3676 1362 Σεργίου
3733 1305 3904 1361 πατρι-

2260 1367 2458 1448 άρχου.
2542 1438 2550 1444 _

2325 1460 2424 1531 Τῷ
2501 1460 2544 1523 ς’
2601 1452 2731 1530 ἔτει,
2815 1455 3124 1536 παρέλαϐον
3183 1460 3236 1515 οἱ
3295 1460 3494 1534 Πέρσαι
3577 1466 3767 1517 πᾶσαν
3821 1463 3902 1529 τήν

2257 1545 2556 1622 ΛΊγυπτον,
2613 1549 2703 1604 καί
2757 1547 3188 1624 Ἀλεξάνδρειαν,
3246 1551 3336 1606 καὶ
3400 1545 3640 1622 Λιϐύην,
3699 1551 3793 1605 καὶ
3819 1547 3907 1612 ἕως

2260 1636 2564 1709 Αἰθιοπίας,
2622 1637 2712 1693 καί
2771 1633 3032 1699 λαϐόντές
3091 1637 3486 1713 αἰχμαλωσίαν
3545 1637 3775 1709 πολλὴν
3829 1639 3908 1692 καί

2259 1724 2476 1802 λάφυρα
2521 1727 2611 1782 καί
2669 1728 2933 1803 χρήματα
2993 1725 3347 1804 ὑπέστρεψαν.
3404 1727 3519 1798 Τὴν
3581 1725 3645 1783 δὲ
3697 1729 3907 1804 Καρχη-

2261 1811 2391 1870 δόνα
2485 1817 2561 1887 μή
2643 1812 2962 1886 δυνηθέντες
3039 1811 3375 1893 παραλαϐεῖν
3421 1864 3436 1888 ,
3532 1819 3904 1893 πολιορκητὰς

2264 1903 2529 1974 ὶάσαντες,
2549 1903 2930 1981 ἀνεχώρησαν.

2333 1997 2429 2067 Τῷ
2486 1995 2529 2064 ζ’
2571 1992 2706 2063 ἓτει,
2766 1995 3027 2051 ὑπάτευσε
3084 1998 3490 2060 Κωνσταντῖοος
3563 1995 3903 2072 Ἡράκλειος,

2260 2083 2350 2138 καί
2408 2079 2743 2158 προεϐάλετο
2801 2085 3046 2160 Καίσαρα
3103 2091 3504 2142 Κωνσταντῖνον
3553 2087 3652 2142 τὸν
3723 2089 3901 2163 μικρὸν

2260 2168 2402 2226 ἴδιον
2462 2171 2720 2252 ἀδελφὸν,
2803 2173 2893 2228 σὸν
2985 2174 3038 2244 ἒξ
3095 2172 3422 2250 Ἡρακλείου
3477 2174 3569 2231 καὶ
3633 2176 3898 2250 Μαρτίνας

2257 2264 2594 2341 γεννηθέντα.

2330 2357 2417 2426 Τῷ
2491 2355 2543 2424 η’
2624 2349 2732 2411 ἔτει
2816 2354 2981 2411 πάλιν
3071 2355 3389 2433 Ἡράκλειος
3462 2356 3782 2414 ἀπέστειλεν
3856 2356 3901 2412 έν

2259 2439 2482 2516 Περσίδι
2538 2439 2790 2519 πρέσϐεις
2862 2445 3001 2518 πρὸς
3056 2445 3330 2518 Χοσρόην,
3387 2443 3718 2519 αἰτούμενος
3770 2443 3900 2520 εἰρη-

2257 2551 2376 2604 νην.
2409 2531 2473 2588 Ὁ
2522 2529 2580 2586 δὲ
2637 2534 2891 2608 Χοσρόης
2945 2533 3037 2588 καὶ
3093 2533 3260 2590 πάλιν
3320 2531 3479 2590 αὑτὸν
3533 2534 3899 2610 ἀπεπέμψατο,

2260 2619 2428 2676 εἰπὼν
2457 2618 2540 2676 ὅτι
2571 2621 2652 2678 Οὐ
2679 2619 2933 2698 φείσομαι
2976 2621 3154 2694 ὑμῶν,
3183 2620 3288 2683 ἕως
3344 2621 3406 2677 ἃν
3455 2622 3763 2697 ἀρνήσησοε
3814 2623 3897 2677 τὸν

2261 2709 2706 2786 ἑσταυρωμένων,
2738 2711 2796 2766 ’ὸν
2844 2710 3028 2788 λέγετε
3076 2711 3205 2766 Θεὸν
3257 2712 3422 2783 εἶναι,
3479 2714 3566 2768 καὶ
3600 2713 3894 2788 προσκυνή-

2262 2819 2392 2872 σητε
2419 2804 2500 2872 τῷ
2530 2798 2700 2873 ἡλίῳ.

2329 2894 2420 2962 Τῷ
2477 2890 2523 2954 θ’
2580 2883 2707 2960 ἔτει,
2799 2887 3160 2964 έστράτευσαο
3237 2889 3290 2944 οἱ
3341 2885 3568 2965 Ἀϐαρες
3607 2890 3736 2944 κατὰ
3783 2891 3876 2952 τῆς

2261 2977 2498 3054 Θρᾴκης.
2531 2977 2890 3042 Ἀποστείλας
2929 2975 2986 3034 Et
3051 2975 3371 3054 Ἡράκλειος
3425 2979 3602 3053 ᾐτεῖτο
3658 2977 3874 3052 εἰρήνην·

2259 3067 2350 3122 καί
2378 3067 2701 3140 συνθεμένου
2732 3070 2828 3123 τοῦ
2885 3067 3144 3143 Χαγάνου
3201 3067 3403 3139 ταύτην
3457 3073 3655 3139 ποιεῖν,
3686 3063 3888 3138 ἐξῆλθεν

2263 3156 2291 3210 ὁ
2335 3153 2590 3229 βασιλεύς
2645 3151 2746 3228 ἕξω
2789 3159 2884 3210 τοῦ
2940 3157 3166 3232 Μακροῦ
3221 3155 3442 3234 τείχους
3503 3155 3636 3230 μετᾶ
3691 3152 3895 3223 πολλῆς

2268 3242 2593 3324 δορυφορίας
2634 3244 2928 3320 βασιλικῆς
2968 3246 3057 3300 καί
3115 3242 3306 3321 δώρων
3357 3243 3587 3302 πολλῶν
3651 3244 3892 3322 μεγάλων

2264 3331 2613 3404 ὑποδέξασθαι
2651 3335 2741 3389 τὸν
2794 3335 3042 3410 Χαγάνον
3099 3336 3188 3390 καὶ
3222 3331 3409 3390 λαϐεῖν
3463 3336 3530 3391 τὰ
3560 3335 3728 3392 πιστά
3776 3355 3895 3410 παρ,

2261 3423 2446 3478 αὐτοῦ.
2484 3425 2545 3481 Ὀ
2604 3421 2662 3478 δὲ
2711 3419 2991 3498 Βάρϐαρος
3049 3427 3134 3499 [Ρ.
3193 3427 3321 3499 409]
3379 3428 3476 3488 τάς
3529 3446 3589 3480 τε
3642 3427 3896 3495 συνθήκας

2261 3505 2524 3583 ἀθετήσας
2577 3513 2666 3568 καὶ
2725 3512 2854 3576 τοὺς
2911 3515 3106 3590 ὅρκους
3161 3511 3314 3592 ἄφνω
3378 3519 3713 3590 τυραννικῶς
3779 3514 3897 3570 κατὰ

2259 3605 2357 3657 τοῦ
2417 3600 2684 3676 βασιλέως
2742 3600 3043 3678 ἐχώρησεν.
3095 3601 3420 3681 Ἐκπλαγείς
3479 3601 3538 3659 δὲ
3590 3605 3618 3658 ὁ
3657 3603 3898 3680 βασιλεὺς

2257 3694 2336 3763 τῷ
2385 3687 2782 3766 ἀπροσδοκήτῳ
2840 3693 3008 3771 φυγὰς
3063 3692 3149 3747 ἐπὶ
3207 3695 3306 3764 τὴν
3358 3690 3522 3748 πόλιν
3592 3694 3898 3768 ὑπέστρεψε.

2259 3773 2454 3834 Λαϐὼν
2483 3777 2541 3835 δὲ
2579 3781 2608 3835 ὁ
2665 3776 2948 3856 Βάρϐαρος
3000 3783 3100 3852 τὴν
3153 3803 3212 3837 τε
3265 3781 3555 3858 βασιλικὴν
3599 3783 3896 3850 ἀποσκευήν

2256 3868 2345 3923 καί
2414 3869 2574 3930 ὅσους
2625 3866 2874 3941 ἠδυνήθη
2932 3866 3259 3927 καταλαϐεῖν
3347 3872 3671 3948 ὑπέστρεψε,
3730 3871 3902 3930 πολλᾶ

2258 3955 2440 4032 χωρία
2467 3965 2567 4028 τῆς
2601 3957 2814 4034 Θρᾴκης
2843 3958 3174 4034 ληϊσάμενος
3213 3958 3273 4016 ἐκ
3322 3965 3420 4017 τοῦ
3478 3961 3900 4037 ἀπροσδοκήτως

2257 4050 2526 4120 ἀπατῆσαι
2554 4056 2624 4126 τῇ
2656 4049 2838 4107 ἐλπίδι
2869 4059 2971 4122 τῆς
3015 4052 3261 4128 εἰρήνης.

2323 4144 2412 4212 Τῷ
2472 4140 2501 4193 ι’
2556 4135 2663 4196 ἔτει
2721 4139 3042 4216 Ἡράκλειος
3126 4144 3262 4218 πρὸς
3347 4142 3587 4220 Χαγάνον
3651 4138 3894 4219 πρέσϐεις

2253 4227 2564 4283 ἀπέστειλεν
2621 4225 2777 4284 ἕνεκα
2840 4230 2964 4304 περὶ
3020 4237 3128 4286 τῶν
3191 4232 3280 4287 ὑπ’
3337 4233 3506 4288 αὑτοῦ
3572 4235 3896 4310 γεγονόντων

2255 4317 2502 4390 ἀθέσμων
2537 4361 2552 4386 ,
2617 4321 2707 4373 καί
2774 4318 2940 4374 πάλιν
3017 4320 3153 4392 πρὸς
3235 4321 3458 4395 εἰρήνην
3517 4325 3889 4398 προετρέπετοι

2255 4406 2664 4481 ἐπιστρατεῦσαι
2747 4406 2850 4482 γὰρ
2935 4404 3318 4482 διανοούμενος
3421 4410 3560 4464 κατὰ
3643 4405 3888 4485 Περσίδος

2256 4496 2548 4570 εἰρηνεύειν
2619 4497 2755 4569 μετὰ
2816 4501 2915 4552 τοῦ
3018 4499 3264 4574 Χαγάνου
3359 4495 3556 4568 ἤθελεν
3593 4541 3609 4566 ,
3698 4501 3758 4563 ὃς
3810 4495 3884 4550 καί

503 4587 760 4643 Heraclii
792 4590 1079 4646 reveritus
1108 4591 1385 4663 promisit
1413 4607 1476 4646 se
1507 4591 1662 4648 facta
1689 4596 1942 4658 mutare,
1971 4595 2148 4661 atque

2266 4585 2520 4650 αἰδεσθεὶς
2550 4586 2648 4654 τήν
2686 4589 2783 4642 τοῦ
2817 4585 3087 4662 βασιλέως
3137 4588 3349 4662 ἀγάπην
3415 4593 3696 4661 μετανοεῖν
3745 4587 3877 4656 ἐπητ-

497 4678 812 4748 postmodo
843 4697 1043 4752 pacem
1089 4681 1408 4738 culturum.
1443 4685 1530 4738 Ita
1557 4683 1732 4755 legati
1767 4683 2144 4755 imperatoris

501 4767 649 4822 717
685 4783 821 4827 cum
869 4775 1042 4841 pacta
1093 4770 1454 4840 ﬁrmassent,
1485 4789 1629 4844 pace
1661 4773 2010 4843 composita,
2042 4771 2142 4826 do-

495 4872 662 4913 mum
684 4857 934 4930 profecti
965 4865 1200 4930 sunt,eo
1222 4877 1380 4918 anno
1411 4861 1590 4917 etiam
1623 4864 1815 4917 Persas
1848 4865 2137 4934 Ancyram

497 4947 737 5004 Galatiae
769 4949 978 5004 urbem
1011 4956 1512 5024 expugnaverunt.

563 5039 738 5093 Anno
761 5039 814 5093 11
832 5041 1157 5108 ,Heraclius
1173 5039 1370 5095 divino
1395 5039 1758 5096 Christianos
1780 5041 2137 5096 defendendi

493 5126 706 5182 ardore
731 5129 915 5184 animi
939 5129 1238 5198 incitatus,
1264 5130 1678 5196 constituta,ut
1707 5131 1969 5202 putabat,
2003 5149 2134 5188 cum

492 5217 776 5272 Avaribus
809 5219 1274 5288 pace,excrcitus
1298 5235 1368 5273 ex
1393 5221 1621 5292 Europa
1647 5221 1702 5274 in
1730 5220 1928 5276 Asiam
1957 5227 2137 5278 trans-

491 5305 648 5370 tulit,
677 5308 1092 5379 cogitavitque,
1125 5309 1242 5363 Deo
1273 5309 1588 5381 adjuvante
1625 5315 1904 5366 conatum
1939 5329 2134 5382 suum,

490 5391 551 5446 iu
585 5395 892 5452 Persidem
921 5397 1158 5453 ducere.

556 5487 727 5538 Anno
775 5488 860 5554 12,
911 5488 1012 5557 qui
1045 5487 1157 5542 fuit
1208 5487 1280 5543 ab
1313 5489 1486 5545 initio
1530 5489 1736 5546 mundi
1769 5490 1926 5558 6131,
1962 5493 2138 5546 tertia

487 5572 710 5626 mensis
733 5572 1120 5645 Septembris,
1149 5578 1494 5647 septimana:
1519 5579 1726 5648 quinta
1746 5579 1862 5644 die,
1896 5581 2137 5651 Stepha-

483 5674 598 5716 nus
631 5659 1070 5721 Aloxandrinus
1122 5665 1433 5721 Saracenis
1463 5683 1536 5722 ex
1566 5667 1742 5723 astris
1772 5666 1959 5738 petita
1988 5668 2131 5724 divi-

2252 4674 2484 4753 γέλλετο
2568 4677 2660 4730 καί
2741 4675 2957 4754 ἀγάπην
3033 4682 3247 4731 ποιεῖν·
3335 4675 3425 4732 καὶ
3510 4679 3879 4754 στοιχήσαντες

2251 4765 2427 4821 πάκτα
2458 4763 2786 4841 ὑπέστρεψαν
2829 4766 2880 4820 οἱ
2932 4759 3182 4840 πρέσϐεις
3237 4766 3354 4840 μετ’
3403 4764 3654 4842 εἰρήνης.
3713 4765 3885 4832 Τούτῳ

2247 4859 2328 4928 τῷ
2386 4852 2491 4910 ἔτει
2547 4849 2855 4930 παρέλαϐον
2917 4855 2969 4908 οὶ
3026 4855 3220 4929 Πέρσαι
3300 4854 3533 4928 πολέμῳ
3632 4854 3886 4932 Ἀγκῦραν

2249 4942 2540 5007 Γαλατίας.
3047 5011 3054 5016 α

2323 5037 2412 5104 Τῷ
2475 5039 2538 5087 ια’
2592 5025 2722 5103 ἔτει,
2771 5032 3094 5106 Ἡράκλειος
3176 5033 3343 5103 ζῆλον
3400 5038 3543 5098 θεῖον
3605 5033 3737 5108 ὑπὲρ
3796 5033 3892 5086 τῶν

2252 5124 2594 5197 Χριστιανῶν
2667 5117 2996 5191 ἀναλαϐὼν,
3056 5123 3191 5196 μετά
3255 5126 3364 5176 τῶν
3427 5116 3678 5196 Ἀϐάρων
3738 5120 3890 5191 εἰρη-

2249 5214 2460 5284 νεῖσσς,
2517 5214 2592 5276 ὡς
2646 5212 2880 5287 ένόμ·ξε,
2926 5216 3219 5290 μετήνεγκε
3271 5214 3337 5270 τὰ
3394 5215 3774 5292 στρατεύματα
3801 5221 3894 5282 τῆς

2249 5307 2520 5384 Εὐρώπης
2552 5305 2638 5360 έπί
2667 5307 2768 5374 τήν
2823 5306 3033 5373 Ἀσίαν,
3063 5307 3155 5361 καὶ
3187 5303 3447 5362 διενοεῖτο
3493 5311 3563 5380 τῇ
3610 5312 3709 5363 τοῦ
3766 5309 3892 5362 Θεοῦ

2249 5395 2502 5474 συνεργίᾳ
2528 5397 2666 5450 κατᾶ
2697 5393 2958 5471 Περσίδος
2990 5401 3214 5472 χωρεῖν.

2315 5491 2402 5558 Τῷ
2427 5488 2496 5561 ιβ’
2525 5481 2653 5554 ἔτει,
2711 5481 2883 5562 ἤγουν
2917 5490 2996 5558 τῷ
3025 5484 3193 5562 ,ςρλαί
3249 5486 3354 5540 ἀπὸ
3411 5485 3637 5549 κτίσεως
3665 5485 3892 5560 κόσμου,

2249 5576 2380 5649 μηνί
2413 5569 2778 5648 Σεπτεμϐρίῳ
2811 5575 2881 5648 γ’,
2908 5575 3090 5650 ἡμέρᾳ
3145 5576 3206 5646 ε’,
3265 5573 3474 5651 ἐγένετο
3504 5575 3758 5648 θεμάτιον
3791 5578 3894 5629 τῶν

2245 5669 2576 5741 Σαρακηνῶν
2633 5663 2783 5738 παρὰ
2861 5665 3131 5740 Στεφάνου
3216 5661 3618 5741 Ἀλεξανδρέως
3679 5663 3897 5724 τούτοις
