  <div class='ocr_page' id='page_1' title='image "/cluster/home/n/w/nwhite01/storage/ocr_20150623/121/mdp.39015078384289/400.png"; bbox 0 0 4052 6316; ppageno 0'>
   <div class='ocr_carea' id='block_1_1' title="bbox 211 379 336 443">
    <p class='ocr_par' dir='ltr' id='par_1_1' title="bbox 211 379 336 443">
     <span class='ocr_line' id='line_1_1' title="bbox 211 379 336 443; baseline 0.024 -3"><span class='ocrx_word' id='word_1_1' title='bbox 211 379 336 443; x_wconf 77' lang='lat'>785</span> 
     </span>
    </p>
   </div>
   <div class='ocr_carea' id='block_1_2' title="bbox 1345 380 2487 451">
    <p class='ocr_par' dir='ltr' id='par_1_2' title="bbox 1345 380 2487 451">
     <span class='ocr_line' id='line_1_2' title="bbox 1345 380 2487 451; baseline 0.006 -10"><span class='ocrx_word' id='word_1_2' title='bbox 1345 380 1714 443; x_wconf 80' lang='lat' dir='ltr'>HISTORIA</span> <span class='ocrx_word' id='word_1_3' title='bbox 1728 380 1830 441; x_wconf 79' lang='lat' dir='ltr'>RU</span> <span class='ocrx_word' id='word_1_4' title='bbox 1841 381 1891 439; x_wconf 79' lang='grc' dir='ltr'><strong>Μ</strong></span> <span class='ocrx_word' id='word_1_5' title='bbox 1938 382 2487 451; x_wconf 82' lang='lat' dir='ltr'>COMPENDIUM.</span> 
     </span>
    </p>
   </div>
   <div class='ocr_carea' id='block_1_3' title="bbox 3518 392 3639 491">
    <p class='ocr_par' dir='ltr' id='par_1_3' title="bbox 3518 392 3639 491">
     <span class='ocr_line' id='line_1_3' title="bbox 3518 392 3639 491; baseline 0.017 -41"><span class='ocrx_word' id='word_1_6' title='bbox 3518 392 3639 491; x_wconf 48' lang='lat'>796</span> 
     </span>
    </p>
   </div>
   <div class='ocr_carea' id='block_1_4' title="bbox 204 507 1851 596">
    <p class='ocr_par' dir='ltr' id='par_1_4' title="bbox 204 507 1851 588">
     <span class='ocr_line' id='line_1_4' title="bbox 204 507 1851 588; baseline -0.004 -18"><span class='ocrx_word' id='word_1_7' title='bbox 204 513 552 577; x_wconf 87' lang='grc' dir='ltr'>κανονίσατος</span> <span class='ocrx_word' id='word_1_8' title='bbox 608 513 875 588; x_wconf 79' lang='grc' dir='ltr'>κρατῆσαι</span> <span class='ocrx_word' id='word_1_9' title='bbox 932 510 987 568; x_wconf 79' lang='grc' dir='ltr'>ἐν</span> <span class='ocrx_word' id='word_1_10' title='bbox 1048 510 1230 587; x_wconf 81' lang='grc' dir='ltr'>ἰσχύει</span> <span class='ocrx_word' id='word_1_11' title='bbox 1279 512 1375 584; x_wconf 77' lang='grc' dir='ltr'>μὶν</span> <span class='ocrx_word' id='word_1_12' title='bbox 1430 507 1526 583; x_wconf 70' lang='grc' dir='ltr'>ἐτη</span> <span class='ocrx_word' id='word_1_13' title='bbox 1558 513 1657 582; x_wconf 80' lang='grc' dir='ltr'>τθ“,</span> <span class='ocrx_word' id='word_1_14' title='bbox 1702 511 1755 566; x_wconf 88' lang='grc' dir='ltr'>ἐν</span> <span class='ocrx_word' id='word_1_15' title='bbox 1816 508 1851 565; x_wconf 91' lang='grc' dir='ltr'>δ</span> 
     </span>
    </p>
   </div>
   <div class='ocr_carea' id='block_1_5' title="bbox 1962 507 3634 596">
    <p class='ocr_par' dir='ltr' id='par_1_5' title="bbox 1988 517 3634 596">
     <span class='ocr_line' id='line_1_5' title="bbox 1988 517 3634 596; baseline 0.008 -28"><span class='ocrx_word' id='word_1_16' title='bbox 1988 517 2170 570; x_wconf 85' lang='lat' dir='ltr'>nandi</span> <span class='ocrx_word' id='word_1_17' title='bbox 2193 520 2422 574; x_wconf 81' lang='lat' dir='ltr'>ratione</span> <span class='ocrx_word' id='word_1_18' title='bbox 2437 523 2889 579; x_wconf 88' lang='lat' dir='ltr'>vaticinatusest</span> <span class='ocrx_word' id='word_1_19' title='bbox 2914 522 3039 578; x_wconf 86' lang='lat' dir='ltr'>fore</span> <span class='ocrx_word' id='word_1_20' title='bbox 3071 539 3274 579; x_wconf 90' lang='lat' dir='ltr'>eorum</span> <span class='ocrx_word' id='word_1_21' title='bbox 3306 525 3634 596; x_wconf 87' lang='lat' dir='ltr'>potentiam</span> 
     </span>
    </p>
   </div>
   <div class='ocr_carea' id='block_1_6' title="bbox 208 598 1868 683">
    <p class='ocr_par' dir='ltr' id='par_1_6' title="bbox 208 598 1868 683">
     <span class='ocr_line' id='line_1_6' title="bbox 208 598 1868 683; baseline -0.002 -23"><span class='ocrx_word' id='word_1_22' title='bbox 208 607 488 683; x_wconf 70' lang='grc' dir='ltr'>συστροφῇ</span> <span class='ocrx_word' id='word_1_23' title='bbox 547 603 635 657; x_wconf 86' lang='grc' dir='ltr'>καὶ</span> <span class='ocrx_word' id='word_1_24' title='bbox 724 600 985 673; x_wconf 75' lang='grc' dir='ltr'>ἀκατασίᾳ</span> <span class='ocrx_word' id='word_1_25' title='bbox 1067 598 1159 655; x_wconf 89' lang='grc' dir='ltr'>καὶ</span> <span class='ocrx_word' id='word_1_26' title='bbox 1233 605 1494 679; x_wconf 74' lang='grc' dir='ltr'>(ρυμφορᾶ</span> <span class='ocrx_word' id='word_1_27' title='bbox 1558 599 1715 675; x_wconf 84' lang='grc' dir='ltr'>ἓτερα</span> <span class='ocrx_word' id='word_1_28' title='bbox 1768 600 1868 672; x_wconf 78' lang='grc' dir='ltr'>’ἐτη</span> 
     </span>
    </p>
   </div>
   <div class='ocr_carea' id='block_1_7' title="bbox 207 687 1873 765">
    <p class='ocr_par' dir='ltr' id='par_1_7' title="bbox 207 687 1873 765">
     <span class='ocr_line' id='line_1_7' title="bbox 207 687 1873 765; baseline -0.003 -15"><span class='ocrx_word' id='word_1_29' title='bbox 207 701 305 765; x_wconf 85' lang='grc' dir='ltr'>νς’,</span> <span class='ocrx_word' id='word_1_30' title='bbox 337 694 413 755; x_wconf 85' lang='grc' dir='ltr'>ὡς</span> <span class='ocrx_word' id='word_1_31' title='bbox 465 692 601 747; x_wconf 82' lang='grc' dir='ltr'>εἶναι</span> <span class='ocrx_word' id='word_1_32' title='bbox 652 691 751 760; x_wconf 74' lang='grc' dir='ltr'>τὴν</span> <span class='ocrx_word' id='word_1_33' title='bbox 805 687 1160 765; x_wconf 68' lang='grc' dir='ltr'>διακρατησιν</span> <span class='ocrx_word' id='word_1_34' title='bbox 1217 688 1395 744; x_wconf 80' lang='grc' dir='ltr'>αὐτῶν</span> <span class='ocrx_word' id='word_1_35' title='bbox 1455 690 1659 744; x_wconf 80' lang='grc' dir='ltr'>ἅπασαν</span> <span class='ocrx_word' id='word_1_36' title='bbox 1712 691 1873 745; x_wconf 87' lang='grc' dir='ltr'>εύτυ-</span> 
     </span>
    </p>
   </div>
   <div class='ocr_carea' id='block_1_8' title="bbox 203 775 1867 861">
    <p class='ocr_par' dir='ltr' id='par_1_8' title="bbox 203 775 1867 861">
     <span class='ocr_line' id='line_1_8' title="bbox 203 775 1867 861; baseline -0.002 -23"><span class='ocrx_word' id='word_1_37' title='bbox 203 787 413 861; x_wconf 81' lang='grc' dir='ltr'>χοῦσαν</span> <span class='ocrx_word' id='word_1_38' title='bbox 444 780 533 837; x_wconf 80' lang='grc' dir='ltr'>καὶ</span> <span class='ocrx_word' id='word_1_39' title='bbox 603 777 978 855; x_wconf 73' lang='grc' dir='ltr'>δυστυχοῦσαν</span> <span class='ocrx_word' id='word_1_40' title='bbox 1038 775 1132 850; x_wconf 76' lang='grc' dir='ltr'>ἔτη</span> <span class='ocrx_word' id='word_1_41' title='bbox 1192 779 1314 850; x_wconf 67' lang='grc' dir='ltr'>τξέ,</span> <span class='ocrx_word' id='word_1_42' title='bbox 1372 776 1423 833; x_wconf 84' lang='grc' dir='ltr'>ἐν</span> <span class='ocrx_word' id='word_1_43' title='bbox 1478 783 1558 850; x_wconf 80' lang='grc' dir='ltr'>τῷ</span> <span class='ocrx_word' id='word_1_44' title='bbox 1690 777 1867 834; x_wconf 80' lang='grc' dir='ltr'>ἐνιαυ-</span> 
     </span>
    </p>
   </div>
   <div class='ocr_carea' id='block_1_9' title="bbox 206 867 1868 950">
    <p class='ocr_par' dir='ltr' id='par_1_9' title="bbox 206 867 1868 950">
     <span class='ocr_line' id='line_1_9' title="bbox 206 867 1868 950; baseline -0.002 -20"><span class='ocrx_word' id='word_1_45' title='bbox 206 879 289 946; x_wconf 81' lang='grc' dir='ltr'>τῷ</span> <span class='ocrx_word' id='word_1_46' title='bbox 317 875 453 948; x_wconf 85' lang='grc'>(36),</span> <span class='ocrx_word' id='word_1_47' title='bbox 485 873 625 936; x_wconf 79' lang='grc' dir='ltr'>καθά</span> <span class='ocrx_word' id='word_1_48' title='bbox 680 893 811 950; x_wconf 76' lang='grc' dir='ltr'>φησι</span> <span class='ocrx_word' id='word_1_49' title='bbox 870 870 961 925; x_wconf 84' lang='grc' dir='ltr'>καὶ</span> <span class='ocrx_word' id='word_1_50' title='bbox 1003 871 1031 925; x_wconf 99' lang='lat'>6</span> <span class='ocrx_word' id='word_1_51' title='bbox 1074 880 1362 947; x_wconf 74' lang='grc' dir='ltr'>προφήτης</span> <span class='ocrx_word' id='word_1_52' title='bbox 1422 867 1663 933; x_wconf 64' lang='grc' dir='ltr'>Ἠσαίας·</span> <span class='ocrx_word' id='word_1_53' title='bbox 1725 867 1868 927; x_wconf 79' lang='grc' dir='ltr'>Τάδε</span> 
     </span>
    </p>
   </div>
   <div class='ocr_carea' id='block_1_10' title="bbox 207 957 1865 1037">
    <p class='ocr_par' dir='ltr' id='par_1_10' title="bbox 207 957 1865 1037">
     <span class='ocr_line' id='line_1_10' title="bbox 207 957 1865 1037; baseline -0.002 -20"><span class='ocrx_word' id='word_1_54' title='bbox 207 959 357 1037; x_wconf 80' lang='grc' dir='ltr'><strong>λέγει</strong></span> <span class='ocrx_word' id='word_1_55' title='bbox 389 962 609 1037; x_wconf 84' lang='grc' dir='ltr'>Κύριος’</span> <span class='ocrx_word' id='word_1_56' title='bbox 658 961 780 1017; x_wconf 85' lang='grc' dir='ltr'>Ἒτι</span> <span class='ocrx_word' id='word_1_57' title='bbox 834 959 1080 1022; x_wconf 62' lang='grc' dir='ltr'>ἐνιαυτὸς</span> <span class='ocrx_word' id='word_1_58' title='bbox 1136 959 1209 1021; x_wconf 86' lang='grc' dir='ltr'>ὡς</span> <span class='ocrx_word' id='word_1_59' title='bbox 1268 957 1504 1021; x_wconf 87' lang='grc' dir='ltr'>ἐνιαυτὸς</span> <span class='ocrx_word' id='word_1_60' title='bbox 1564 963 1865 1032; x_wconf 77' lang='grc' dir='ltr'>μισθωτοῦ,</span> 
     </span>
    </p>
   </div>
   <div class='ocr_carea' id='block_1_11' title="bbox 210 1045 1865 1125">
    <p class='ocr_par' dir='ltr' id='par_1_11' title="bbox 210 1045 1865 1125">
     <span class='ocr_line' id='line_1_11' title="bbox 210 1045 1865 1125; baseline -0.002 -18"><span class='ocrx_word' id='word_1_61' title='bbox 210 1053 299 1107; x_wconf 86' lang='grc' dir='ltr'>καὶ</span> <span class='ocrx_word' id='word_1_62' title='bbox 358 1049 597 1125; x_wconf 77' lang='grc' dir='ltr'>ἐκλείψει</span> <span class='ocrx_word' id='word_1_63' title='bbox 627 1052 662 1119; x_wconf 80' lang='grc' dir='ltr'><strong>ἡ</strong></span> <span class='ocrx_word' id='word_1_64' title='bbox 693 1047 821 1119; x_wconf 76' lang='grc' dir='ltr'>δόξα</span> <span class='ocrx_word' id='word_1_65' title='bbox 862 1045 1074 1121; x_wconf 74' lang='grc' dir='ltr'>Κηδὰρ,</span> <span class='ocrx_word' id='word_1_66' title='bbox 1108 1047 1198 1102; x_wconf 78' lang='grc' dir='ltr'>καὶ</span> <span class='ocrx_word' id='word_1_67' title='bbox 1255 1048 1317 1103; x_wconf 89' lang='grc' dir='ltr'>τὸ</span> <span class='ocrx_word' id='word_1_68' title='bbox 1369 1046 1706 1103; x_wconf 81' lang='grc' dir='ltr'>κατάλοιπον</span> <span class='ocrx_word' id='word_1_69' title='bbox 1755 1052 1865 1105; x_wconf 84' lang='grc' dir='ltr'>τῶν</span> 
     </span>
    </p>
   </div>
   <div class='ocr_carea' id='block_1_12' title="bbox 205 1131 1857 1214">
    <p class='ocr_par' dir='ltr' id='par_1_12' title="bbox 205 1131 1857 1214">
     <span class='ocr_line' id='line_1_12' title="bbox 205 1131 1857 1214; baseline -0.004 -17"><span class='ocrx_word' id='word_1_70' title='bbox 205 1141 550 1213; x_wconf 75' lang='grc' dir='ltr'>τοξευμάτων</span> <span class='ocrx_word' id='word_1_71' title='bbox 595 1136 728 1194; x_wconf 74' lang='grc' dir='ltr'>υἱῶν</span> <span class='ocrx_word' id='word_1_72' title='bbox 778 1134 966 1213; x_wconf 73' lang='grc' dir='ltr'>Κηδᾶρ</span> <span class='ocrx_word' id='word_1_73' title='bbox 998 1141 1103 1192; x_wconf 86' lang='grc' dir='ltr'>τῶν</span> <span class='ocrx_word' id='word_1_74' title='bbox 1134 1137 1375 1213; x_wconf 74' lang='grc' dir='ltr'>ἰσχυρῶν</span> <span class='ocrx_word' id='word_1_75' title='bbox 1436 1131 1586 1192; x_wconf 77' lang='grc' dir='ltr'>ἔσται</span> <span class='ocrx_word' id='word_1_76' title='bbox 1644 1135 1857 1214; x_wconf 50' lang='grc' dir='ltr'>ὀλίγον.</span> 
     </span>
    </p>
   </div>
   <div class='ocr_carea' id='block_1_13' title="bbox 210 1224 1863 1302">
    <p class='ocr_par' dir='ltr' id='par_1_13' title="bbox 210 1224 1863 1302">
     <span class='ocr_line' id='line_1_13' title="bbox 210 1224 1863 1302; baseline -0.002 -17"><span class='ocrx_word' id='word_1_77' title='bbox 210 1230 398 1285; x_wconf 85' lang='grc' dir='ltr'>Λείπει</span> <span class='ocrx_word' id='word_1_78' title='bbox 430 1230 520 1284; x_wconf 82' lang='grc' dir='ltr'>οὗν</span> <span class='ocrx_word' id='word_1_79' title='bbox 553 1226 655 1292; x_wconf 84' lang='grc' dir='ltr'>ἔως</span> <span class='ocrx_word' id='word_1_80' title='bbox 682 1234 783 1298; x_wconf 81' lang='grc' dir='ltr'>τῆς</span> <span class='ocrx_word' id='word_1_81' title='bbox 813 1228 1019 1302; x_wconf 85' lang='lat'>(37)...,</span> <span class='ocrx_word' id='word_1_82' title='bbox 1054 1225 1140 1281; x_wconf 75' lang='grc' dir='ltr'>ἐὰν</span> <span class='ocrx_word' id='word_1_83' title='bbox 1196 1224 1297 1301; x_wconf 79' lang='grc' dir='ltr'>ἄρα</span> <span class='ocrx_word' id='word_1_84' title='bbox 1328 1224 1512 1289; x_wconf 83' lang='grc' dir='ltr'>καλῶς</span> <span class='ocrx_word' id='word_1_85' title='bbox 1544 1224 1863 1297; x_wconf 82' lang='grc' dir='ltr'>ἐθεμάτισεν</span> 
     </span>
    </p>
   </div>
   <div class='ocr_carea' id='block_1_14' title="bbox 211 1313 1864 1395">
    <p class='ocr_par' dir='ltr' id='par_1_14' title="bbox 211 1313 1864 1395">
     <span class='ocr_line' id='line_1_14' title="bbox 211 1313 1864 1395; baseline -0.002 -22"><span class='ocrx_word' id='word_1_86' title='bbox 211 1320 240 1373; x_wconf 92' lang='lat'>6</span> <span class='ocrx_word' id='word_1_87' title='bbox 270 1318 601 1393; x_wconf 83' lang='grc' dir='ltr'>ἀστρονόμος</span> <span class='ocrx_word' id='word_1_88' title='bbox 636 1317 924 1395; x_wconf 73' lang='grc' dir='ltr'>Στέφανος·</span> <span class='ocrx_word' id='word_1_89' title='bbox 959 1313 1090 1370; x_wconf 76' lang='grc' dir='ltr'>ἀλλ’</span> <span class='ocrx_word' id='word_1_90' title='bbox 1145 1315 1220 1377; x_wconf 82' lang='grc' dir='ltr'>ὡς</span> <span class='ocrx_word' id='word_1_91' title='bbox 1278 1316 1440 1388; x_wconf 84' lang='grc' dir='ltr'>οἶμαι</span> <span class='ocrx_word' id='word_1_92' title='bbox 1471 1313 1672 1370; x_wconf 87' lang='grc' dir='ltr'>λεπτὸν</span> <span class='ocrx_word' id='word_1_93' title='bbox 1714 1317 1864 1390; x_wconf 85' lang='grc' dir='ltr'>παχὺ</span> 
     </span>
    </p>
   </div>
   <div class='ocr_carea' id='block_1_15' title="bbox 203 1400 1865 1480">
    <p class='ocr_par' dir='ltr' id='par_1_15' title="bbox 203 1400 1865 1480">
     <span class='ocr_line' id='line_1_15' title="bbox 203 1400 1865 1480; baseline -0.002 -16"><span class='ocrx_word' id='word_1_94' title='bbox 203 1406 392 1464; x_wconf 78' lang='grc' dir='ltr'>ἔλαθεν</span> <span class='ocrx_word' id='word_1_95' title='bbox 423 1406 650 1464; x_wconf 88' lang='grc' dir='ltr'>ἐκεῖνον.</span> <span class='ocrx_word' id='word_1_96' title='bbox 682 1407 801 1480; x_wconf 85' lang='grc' dir='ltr'>Χρή</span> <span class='ocrx_word' id='word_1_97' title='bbox 861 1403 920 1460; x_wconf 73' lang='grc' dir='ltr'>δὲ</span> <span class='ocrx_word' id='word_1_98' title='bbox 978 1402 1170 1460; x_wconf 79' lang='grc' dir='ltr'>εἰδέναι</span> <span class='ocrx_word' id='word_1_99' title='bbox 1204 1400 1288 1459; x_wconf 78' lang='grc' dir='ltr'>ὅτι</span> <span class='ocrx_word' id='word_1_100' title='bbox 1342 1406 1369 1459; x_wconf 87' lang='lat'>6</span> <span class='ocrx_word' id='word_1_101' title='bbox 1425 1402 1615 1480; x_wconf 81' lang='grc' dir='ltr'>Κηδὰρ</span> <span class='ocrx_word' id='word_1_102' title='bbox 1683 1402 1865 1461; x_wconf 86' lang='grc' dir='ltr'>δεύτε-</span> 
     </span>
    </p>
   </div>
   <div class='ocr_carea' id='block_1_16' title="bbox 203 1488 1863 1572">
    <p class='ocr_par' dir='ltr' id='par_1_16' title="bbox 203 1488 1863 1572">
     <span class='ocr_line' id='line_1_16' title="bbox 203 1488 1863 1572; baseline -0.001 -21"><span class='ocrx_word' id='word_1_103' title='bbox 203 1518 298 1572; x_wconf 85' lang='grc' dir='ltr'>ρος</span> <span class='ocrx_word' id='word_1_104' title='bbox 332 1498 451 1559; x_wconf 78' lang='grc' dir='ltr'>υἱὸς</span> <span class='ocrx_word' id='word_1_105' title='bbox 478 1501 576 1551; x_wconf 77' lang='grc' dir='ltr'>τοῦ</span> <span class='ocrx_word' id='word_1_106' title='bbox 634 1492 866 1569; x_wconf 78' lang='grc' dir='ltr'>Ἰσμαήλ</span> <span class='ocrx_word' id='word_1_107' title='bbox 915 1496 1001 1565; x_wconf 79' lang='grc' dir='ltr'>ἦν.</span> <span class='ocrx_word' id='word_1_108' title='bbox 1051 1492 1247 1566; x_wconf 84' lang='grc' dir='ltr'>Τούτῳ</span> <span class='ocrx_word' id='word_1_109' title='bbox 1274 1498 1354 1567; x_wconf 80' lang='grc' dir='ltr'>τῷ</span> <span class='ocrx_word' id='word_1_110' title='bbox 1406 1488 1511 1550; x_wconf 77' lang='grc' dir='ltr'>ἔτει</span> <span class='ocrx_word' id='word_1_111' title='bbox 1569 1493 1803 1558; x_wconf 84' lang='grc' dir='ltr'>τέλέσας</span> <span class='ocrx_word' id='word_1_112' title='bbox 1835 1496 1863 1550; x_wconf 91' lang='lat'>6</span> 
     </span>
    </p>
   </div>
   <div class='ocr_carea' id='block_1_17' title="bbox 209 1582 1864 1663">
    <p class='ocr_par' dir='ltr' id='par_1_17' title="bbox 209 1582 1864 1663">
     <span class='ocr_line' id='line_1_17' title="bbox 209 1582 1864 1663; baseline -0.002 -22"><span class='ocrx_word' id='word_1_113' title='bbox 209 1584 467 1663; x_wconf 77' lang='grc' dir='ltr'>βασιλεὺς</span> <span class='ocrx_word' id='word_1_114' title='bbox 497 1582 819 1661; x_wconf 76' lang='grc' dir='ltr'>Ἡράκλειος</span> <span class='ocrx_word' id='word_1_115' title='bbox 869 1586 969 1655; x_wconf 76' lang='grc' dir='ltr'>τὴν</span> <span class='ocrx_word' id='word_1_116' title='bbox 1028 1584 1218 1658; x_wconf 74' lang='grc' dir='ltr'>ἑορτὴν</span> <span class='ocrx_word' id='word_1_117' title='bbox 1276 1587 1373 1636; x_wconf 80' lang='grc' dir='ltr'>τοῦ</span> <span class='ocrx_word' id='word_1_118' title='bbox 1422 1582 1635 1658; x_wconf 81' lang='grc' dir='ltr'>Πάσχα,</span> <span class='ocrx_word' id='word_1_119' title='bbox 1669 1583 1864 1647; x_wconf 77' lang='grc' dir='ltr'>εὐθέως</span> 
     </span>
    </p>
   </div>
   <div class='ocr_carea' id='block_1_18' title="bbox 203 1668 1862 1750">
    <p class='ocr_par' dir='ltr' id='par_1_18' title="bbox 203 1668 1862 1750">
     <span class='ocr_line' id='line_1_18' title="bbox 203 1668 1862 1750; baseline -0.001 -20"><span class='ocrx_word' id='word_1_120' title='bbox 203 1679 278 1750; x_wconf 77' lang='grc' dir='ltr'>τῇ</span> <span class='ocrx_word' id='word_1_121' title='bbox 336 1672 557 1749; x_wconf 79' lang='grc' dir='ltr'>δευτέρᾳ</span> <span class='ocrx_word' id='word_1_122' title='bbox 615 1672 812 1749; x_wconf 77' lang='grc' dir='ltr'>ἑσπέρᾳ</span> <span class='ocrx_word' id='word_1_123' title='bbox 881 1671 1090 1744; x_wconf 78' lang='grc' dir='ltr'>ἐκίνησε</span> <span class='ocrx_word' id='word_1_124' title='bbox 1145 1671 1281 1728; x_wconf 70' lang='grc' dir='ltr'>κατὰ</span> <span class='ocrx_word' id='word_1_125' title='bbox 1334 1669 1615 1747; x_wconf 86' lang='grc' dir='ltr'>Περσίδος,</span> <span class='ocrx_word' id='word_1_126' title='bbox 1677 1668 1862 1729; x_wconf 86' lang='grc' dir='ltr'>λαϐὼν</span> 
     </span>
    </p>
   </div>
   <div class='ocr_carea' id='block_1_19' title="bbox 210 1760 1864 1841">
    <p class='ocr_par' dir='ltr' id='par_1_19' title="bbox 210 1760 1864 1841">
     <span class='ocr_line' id='line_1_19' title="bbox 210 1760 1864 1841; baseline 0 -23"><span class='ocrx_word' id='word_1_127' title='bbox 210 1765 316 1819; x_wconf 79' lang='grc' dir='ltr'>ἀπὸ</span> <span class='ocrx_word' id='word_1_128' title='bbox 345 1769 455 1820; x_wconf 81' lang='grc' dir='ltr'>τῶν</span> <span class='ocrx_word' id='word_1_129' title='bbox 510 1762 719 1841; x_wconf 82' lang='grc' dir='ltr'>εὐαγῶν</span> <span class='ocrx_word' id='word_1_130' title='bbox 770 1761 937 1818; x_wconf 80' lang='grc' dir='ltr'>οἷ’κων</span> <span class='ocrx_word' id='word_1_131' title='bbox 995 1762 1085 1818; x_wconf 85' lang='grc' dir='ltr'>καὶ</span> <span class='ocrx_word' id='word_1_132' title='bbox 1137 1760 1447 1833; x_wconf 79' lang='grc' dir='ltr'>ἐκκλησιῶν</span> <span class='ocrx_word' id='word_1_133' title='bbox 1516 1763 1781 1837; x_wconf 81' lang='grc' dir='ltr'>χρήματα</span> <span class='ocrx_word' id='word_1_134' title='bbox 1812 1761 1864 1818; x_wconf 87' lang='grc' dir='ltr'>ἐν</span> 
     </span>
    </p>
   </div>
   <div class='ocr_carea' id='block_1_20' title="bbox 208 1850 1864 1929">
    <p class='ocr_par' dir='ltr' id='par_1_20' title="bbox 208 1850 1864 1929">
     <span class='ocr_line' id='line_1_20' title="bbox 208 1850 1864 1929; baseline -0.001 -20"><span class='ocrx_word' id='word_1_135' title='bbox 208 1850 404 1926; x_wconf 82' lang='grc' dir='ltr'>δανείῳ</span> <span class='ocrx_word' id='word_1_136' title='bbox 446 1851 697 1928; x_wconf 77' lang='grc' dir='ltr'>(ἀπορίαν</span> <span class='ocrx_word' id='word_1_137' title='bbox 758 1853 863 1929; x_wconf 84' lang='grc' dir='ltr'>γὰρ</span> <span class='ocrx_word' id='word_1_138' title='bbox 915 1853 1035 1927; x_wconf 83' lang='grc' dir='ltr'>εἶχε</span> <span class='ocrx_word' id='word_1_139' title='bbox 1089 1853 1151 1907; x_wconf 86' lang='grc' dir='ltr'>τὸ</span> <span class='ocrx_word' id='word_1_140' title='bbox 1209 1851 1499 1908; x_wconf 71' lang='grc' dir='ltr'>παλάτιον*</span> <span class='ocrx_word' id='word_1_141' title='bbox 1560 1851 1650 1907; x_wconf 79' lang='grc' dir='ltr'>καὶ</span> <span class='ocrx_word' id='word_1_142' title='bbox 1698 1856 1864 1908; x_wconf 80' lang='grc' dir='ltr'>ταῦτα</span> 
     </span>
    </p>
   </div>
   <div class='ocr_carea' id='block_1_21' title="bbox 199 1941 1857 2022">
    <p class='ocr_par' dir='ltr' id='par_1_21' title="bbox 199 1941 1857 2022">
     <span class='ocr_line' id='line_1_21' title="bbox 199 1941 1857 2022; baseline -0.001 -24"><span class='ocrx_word' id='word_1_143' title='bbox 199 1942 433 2022; x_wconf 79' lang='grc' dir='ltr'>ἐχάροξε</span> <span class='ocrx_word' id='word_1_144' title='bbox 479 1943 791 2016; x_wconf 82' lang='grc' dir='ltr'>νομίσματα</span> <span class='ocrx_word' id='word_1_145' title='bbox 847 1942 937 1996; x_wconf 85' lang='grc' dir='ltr'>καὶ</span> <span class='ocrx_word' id='word_1_146' title='bbox 1000 1941 1355 2016; x_wconf 86' lang='grc' dir='ltr'>μιλιαρίσια),</span> <span class='ocrx_word' id='word_1_147' title='bbox 1415 1941 1733 1998; x_wconf 86' lang='grc' dir='ltr'>καταλιπὼν</span> <span class='ocrx_word' id='word_1_148' title='bbox 1765 1942 1857 1999; x_wconf 83' lang='grc' dir='ltr'>τὸν</span> 
     </span>
    </p>
   </div>
   <div class='ocr_carea' id='block_1_22' title="bbox 200 2029 1858 2108">
    <p class='ocr_par' dir='ltr' id='par_1_22' title="bbox 200 2029 1858 2108">
     <span class='ocr_line' id='line_1_22' title="bbox 200 2029 1858 2108; baseline -0.001 -20"><span class='ocrx_word' id='word_1_149' title='bbox 200 2030 340 2088; x_wconf 74' lang='grc' dir='ltr'>ἴδιον</span> <span class='ocrx_word' id='word_1_150' title='bbox 373 2030 489 2088; x_wconf 80' lang='grc' dir='ltr'>υἱὸν</span> <span class='ocrx_word' id='word_1_151' title='bbox 528 2034 626 2086; x_wconf 74' lang='grc' dir='ltr'>σὺν</span> <span class='ocrx_word' id='word_1_152' title='bbox 682 2036 762 2104; x_wconf 84' lang='grc' dir='ltr'>τῷ</span> <span class='ocrx_word' id='word_1_153' title='bbox 815 2031 1132 2105; x_wconf 79' lang='grc' dir='ltr'>πατριάρχῃ</span> <span class='ocrx_word' id='word_1_154' title='bbox 1190 2029 1403 2108; x_wconf 88' lang='grc' dir='ltr'>Σεργίῳ</span> <span class='ocrx_word' id='word_1_155' title='bbox 1433 2030 1484 2087; x_wconf 85' lang='grc' dir='ltr'>ἐν</span> <span class='ocrx_word' id='word_1_156' title='bbox 1519 2039 1858 2088; x_wconf 86' lang='grc' dir='ltr'>Κωνσταντι-</span> 
     </span>
    </p>
   </div>
   <div class='ocr_carea' id='block_1_23' title="bbox 206 2118 1862 2195">
    <p class='ocr_par' dir='ltr' id='par_1_23' title="bbox 206 2118 1862 2195">
     <span class='ocr_line' id='line_1_23' title="bbox 206 2118 1862 2195; baseline -0.001 -18"><span class='ocrx_word' id='word_1_157' title='bbox 206 2121 472 2177; x_wconf 80' lang='grc' dir='ltr'>νουπόλει</span> <span class='ocrx_word' id='word_1_158' title='bbox 525 2118 749 2176; x_wconf 82' lang='grc' dir='ltr'>διοικεῖν</span> <span class='ocrx_word' id='word_1_159' title='bbox 808 2120 874 2175; x_wconf 83' lang='grc' dir='ltr'>τὰ</span> <span class='ocrx_word' id='word_1_160' title='bbox 931 2119 1241 2194; x_wconf 83' lang='grc' dir='ltr'>πράγματα,</span> <span class='ocrx_word' id='word_1_161' title='bbox 1294 2118 1387 2174; x_wconf 76' lang='grc' dir='ltr'>σὺν</span> <span class='ocrx_word' id='word_1_162' title='bbox 1438 2120 1586 2193; x_wconf 83' lang='grc' dir='ltr'>Βόνῳ</span> <span class='ocrx_word' id='word_1_163' title='bbox 1628 2124 1742 2195; x_wconf 82' lang='grc'>(38)</span> <span class='ocrx_word' id='word_1_164' title='bbox 1780 2125 1862 2195; x_wconf 80' lang='grc' dir='ltr'>τῷ</span> 
     </span>
    </p>
   </div>
   <div class='ocr_carea' id='block_1_24' title="bbox 200 2207 1858 2287">
    <p class='ocr_par' dir='ltr' id='par_1_24' title="bbox 200 2207 1858 2287">
     <span class='ocr_line' id='line_1_24' title="bbox 200 2207 1858 2287; baseline -0.001 -20"><span class='ocrx_word' id='word_1_165' title='bbox 200 2212 495 2284; x_wconf 83' lang='grc' dir='ltr'>πατρικίῳ,</span> <span class='ocrx_word' id='word_1_166' title='bbox 534 2207 686 2285; x_wconf 85' lang='grc' dir='ltr'>ἀνδρῖ</span> <span class='ocrx_word' id='word_1_167' title='bbox 736 2208 993 2287; x_wconf 72' lang='grc' dir='ltr'>ἐχέφρονι</span> <span class='ocrx_word' id='word_1_168' title='bbox 1039 2209 1131 2264; x_wconf 78' lang='grc' dir='ltr'>καὶ</span> <span class='ocrx_word' id='word_1_169' title='bbox 1180 2210 1249 2264; x_wconf 82' lang='grc' dir='ltr'>τὰ</span> <span class='ocrx_word' id='word_1_170' title='bbox 1297 2210 1471 2264; x_wconf 83' lang='grc' dir='ltr'>πάντα</span> <span class='ocrx_word' id='word_1_171' title='bbox 1521 2215 1722 2283; x_wconf 85' lang='grc' dir='ltr'>συνετῷ</span> <span class='ocrx_word' id='word_1_172' title='bbox 1767 2210 1858 2266; x_wconf 81' lang='grc' dir='ltr'>καὶ</span> 
     </span>
    </p>
   </div>
   <div class='ocr_carea' id='block_1_25' title="bbox 205 2296 1857 2375">
    <p class='ocr_par' dir='ltr' id='par_1_25' title="bbox 205 2296 1857 2375">
     <span class='ocr_line' id='line_1_25' title="bbox 205 2296 1857 2375; baseline -0.001 -19"><span class='ocrx_word' id='word_1_173' title='bbox 205 2300 605 2375; x_wconf 84' lang='grc' dir='ltr'>πεπειραμένφ.</span> <span class='ocrx_word' id='word_1_174' title='bbox 685 2300 929 2374; x_wconf 79' lang='grc' dir='ltr'>Ἔγραψε</span> <span class='ocrx_word' id='word_1_175' title='bbox 985 2296 1043 2354; x_wconf 71' lang='grc' dir='ltr'>δὲ</span> <span class='ocrx_word' id='word_1_176' title='bbox 1116 2299 1208 2353; x_wconf 88' lang='grc' dir='ltr'>καὶ</span> <span class='ocrx_word' id='word_1_177' title='bbox 1263 2299 1402 2374; x_wconf 86' lang='grc' dir='ltr'>πρὸς</span> <span class='ocrx_word' id='word_1_178' title='bbox 1462 2301 1555 2354; x_wconf 86' lang='grc' dir='ltr'>τὸν</span> <span class='ocrx_word' id='word_1_179' title='bbox 1613 2300 1857 2374; x_wconf 81' lang='grc' dir='ltr'>Χαγάνον</span> 
     </span>
    </p>
   </div>
   <div class='ocr_carea' id='block_1_26' title="bbox 208 2387 1858 2467">
    <p class='ocr_par' dir='ltr' id='par_1_26' title="bbox 208 2387 1858 2467">
     <span class='ocr_line' id='line_1_26' title="bbox 208 2387 1858 2467; baseline 0 -21"><span class='ocrx_word' id='word_1_180' title='bbox 208 2390 580 2467; x_wconf 73' lang='grc' dir='ltr'>παρακλήσεις</span> <span class='ocrx_word' id='word_1_181' title='bbox 610 2394 708 2444; x_wconf 77' lang='grc' dir='ltr'>τοῦ</span> <span class='ocrx_word' id='word_1_182' title='bbox 734 2387 1038 2463; x_wconf 81' lang='grc' dir='ltr'>ἐπικουρεῖν</span> <span class='ocrx_word' id='word_1_183' title='bbox 1095 2390 1163 2443; x_wconf 83' lang='grc' dir='ltr'>τὰ</span> <span class='ocrx_word' id='word_1_184' title='bbox 1216 2393 1324 2444; x_wconf 82' lang='grc' dir='ltr'>τῶν</span> <span class='ocrx_word' id='word_1_185' title='bbox 1358 2390 1650 2463; x_wconf 81' lang='grc' dir='ltr'>Ῥωμαίων</span> <span class='ocrx_word' id='word_1_186' title='bbox 1682 2391 1858 2467; x_wconf 80' lang='grc' dir='ltr'>πράγ-</span> 
     </span>
    </p>
   </div>
   <div class='ocr_carea' id='block_1_27' title="bbox 212 2477 1854 2557">
    <p class='ocr_par' dir='ltr' id='par_1_27' title="bbox 212 2477 1854 2557">
     <span class='ocr_line' id='line_1_27' title="bbox 212 2477 1854 2557; baseline 0 -22"><span class='ocrx_word' id='word_1_187' title='bbox 212 2501 354 2554; x_wconf 86' lang='grc' dir='ltr'>ματα</span> <span class='ocrx_word' id='word_1_188' title='bbox 384 2480 457 2541; x_wconf 84' lang='grc' dir='ltr'>ὡς</span> <span class='ocrx_word' id='word_1_189' title='bbox 512 2482 596 2553; x_wconf 86' lang='grc' dir='ltr'>[Ρ.</span> <span class='ocrx_word' id='word_1_190' title='bbox 657 2481 782 2552; x_wconf 79' lang='grc'>410]</span> <span class='ocrx_word' id='word_1_191' title='bbox 842 2477 1029 2557; x_wconf 75' lang='grc' dir='ltr'>φιλίαν</span> <span class='ocrx_word' id='word_1_192' title='bbox 1077 2479 1429 2551; x_wconf 82' lang='grc' dir='ltr'>σπεισάμενον</span> <span class='ocrx_word' id='word_1_193' title='bbox 1496 2480 1632 2553; x_wconf 90' lang='grc' dir='ltr'>πρὸς</span> <span class='ocrx_word' id='word_1_194' title='bbox 1671 2480 1854 2549; x_wconf 75' lang='grc' dir='ltr'>αὐτὸν,</span> 
     </span>
    </p>
   </div>
   <div class='ocr_carea' id='block_1_28' title="bbox 215 2564 1854 2642">
    <p class='ocr_par' dir='ltr' id='par_1_28' title="bbox 215 2564 1854 2642">
     <span class='ocr_line' id='line_1_28' title="bbox 215 2564 1854 2642; baseline 0.002 -18"><span class='ocrx_word' id='word_1_195' title='bbox 215 2568 304 2624; x_wconf 81' lang='grc' dir='ltr'>καὶ</span> <span class='ocrx_word' id='word_1_196' title='bbox 334 2571 629 2642; x_wconf 68' lang='grc' dir='ltr'>ἓπιτροπον</span> <span class='ocrx_word' id='word_1_197' title='bbox 695 2571 792 2623; x_wconf 78' lang='grc' dir='ltr'>τοῦ</span> <span class='ocrx_word' id='word_1_198' title='bbox 858 2564 1002 2621; x_wconf 78' lang='grc' dir='ltr'>ἰδίου</span> <span class='ocrx_word' id='word_1_199' title='bbox 1033 2568 1154 2622; x_wconf 74' lang='grc' dir='ltr'>υἱοῦ</span> <span class='ocrx_word' id='word_1_200' title='bbox 1210 2571 1402 2622; x_wconf 82' lang='grc' dir='ltr'>τοῦτον</span> <span class='ocrx_word' id='word_1_201' title='bbox 1459 2568 1854 2641; x_wconf 81' lang='grc' dir='ltr'>ὠνόμασεν.⁹0</span> 
     </span>
    </p>
   </div>
   <div class='ocr_carea' id='block_1_29' title="bbox 210 2654 1856 2731">
    <p class='ocr_par' dir='ltr' id='par_1_29' title="bbox 210 2654 1856 2731">
     <span class='ocr_line' id='line_1_29' title="bbox 210 2654 1856 2731; baseline 0.001 -20"><span class='ocrx_word' id='word_1_202' title='bbox 210 2656 458 2731; x_wconf 85' lang='grc' dir='ltr'>Χοσρόης</span> <span class='ocrx_word' id='word_1_203' title='bbox 492 2654 549 2711; x_wconf 74' lang='grc' dir='ltr'>δὲ</span> <span class='ocrx_word' id='word_1_204' title='bbox 580 2657 829 2727; x_wconf 72' lang='grc' dir='ltr'>Σάηντὸν</span> <span class='ocrx_word' id='word_1_205' title='bbox 902 2657 1150 2731; x_wconf 82' lang='grc' dir='ltr'>ἡγεμόνα</span> <span class='ocrx_word' id='word_1_206' title='bbox 1175 2655 1308 2729; x_wconf 85' lang='grc' dir='ltr'>μετᾶ</span> <span class='ocrx_word' id='word_1_207' title='bbox 1324 2656 1541 2725; x_wconf 81' lang='grc' dir='ltr'>πολλῆς</span> <span class='ocrx_word' id='word_1_208' title='bbox 1576 2655 1856 2729; x_wconf 81' lang='grc' dir='ltr'>δυνάμεως</span> 
     </span>
    </p>
   </div>
   <div class='ocr_carea' id='block_1_30' title="bbox 212 2743 1854 2824">
    <p class='ocr_par' dir='ltr' id='par_1_30' title="bbox 212 2743 1854 2824">
     <span class='ocr_line' id='line_1_30' title="bbox 212 2743 1854 2824; baseline 0 -24"><span class='ocrx_word' id='word_1_209' title='bbox 212 2745 348 2800; x_wconf 79' lang='grc' dir='ltr'>κατὰ</span> <span class='ocrx_word' id='word_1_210' title='bbox 377 2744 667 2815; x_wconf 86' lang='grc' dir='ltr'>Ῥωμαίων</span> <span class='ocrx_word' id='word_1_211' title='bbox 708 2743 1030 2806; x_wconf 81' lang='grc' dir='ltr'>ἀποστείλας</span> <span class='ocrx_word' id='word_1_212' title='bbox 1061 2749 1232 2799; x_wconf 82' lang='grc' dir='ltr'>πᾶσαν</span> <span class='ocrx_word' id='word_1_213' title='bbox 1262 2743 1682 2813; x_wconf 78' lang='grc' dir='ltr'>τὴνἈνατολήν</span> <span class='ocrx_word' id='word_1_214' title='bbox 1714 2745 1854 2824; x_wconf 77' lang='grc' dir='ltr'>ἠφά-</span> 
     </span>
    </p>
   </div>
   <div class='ocr_carea' id='block_1_31' title="bbox 208 2830 1854 2909">
    <p class='ocr_par' dir='ltr' id='par_1_31' title="bbox 208 2830 1854 2909">
     <span class='ocr_line' id='line_1_31' title="bbox 208 2830 1854 2909; baseline 0.001 -21"><span class='ocrx_word' id='word_1_215' title='bbox 208 2853 374 2889; x_wconf 89' lang='grc' dir='ltr'>νισεν.</span> <span class='ocrx_word' id='word_1_216' title='bbox 409 2830 621 2888; x_wconf 83' lang='grc' dir='ltr'>Ἐλθὼν</span> <span class='ocrx_word' id='word_1_217' title='bbox 650 2830 707 2888; x_wconf 73' lang='grc' dir='ltr'>δὲ</span> <span class='ocrx_word' id='word_1_218' title='bbox 739 2833 788 2889; x_wconf 89' lang='grc' dir='ltr'>ἐν</span> <span class='ocrx_word' id='word_1_219' title='bbox 823 2831 1140 2905; x_wconf 84' lang='grc' dir='ltr'>Χαλκηδόνι</span> <span class='ocrx_word' id='word_1_220' title='bbox 1169 2833 1352 2888; x_wconf 71' lang='grc' dir='ltr'>ἱκανὸν</span> <span class='ocrx_word' id='word_1_221' title='bbox 1387 2834 1588 2908; x_wconf 88' lang='grc' dir='ltr'>χρόνον</span> <span class='ocrx_word' id='word_1_222' title='bbox 1619 2835 1854 2909; x_wconf 68' lang='grc' dir='ltr'>πείρεκά-</span> 
     </span>
    </p>
   </div>
   <div class='ocr_carea' id='block_1_32' title="bbox 207 2921 1854 2998">
    <p class='ocr_par' dir='ltr' id='par_1_32' title="bbox 207 2921 1854 2998">
     <span class='ocr_line' id='line_1_32' title="bbox 207 2921 1854 2998; baseline 0.001 -21"><span class='ocrx_word' id='word_1_223' title='bbox 207 2924 369 2980; x_wconf 87' lang='grc' dir='ltr'>θισεν.</span> <span class='ocrx_word' id='word_1_224' title='bbox 405 2923 501 2984; x_wconf 88' lang='grc' dir='ltr'>Ὄς</span> <span class='ocrx_word' id='word_1_225' title='bbox 534 2923 623 2977; x_wconf 86' lang='grc' dir='ltr'>τὸν</span> <span class='ocrx_word' id='word_1_226' title='bbox 659 2921 972 2998; x_wconf 84' lang='grc' dir='ltr'>’Πράκλειον</span> <span class='ocrx_word' id='word_1_227' title='bbox 1009 2924 1126 2997; x_wconf 79' lang='grc' dir='ltr'>μεθ’</span> <span class='ocrx_word' id='word_1_228' title='bbox 1178 2921 1517 2998; x_wconf 80' lang='grc' dir='ltr'>ὑποκρίσεως</span> <span class='ocrx_word' id='word_1_229' title='bbox 1547 2923 1854 2998; x_wconf 72' lang='grc' dir='ltr'>προσκαλεσ-</span> 
     </span>
    </p>
   </div>
   <div class='ocr_carea' id='block_1_33' title="bbox 201 3009 1851 3088">
    <p class='ocr_par' dir='ltr' id='par_1_33' title="bbox 201 3009 1851 3088">
     <span class='ocr_line' id='line_1_33' title="bbox 201 3009 1851 3088; baseline 0.001 -22"><span class='ocrx_word' id='word_1_230' title='bbox 201 3012 439 3085; x_wconf 85' lang='grc' dir='ltr'>σάμενος</span> <span class='ocrx_word' id='word_1_231' title='bbox 468 3010 534 3067; x_wconf 84' lang='grc' dir='ltr'>τὰ</span> <span class='ocrx_word' id='word_1_232' title='bbox 566 3011 700 3086; x_wconf 88' lang='grc' dir='ltr'>πρὸς</span> <span class='ocrx_word' id='word_1_233' title='bbox 731 3010 955 3088; x_wconf 75' lang='grc' dir='ltr'>εἷ’ρήνην</span> <span class='ocrx_word' id='word_1_234' title='bbox 989 3009 1289 3085; x_wconf 73' lang='grc' dir='ltr'>ὡμίλησεν“</span> <span class='ocrx_word' id='word_1_235' title='bbox 1322 3014 1350 3067; x_wconf 89' lang='lat'>6</span> <span class='ocrx_word' id='word_1_236' title='bbox 1379 3010 1437 3067; x_wconf 81' lang='grc' dir='ltr'>δὲ</span> <span class='ocrx_word' id='word_1_237' title='bbox 1464 3016 1581 3076; x_wconf 85' lang='grc' dir='ltr'>τοῖς</span> <span class='ocrx_word' id='word_1_238' title='bbox 1644 3010 1851 3075; x_wconf 88' lang='grc' dir='ltr'>δολίοις</span> 
     </span>
    </p>
   </div>
   <div class='ocr_carea' id='block_1_34' title="bbox 202 3097 1850 3180">
    <p class='ocr_par' dir='ltr' id='par_1_34' title="bbox 202 3097 1850 3180">
     <span class='ocr_line' id='line_1_34' title="bbox 202 3097 1850 3180; baseline -0.001 -22"><span class='ocrx_word' id='word_1_239' title='bbox 202 3101 398 3180; x_wconf 81' lang='grc' dir='ltr'>λόγοίς</span> <span class='ocrx_word' id='word_1_240' title='bbox 430 3108 717 3164; x_wconf 86' lang='grc' dir='ltr'>πιστεύσας</span> <span class='ocrx_word' id='word_1_241' title='bbox 747 3102 910 3157; x_wconf 79' lang='grc' dir='ltr'>αὐτοῦ</span> <span class='ocrx_word' id='word_1_242' title='bbox 942 3100 1204 3169; x_wconf 73' lang='grc' dir='ltr'>ἐκπέμπει</span> <span class='ocrx_word' id='word_1_243' title='bbox 1237 3102 1328 3156; x_wconf 78' lang='grc' dir='ltr'>σὺν</span> <span class='ocrx_word' id='word_1_244' title='bbox 1390 3104 1540 3175; x_wconf 83' lang='grc' dir='ltr'>αὐτῷ</span> <span class='ocrx_word' id='word_1_245' title='bbox 1598 3097 1850 3175; x_wconf 76' lang='grc' dir='ltr'>πρέσϐεις</span> 
     </span>
    </p>
   </div>
   <div class='ocr_carea' id='block_1_35' title="bbox 196 3187 1844 3268">
    <p class='ocr_par' dir='ltr' id='par_1_35' title="bbox 196 3187 1844 3268">
     <span class='ocr_line' id='line_1_35' title="bbox 196 3187 1844 3268; baseline 0.001 -22"><span class='ocrx_word' id='word_1_246' title='bbox 196 3212 512 3268; x_wconf 83' lang='grc' dir='ltr'>μεγιστανος</span> <span class='ocrx_word' id='word_1_247' title='bbox 542 3192 676 3268; x_wconf 84' lang='grc' dir='ltr'>πρὸς</span> <span class='ocrx_word' id='word_1_248' title='bbox 707 3192 960 3266; x_wconf 84' lang='grc' dir='ltr'>Χοσρόην</span> <span class='ocrx_word' id='word_1_249' title='bbox 996 3198 1058 3260; x_wconf 90' lang='lat' dir='ltr'>o’,</span> <span class='ocrx_word' id='word_1_250' title='bbox 1091 3190 1183 3254; x_wconf 79' lang='grc' dir='ltr'>οὕς</span> <span class='ocrx_word' id='word_1_251' title='bbox 1230 3187 1563 3265; x_wconf 85' lang='grc' dir='ltr'>παραλαϐὼν</span> <span class='ocrx_word' id='word_1_252' title='bbox 1615 3191 1844 3266; x_wconf 86' lang='grc' dir='ltr'>ἀτίμους</span> 
     </span>
    </p>
   </div>
   <div class='ocr_carea' id='block_1_36' title="bbox 184 3278 1841 3357">
    <p class='ocr_par' dir='ltr' id='par_1_36' title="bbox 184 3278 1841 3357">
     <span class='ocr_line' id='line_1_36' title="bbox 184 3278 1841 3357; baseline 0 -21"><span class='ocrx_word' id='word_1_253' title='bbox 184 3282 277 3336; x_wconf 82' lang='grc' dir='ltr'>καὶ</span> <span class='ocrx_word' id='word_1_254' title='bbox 326 3278 580 3354; x_wconf 87' lang='grc' dir='ltr'>δεσμίους</span> <span class='ocrx_word' id='word_1_255' title='bbox 629 3279 912 3357; x_wconf 75' lang='grc' dir='ltr'>ἀπῂγαγεν</span> <span class='ocrx_word' id='word_1_256' title='bbox 961 3279 1015 3335; x_wconf 89' lang='grc' dir='ltr'>ἐν</span> <span class='ocrx_word' id='word_1_257' title='bbox 1077 3278 1312 3355; x_wconf 80' lang='grc' dir='ltr'>Περσίδι.</span> <span class='ocrx_word' id='word_1_258' title='bbox 1379 3282 1442 3339; x_wconf 89' lang='grc' dir='ltr'>Ὀ</span> <span class='ocrx_word' id='word_1_259' title='bbox 1495 3279 1551 3336; x_wconf 72' lang='grc' dir='ltr'>δὲ</span> <span class='ocrx_word' id='word_1_260' title='bbox 1582 3282 1841 3356; x_wconf 79' lang='grc' dir='ltr'>Χοσρόης</span> 
     </span>
    </p>
   </div>
   <div class='ocr_carea' id='block_1_37' title="bbox 191 3367 1840 3444">
    <p class='ocr_par' dir='ltr' id='par_1_37' title="bbox 191 3367 1840 3444">
     <span class='ocr_line' id='line_1_37' title="bbox 191 3367 1840 3444; baseline 0.001 -18"><span class='ocrx_word' id='word_1_261' title='bbox 191 3372 284 3426; x_wconf 85' lang='grc' dir='ltr'>τὸν</span> <span class='ocrx_word' id='word_1_262' title='bbox 320 3371 412 3443; x_wconf 73' lang='grc' dir='ltr'>μὲν</span> <span class='ocrx_word' id='word_1_263' title='bbox 453 3370 600 3440; x_wconf 80' lang='grc' dir='ltr'>Σάην</span> <span class='ocrx_word' id='word_1_264' title='bbox 650 3371 725 3431; x_wconf 87' lang='grc' dir='ltr'>ὼς</span> <span class='ocrx_word' id='word_1_265' title='bbox 754 3370 844 3425; x_wconf 89' lang='grc' dir='ltr'>τὸν</span> <span class='ocrx_word' id='word_1_266' title='bbox 876 3368 1198 3444; x_wconf 82' lang='grc' dir='ltr'>Ἡράκλειον</span> <span class='ocrx_word' id='word_1_267' title='bbox 1256 3367 1444 3425; x_wconf 74' lang='grc' dir='ltr'>ῒδόντα</span> <span class='ocrx_word' id='word_1_268' title='bbox 1472 3371 1563 3425; x_wconf 87' lang='grc' dir='ltr'>καὶ</span> <span class='ocrx_word' id='word_1_269' title='bbox 1599 3372 1674 3444; x_wconf 81' lang='grc' dir='ltr'>μή</span> <span class='ocrx_word' id='word_1_270' title='bbox 1711 3370 1840 3427; x_wconf 90' lang='grc' dir='ltr'>συλ-</span> 
     </span>
    </p>
   </div>
   <div class='ocr_carea' id='block_1_38' title="bbox 199 3454 1839 3535">
    <p class='ocr_par' dir='ltr' id='par_1_38' title="bbox 199 3454 1839 3535">
     <span class='ocr_line' id='line_1_38' title="bbox 199 3454 1839 3535; baseline -0.001 -20"><span class='ocrx_word' id='word_1_271' title='bbox 199 3456 437 3516; x_wconf 85' lang='grc' dir='ltr'>λαϐόντα</span> <span class='ocrx_word' id='word_1_272' title='bbox 496 3457 783 3535; x_wconf 79' lang='grc' dir='ltr'>ἐκδαρῆναι</span> <span class='ocrx_word' id='word_1_273' title='bbox 855 3458 1123 3530; x_wconf 83' lang='grc' dir='ltr'>ἐκέλευσε,</span> <span class='ocrx_word' id='word_1_274' title='bbox 1182 3460 1310 3521; x_wconf 83' lang='grc' dir='ltr'>τοὺς</span> <span class='ocrx_word' id='word_1_275' title='bbox 1369 3456 1425 3515; x_wconf 79' lang='grc' dir='ltr'>δὲ</span> <span class='ocrx_word' id='word_1_276' title='bbox 1479 3454 1730 3535; x_wconf 88' lang='grc' dir='ltr'>πρέσϐεις</span> <span class='ocrx_word' id='word_1_277' title='bbox 1786 3458 1839 3515; x_wconf 87' lang='grc' dir='ltr'>ἐν</span> 
     </span>
    </p>
   </div>
   <div class='ocr_carea' id='block_1_39' title="bbox 197 3546 1838 3627">
    <p class='ocr_par' dir='ltr' id='par_1_39' title="bbox 197 3546 1838 3627">
     <span class='ocr_line' id='line_1_39' title="bbox 197 3546 1838 3627; baseline -0.001 -23"><span class='ocrx_word' id='word_1_278' title='bbox 197 3554 453 3627; x_wconf 73' lang='grc' dir='ltr'>φρουραῖς</span> <span class='ocrx_word' id='word_1_279' title='bbox 562 3550 653 3604; x_wconf 80' lang='grc' dir='ltr'>καὶ</span> <span class='ocrx_word' id='word_1_280' title='bbox 734 3549 1033 3624; x_wconf 87' lang='grc' dir='ltr'>κακουχίας</span> <span class='ocrx_word' id='word_1_281' title='bbox 1113 3546 1455 3603; x_wconf 87' lang='grc' dir='ltr'>κατεδίκασεν</span> <span class='ocrx_word' id='word_1_282' title='bbox 1488 3566 1502 3578; x_wconf 82' lang='lat'>&#39;</span> <span class='ocrx_word' id='word_1_283' title='bbox 1566 3548 1698 3623; x_wconf 71' lang='grc' dir='ltr'>ὑπὲρ</span> <span class='ocrx_word' id='word_1_284' title='bbox 1765 3547 1838 3603; x_wconf 87' lang='grc' dir='ltr'>ὧν</span> 
     </span>
    </p>
   </div>
   <div class='ocr_carea' id='block_1_40' title="bbox 190 3637 1842 3714">
    <p class='ocr_par' dir='ltr' id='par_1_40' title="bbox 190 3637 1842 3714">
     <span class='ocr_line' id='line_1_40' title="bbox 190 3637 1842 3714; baseline 0 -19"><span class='ocrx_word' id='word_1_285' title='bbox 190 3638 395 3713; x_wconf 83' lang='grc' dir='ltr'>ἀθυμία</span> <span class='ocrx_word' id='word_1_286' title='bbox 424 3639 514 3695; x_wconf 85' lang='grc' dir='ltr'>καὶ</span> <span class='ocrx_word' id='word_1_287' title='bbox 540 3637 727 3713; x_wconf 81' lang='grc' dir='ltr'>θλῖψις</span> <span class='ocrx_word' id='word_1_288' title='bbox 753 3638 940 3708; x_wconf 87' lang='grc' dir='ltr'>πολλή</span> <span class='ocrx_word' id='word_1_289' title='bbox 990 3639 1223 3714; x_wconf 84' lang='grc' dir='ltr'>κατέσχε</span> <span class='ocrx_word' id='word_1_290' title='bbox 1276 3639 1368 3694; x_wconf 85' lang='grc' dir='ltr'>τὸν</span> <span class='ocrx_word' id='word_1_291' title='bbox 1424 3637 1665 3714; x_wconf 58' lang='grc' dir='ltr'>βασιλέα.</span> <span class='ocrx_word' id='word_1_292' title='bbox 1701 3641 1842 3696; x_wconf 79' lang='grc' dir='ltr'>Εἶτα</span> 
     </span>
    </p>
   </div>
   <div class='ocr_carea' id='block_1_41' title="bbox 189 3723 1843 3806">
    <p class='ocr_par' dir='ltr' id='par_1_41' title="bbox 189 3723 1843 3806">
     <span class='ocr_line' id='line_1_41' title="bbox 189 3723 1843 3806; baseline 0 -21"><span class='ocrx_word' id='word_1_293' title='bbox 189 3729 359 3786; x_wconf 82' lang='grc' dir='ltr'>πάλιν</span> <span class='ocrx_word' id='word_1_294' title='bbox 419 3730 677 3806; x_wconf 83' lang='grc' dir='ltr'>Χοσρόης</span> <span class='ocrx_word' id='word_1_295' title='bbox 760 3729 1073 3785; x_wconf 84' lang='grc' dir='ltr'>ἀπέστειλεν</span> <span class='ocrx_word' id='word_1_296' title='bbox 1162 3723 1342 3805; x_wconf 78' lang='grc' dir='ltr'>ἕτερον</span> <span class='ocrx_word' id='word_1_297' title='bbox 1409 3728 1650 3805; x_wconf 77' lang='grc' dir='ltr'>ἄρχοντα</span> <span class='ocrx_word' id='word_1_298' title='bbox 1704 3732 1843 3785; x_wconf 83' lang='grc' dir='ltr'>κατὰ</span> 
     </span>
    </p>
   </div>
   <div class='ocr_carea' id='block_1_42' title="bbox 186 3814 1840 3894">
    <p class='ocr_par' dir='ltr' id='par_1_42' title="bbox 186 3814 1840 3894">
     <span class='ocr_line' id='line_1_42' title="bbox 186 3814 1840 3894; baseline -0.001 -18"><span class='ocrx_word' id='word_1_299' title='bbox 186 3819 478 3894; x_wconf 87' lang='grc' dir='ltr'>Ῥωμαίων</span> <span class='ocrx_word' id='word_1_300' title='bbox 514 3864 530 3889; x_wconf 88' lang='grc'><strong><em>,</em></strong></span> <span class='ocrx_word' id='word_1_301' title='bbox 589 3819 814 3893; x_wconf 83' lang='grc' dir='ltr'>ὀνόματι</span> <span class='ocrx_word' id='word_1_302' title='bbox 896 3814 1210 3893; x_wconf 77' lang='grc' dir='ltr'>Σάρϐαρον,</span> <span class='ocrx_word' id='word_1_303' title='bbox 1269 3814 1326 3880; x_wconf 76' lang='grc' dir='ltr'>ὅς</span> <span class='ocrx_word' id='word_1_304' title='bbox 1388 3818 1521 3891; x_wconf 83' lang='grc' dir='ltr'>μετὰ</span> <span class='ocrx_word' id='word_1_305' title='bbox 1576 3817 1840 3889; x_wconf 79' lang='grc' dir='ltr'>πλείστης</span> 
     </span>
    </p>
   </div>
   <div class='ocr_carea' id='block_1_43' title="bbox 188 3908 1837 3984">
    <p class='ocr_par' dir='ltr' id='par_1_43' title="bbox 188 3908 1837 3984">
     <span class='ocr_line' id='line_1_43' title="bbox 188 3908 1837 3984; baseline -0.002 -19"><span class='ocrx_word' id='word_1_306' title='bbox 188 3909 471 3984; x_wconf 79' lang='grc' dir='ltr'>δυνάμεως</span> <span class='ocrx_word' id='word_1_307' title='bbox 530 3908 668 3978; x_wconf 69' lang='grc' dir='ltr'>ἦλθε</span> <span class='ocrx_word' id='word_1_308' title='bbox 750 3908 887 3984; x_wconf 85' lang='grc' dir='ltr'>πρὸς</span> <span class='ocrx_word' id='word_1_309' title='bbox 961 3910 1059 3978; x_wconf 79' lang='grc' dir='ltr'>τήν</span> <span class='ocrx_word' id='word_1_310' title='bbox 1116 3908 1317 3977; x_wconf 84' lang='grc' dir='ltr'>Ἀσίαν,</span> <span class='ocrx_word' id='word_1_311' title='bbox 1375 3910 1474 3978; x_wconf 79' lang='grc' dir='ltr'>τὴν</span> <span class='ocrx_word' id='word_1_312' title='bbox 1536 3908 1837 3981; x_wconf 88' lang='grc' dir='ltr'>Ῥωμανίαν</span> 
     </span>
    </p>
   </div>
   <div class='ocr_carea' id='block_1_44' title="bbox 187 3995 1842 4073">
    <p class='ocr_par' dir='ltr' id='par_1_44' title="bbox 187 3995 1842 4073">
     <span class='ocr_line' id='line_1_44' title="bbox 187 3995 1842 4073; baseline -0.002 -17"><span class='ocrx_word' id='word_1_313' title='bbox 187 4000 545 4073; x_wconf 78' lang='grc' dir='ltr'>ληϊζόμενος.</span> <span class='ocrx_word' id='word_1_314' title='bbox 579 3999 639 4055; x_wconf 88' lang='grc' dir='ltr'>Ὀ</span> <span class='ocrx_word' id='word_1_315' title='bbox 670 3995 728 4052; x_wconf 73' lang='grc' dir='ltr'>δὲ</span> <span class='ocrx_word' id='word_1_316' title='bbox 781 3997 1030 4072; x_wconf 76' lang='grc' dir='ltr'>βασιλεὺς</span> <span class='ocrx_word' id='word_1_317' title='bbox 1092 3996 1435 4072; x_wconf 89' lang='grc' dir='ltr'>βουλόμενος</span> <span class='ocrx_word' id='word_1_318' title='bbox 1492 3999 1626 4072; x_wconf 89' lang='grc' dir='ltr'>πρὸς</span> <span class='ocrx_word' id='word_1_319' title='bbox 1659 3996 1842 4073; x_wconf 65' lang='lat' dir='ltr'>[lapsi-</span> 
     </span>
    </p>
   </div>
   <div class='ocr_carea' id='block_1_45' title="bbox 192 4082 1842 4166">
    <p class='ocr_par' dir='ltr' id='par_1_45' title="bbox 192 4082 1842 4166">
     <span class='ocr_line' id='line_1_45' title="bbox 192 4082 1842 4166; baseline -0.002 -23"><span class='ocrx_word' id='word_1_320' title='bbox 192 4088 257 4143; x_wconf 81' lang='grc' dir='ltr'>δα</span> <span class='ocrx_word' id='word_1_321' title='bbox 290 4092 491 4163; x_wconf 83' lang='grc' dir='ltr'>χωρεῖν</span> <span class='ocrx_word' id='word_1_322' title='bbox 523 4084 648 4142; x_wconf 85' lang='grc' dir='ltr'>τάδε</span> <span class='ocrx_word' id='word_1_323' title='bbox 677 4086 815 4161; x_wconf 88' lang='grc' dir='ltr'>πρὸς</span> <span class='ocrx_word' id='word_1_324' title='bbox 839 4086 931 4141; x_wconf 87' lang='grc' dir='ltr'>τὸν</span> <span class='ocrx_word' id='word_1_325' title='bbox 961 4085 1326 4163; x_wconf 66' lang='grc' dir='ltr'>ιπατριάρχην</span> <span class='ocrx_word' id='word_1_326' title='bbox 1360 4082 1482 4166; x_wconf 74' lang='grc' dir='ltr'>ἔφη·</span> <span class='ocrx_word' id='word_1_327' title='bbox 1522 4086 1611 4148; x_wconf 78' lang='grc' dir='ltr'>Εἰς</span> <span class='ocrx_word' id='word_1_328' title='bbox 1651 4091 1842 4162; x_wconf 69' lang='grc' dir='ltr'>χεῖρας</span> 
     </span>
    </p>
   </div>
   <div class='ocr_carea' id='block_1_46' title="bbox 191 4175 1842 4251">
    <p class='ocr_par' dir='ltr' id='par_1_46' title="bbox 191 4175 1842 4251">
     <span class='ocr_line' id='line_1_46' title="bbox 191 4175 1842 4251; baseline -0.002 -17"><span class='ocrx_word' id='word_1_329' title='bbox 191 4184 294 4236; x_wconf 76' lang='grc' dir='ltr'>τοῦ</span> <span class='ocrx_word' id='word_1_330' title='bbox 325 4185 459 4236; x_wconf 76' lang='grc' dir='ltr'>Θεοῦ</span> <span class='ocrx_word' id='word_1_331' title='bbox 497 4179 586 4233; x_wconf 85' lang='grc' dir='ltr'>καὶ</span> <span class='ocrx_word' id='word_1_332' title='bbox 626 4185 726 4247; x_wconf 81' lang='grc' dir='ltr'>τῆς</span> <span class='ocrx_word' id='word_1_333' title='bbox 759 4176 1126 4250; x_wconf 82' lang='grc' dir='ltr'>Θεομητέρος,</span> <span class='ocrx_word' id='word_1_334' title='bbox 1182 4175 1273 4231; x_wconf 78' lang='grc' dir='ltr'>καὶ</span> <span class='ocrx_word' id='word_1_335' title='bbox 1331 4180 1429 4231; x_wconf 77' lang='grc' dir='ltr'>σοῦ</span> <span class='ocrx_word' id='word_1_336' title='bbox 1484 4175 1691 4251; x_wconf 80' lang='grc' dir='ltr'>ἀφίημι</span> <span class='ocrx_word' id='word_1_337' title='bbox 1741 4177 1842 4246; x_wconf 71' lang='grc' dir='ltr'>τὴν</span> 
     </span>
    </p>
   </div>
   <div class='ocr_carea' id='block_1_47' title="bbox 195 4264 1843 4338">
    <p class='ocr_par' dir='ltr' id='par_1_47' title="bbox 195 4264 1843 4338">
     <span class='ocr_line' id='line_1_47' title="bbox 195 4264 1843 4338; baseline -0.004 -13"><span class='ocrx_word' id='word_1_338' title='bbox 195 4269 362 4326; x_wconf 87' lang='grc' dir='ltr'>πόλιν</span> <span class='ocrx_word' id='word_1_339' title='bbox 392 4270 595 4338; x_wconf 86' lang='grc' dir='ltr'>ταύτην</span> <span class='ocrx_word' id='word_1_340' title='bbox 652 4266 741 4322; x_wconf 83' lang='grc' dir='ltr'>καὶ</span> <span class='ocrx_word' id='word_1_341' title='bbox 793 4267 887 4322; x_wconf 91' lang='grc' dir='ltr'>τὸν</span> <span class='ocrx_word' id='word_1_342' title='bbox 946 4266 1061 4321; x_wconf 70' lang='grc' dir='ltr'>υἱὸν</span> <span class='ocrx_word' id='word_1_343' title='bbox 1125 4287 1252 4338; x_wconf 87' lang='grc' dir='ltr'>μου.</span> <span class='ocrx_word' id='word_1_344' title='bbox 1309 4268 1406 4321; x_wconf 83' lang='grc' dir='ltr'>Καὶ</span> <span class='ocrx_word' id='word_1_345' title='bbox 1458 4264 1717 4329; x_wconf 77' lang='grc' dir='ltr'>εἰσελθών</span> <span class='ocrx_word' id='word_1_346' title='bbox 1768 4265 1843 4328; x_wconf 87' lang='grc' dir='ltr'>εἰς</span> 
     </span>
    </p>
   </div>
   <div class='ocr_carea' id='block_1_48' title="bbox 194 4352 1847 4435">
    <p class='ocr_par' dir='ltr' id='par_1_48' title="bbox 194 4352 1847 4435">
     <span class='ocr_line' id='line_1_48' title="bbox 194 4352 1847 4435; baseline -0.002 -21"><span class='ocrx_word' id='word_1_347' title='bbox 194 4362 294 4429; x_wconf 72' lang='grc' dir='ltr'>ειὴν</span> <span class='ocrx_word' id='word_1_348' title='bbox 352 4358 613 4435; x_wconf 82' lang='grc' dir='ltr'>Μεγάλην</span> <span class='ocrx_word' id='word_1_349' title='bbox 674 4356 983 4424; x_wconf 86' lang='grc' dir='ltr'>Έκκλσίαν,</span> <span class='ocrx_word' id='word_1_350' title='bbox 1046 4357 1251 4428; x_wconf 87' lang='grc' dir='ltr'>μέλανα</span> <span class='ocrx_word' id='word_1_351' title='bbox 1310 4352 1636 4428; x_wconf 81' lang='grc' dir='ltr'>ὑποδήματα</span> <span class='ocrx_word' id='word_1_352' title='bbox 1689 4375 1847 4429; x_wconf 90' lang='grc' dir='ltr'>περι-</span> 
     </span>
    </p>
   </div>
   <div class='ocr_carea' id='block_1_49' title="bbox 203 4440 1845 4521">
    <p class='ocr_par' dir='ltr' id='par_1_49' title="bbox 203 4440 1845 4521">
     <span class='ocr_line' id='line_1_49' title="bbox 203 4440 1845 4521; baseline -0.001 -19"><span class='ocrx_word' id='word_1_353' title='bbox 203 4443 510 4521; x_wconf 88' lang='grc' dir='ltr'>ϐαλόμενος</span> <span class='ocrx_word' id='word_1_354' title='bbox 540 4448 631 4501; x_wconf 87' lang='grc' dir='ltr'>καὶ</span> <span class='ocrx_word' id='word_1_355' title='bbox 660 4445 875 4520; x_wconf 80' lang='grc' dir='ltr'>πρηνὴς</span> <span class='ocrx_word' id='word_1_356' title='bbox 907 4445 1086 4500; x_wconf 86' lang='grc' dir='ltr'>πεσὼν</span> <span class='ocrx_word' id='word_1_357' title='bbox 1113 4444 1315 4513; x_wconf 67' lang='grc' dir='ltr'>ηὔξατο</span> <span class='ocrx_word' id='word_1_358' title='bbox 1375 4440 1569 4506; x_wconf 74' lang='grc' dir='ltr'>οὕτως·</span> <span class='ocrx_word' id='word_1_359' title='bbox 1605 4442 1845 4500; x_wconf 86' lang='grc' dir='ltr'>Δέσποτα</span> 
     </span>
    </p>
   </div>
   <div class='ocr_carea' id='block_1_50' title="bbox 189 4530 1847 4612">
    <p class='ocr_par' dir='ltr' id='par_1_50' title="bbox 189 4530 1847 4612">
     <span class='ocr_line' id='line_1_50' title="bbox 189 4530 1847 4612; baseline -0.003 -19"><span class='ocrx_word' id='word_1_360' title='bbox 189 4538 309 4607; x_wconf 76' lang='grc' dir='ltr'>θεὲ,</span> <span class='ocrx_word' id='word_1_361' title='bbox 339 4537 429 4591; x_wconf 87' lang='grc' dir='ltr'>καὶ</span> <span class='ocrx_word' id='word_1_362' title='bbox 461 4536 631 4612; x_wconf 85' lang='grc' dir='ltr'>Κύριε</span> <span class='ocrx_word' id='word_1_363' title='bbox 662 4537 842 4605; x_wconf 79' lang='grc' dir='ltr'>Ἰησοῦ</span> <span class='ocrx_word' id='word_1_364' title='bbox 898 4533 1117 4608; x_wconf 80' lang='grc' dir='ltr'>Χριστὶ,</span> <span class='ocrx_word' id='word_1_365' title='bbox 1162 4535 1237 4606; x_wconf 80' lang='grc' dir='ltr'>μὴ</span> <span class='ocrx_word' id='word_1_366' title='bbox 1272 4530 1528 4608; x_wconf 83' lang='grc' dir='ltr'>παραδῷς</span> <span class='ocrx_word' id='word_1_367' title='bbox 1577 4535 1725 4605; x_wconf 76' lang='grc' dir='ltr'>ἡμᾶς</span> <span class='ocrx_word' id='word_1_368' title='bbox 1769 4534 1847 4599; x_wconf 79' lang='grc' dir='ltr'>εἰς</span> 
     </span>
    </p>
   </div>
   <div class='ocr_carea' id='block_1_51' title="bbox 1976 605 3629 684">
    <p class='ocr_par' dir='ltr' id='par_1_51' title="bbox 1976 605 3629 684">
     <span class='ocr_line' id='line_1_51' title="bbox 1976 605 3629 684; baseline 0.008 -25"><span class='ocrx_word' id='word_1_369' title='bbox 1976 621 2042 660; x_wconf 92' lang='lat' dir='ltr'>ac</span> <span class='ocrx_word' id='word_1_370' title='bbox 2066 605 2537 665; x_wconf 83' lang='lat' dir='ltr'>dominationem</span> <span class='ocrx_word' id='word_1_371' title='bbox 2568 613 2824 668; x_wconf 89' lang='lat' dir='ltr'>validam</span> <span class='ocrx_word' id='word_1_372' title='bbox 2847 630 2953 684; x_wconf 91' lang='lat' dir='ltr'>per</span> <span class='ocrx_word' id='word_1_373' title='bbox 2977 630 3166 668; x_wconf 90' lang='lat' dir='ltr'>annos</span> <span class='ocrx_word' id='word_1_374' title='bbox 3190 614 3460 680; x_wconf 84' lang='lat' dir='ltr'>209,inde</span> <span class='ocrx_word' id='word_1_375' title='bbox 3478 615 3629 672; x_wconf 90' lang='lat' dir='ltr'>alios</span> 
     </span>
    </p>
   </div>
   <div class='ocr_carea' id='block_1_52' title="bbox 1977 694 3626 768">
    <p class='ocr_par' dir='ltr' id='par_1_52' title="bbox 1977 694 3626 768">
     <span class='ocr_line' id='line_1_52' title="bbox 1977 694 3626 768; baseline 0.008 -21"><span class='ocrx_word' id='word_1_376' title='bbox 1977 696 2044 749; x_wconf 85' lang='lat'>56</span> <span class='ocrx_word' id='word_1_377' title='bbox 2066 712 2196 750; x_wconf 88' lang='lat' dir='ltr'>eam</span> <span class='ocrx_word' id='word_1_378' title='bbox 2216 696 2423 768; x_wconf 79' lang='lat' dir='ltr'>turbis,</span> <span class='ocrx_word' id='word_1_379' title='bbox 2454 700 2806 757; x_wconf 84' lang='lat' dir='ltr'>tumultibus</span> <span class='ocrx_word' id='word_1_380' title='bbox 2824 719 2891 757; x_wconf 92' lang='lat' dir='ltr'>ac</span> <span class='ocrx_word' id='word_1_381' title='bbox 2904 703 3335 759; x_wconf 82' lang='lat' dir='ltr'>calamitatibus</span> <span class='ocrx_word' id='word_1_382' title='bbox 3355 694 3626 761; x_wconf 82' lang='lat' dir='ltr'>vexatum</span> 
     </span>
    </p>
   </div>
   <div class='ocr_carea' id='block_1_53' title="bbox 1976 784 3623 861">
    <p class='ocr_par' dir='ltr' id='par_1_53' title="bbox 1976 784 3623 861">
     <span class='ocr_line' id='line_1_53' title="bbox 1976 784 3623 861; baseline 0.01 -25"><span class='ocrx_word' id='word_1_383' title='bbox 1976 784 2070 837; x_wconf 92' lang='lat' dir='ltr'>iri.</span> <span class='ocrx_word' id='word_1_384' title='bbox 2095 787 2312 840; x_wconf 84' lang='lat' dir='ltr'>Rerum</span> <span class='ocrx_word' id='word_1_385' title='bbox 2340 787 2539 859; x_wconf 85' lang='lat' dir='ltr'>itaque</span> <span class='ocrx_word' id='word_1_386' title='bbox 2563 806 2662 844; x_wconf 90' lang='lat' dir='ltr'>eos</span> <span class='ocrx_word' id='word_1_387' title='bbox 2685 791 2976 861; x_wconf 86' lang='lat' dir='ltr'>potituros</span> <span class='ocrx_word' id='word_1_388' title='bbox 2998 794 3259 847; x_wconf 90' lang='lat' dir='ltr'>annosin</span> <span class='ocrx_word' id='word_1_389' title='bbox 3280 794 3623 852; x_wconf 88' lang='lat' dir='ltr'>universum</span> 
     </span>
    </p>
   </div>
   <div class='ocr_carea' id='block_1_54' title="bbox 1974 874 3626 951">
    <p class='ocr_par' dir='ltr' id='par_1_54' title="bbox 1974 874 3626 951">
     <span class='ocr_line' id='line_1_54' title="bbox 1974 874 3626 951; baseline 0.01 -25"><span class='ocrx_word' id='word_1_390' title='bbox 1974 877 2222 945; x_wconf 90' lang='lat' dir='ltr'>utraque</span> <span class='ocrx_word' id='word_1_391' title='bbox 2252 874 2491 932; x_wconf 86' lang='lat' dir='ltr'>fortuna</span> <span class='ocrx_word' id='word_1_392' title='bbox 2522 880 2644 932; x_wconf 82' lang='lat'>365.</span> <span class='ocrx_word' id='word_1_393' title='bbox 2704 880 2770 933; x_wconf 92' lang='lat' dir='ltr'>In</span> <span class='ocrx_word' id='word_1_394' title='bbox 2826 896 2980 935; x_wconf 88' lang='lat' dir='ltr'>anno</span> <span class='ocrx_word' id='word_1_395' title='bbox 3040 884 3128 951; x_wconf 89' lang='lat'>60,</span> <span class='ocrx_word' id='word_1_396' title='bbox 3180 883 3332 937; x_wconf 87' lang='lat' dir='ltr'>sicut</span> <span class='ocrx_word' id='word_1_397' title='bbox 3369 890 3426 939; x_wconf 90' lang='lat' dir='ltr'>et</span> <span class='ocrx_word' id='word_1_398' title='bbox 3463 891 3626 942; x_wconf 86' lang='lat' dir='ltr'>vates</span> 
     </span>
    </p>
   </div>
   <div class='ocr_carea' id='block_1_55' title="bbox 1975 963 3623 1035">
    <p class='ocr_par' dir='ltr' id='par_1_55' title="bbox 1975 963 3623 1035">
     <span class='ocr_line' id='line_1_55' title="bbox 1975 963 3623 1035; baseline 0.01 -20"><span class='ocrx_word' id='word_1_399' title='bbox 1975 963 2156 1018; x_wconf 85' lang='lat' dir='ltr'>Isaias</span> <span class='ocrx_word' id='word_1_400' title='bbox 2189 966 2530 1035; x_wconf 87' lang='lat' dir='ltr'>prenuntiat</span> <span class='ocrx_word' id='word_1_401' title='bbox 2564 984 2575 1020; x_wconf 91' lang='lat'><strong><em>:</em></strong></span> <span class='ocrx_word' id='word_1_402' title='bbox 2611 969 2729 1023; x_wconf 86' lang='lat' dir='ltr'>Hoc</span> <span class='ocrx_word' id='word_1_403' title='bbox 2756 968 2914 1023; x_wconf 83' lang='lat' dir='ltr'>fatur</span> <span class='ocrx_word' id='word_1_404' title='bbox 2945 970 3268 1028; x_wconf 89' lang='lat' dir='ltr'>Dominus:</span> <span class='ocrx_word' id='word_1_405' title='bbox 3327 989 3623 1032; x_wconf 87' lang='lat' dir='ltr'>annorum</span> 
     </span>
    </p>
   </div>
   <div class='ocr_carea' id='block_1_56' title="bbox 1976 1054 3626 1137">
    <p class='ocr_par' dir='ltr' id='par_1_56' title="bbox 1976 1054 3626 1137">
     <span class='ocr_line' id='line_1_56' title="bbox 1976 1054 3626 1137; baseline 0.008 -31"><span class='ocrx_word' id='word_1_406' title='bbox 1976 1068 2209 1108; x_wconf 89' lang='lat' dir='ltr'>summa</span> <span class='ocrx_word' id='word_1_407' title='bbox 2234 1054 2364 1121; x_wconf 90' lang='lat' dir='ltr'>erit,</span> <span class='ocrx_word' id='word_1_408' title='bbox 2400 1061 2622 1126; x_wconf 87' lang='lat' dir='ltr'>quanta</span> <span class='ocrx_word' id='word_1_409' title='bbox 2643 1063 2903 1112; x_wconf 89' lang='lat' dir='ltr'>estanno</span> <span class='ocrx_word' id='word_1_410' title='bbox 2937 1061 3309 1115; x_wconf 81' lang='lat' dir='ltr'>mercenarii.</span> <span class='ocrx_word' id='word_1_411' title='bbox 3334 1064 3475 1121; x_wconf 87' lang='lat' dir='ltr'>Tum</span> <span class='ocrx_word' id='word_1_412' title='bbox 3507 1065 3626 1137; x_wconf 87' lang='lat' dir='ltr'>glo—</span> 
     </span>
    </p>
   </div>
   <div class='ocr_carea' id='block_1_57' title="bbox 1974 1141 3622 1223">
    <p class='ocr_par' dir='ltr' id='par_1_57' title="bbox 1974 1141 3622 1223">
     <span class='ocr_line' id='line_1_57' title="bbox 1974 1141 3622 1223; baseline 0.008 -28"><span class='ocrx_word' id='word_1_413' title='bbox 1974 1141 2062 1196; x_wconf 87' lang='lat' dir='ltr'>ria</span> <span class='ocrx_word' id='word_1_414' title='bbox 2091 1142 2329 1198; x_wconf 89' lang='lat' dir='ltr'>Cedaris</span> <span class='ocrx_word' id='word_1_415' title='bbox 2388 1145 2675 1217; x_wconf 84' lang='lat' dir='ltr'>interibit,</span> <span class='ocrx_word' id='word_1_416' title='bbox 2726 1147 3069 1219; x_wconf 82' lang='lat' dir='ltr'>exiguaeque</span> <span class='ocrx_word' id='word_1_417' title='bbox 3124 1155 3299 1204; x_wconf 90' lang='lat' dir='ltr'>erunt</span> <span class='ocrx_word' id='word_1_418' title='bbox 3356 1151 3622 1223; x_wconf 81' lang='lat' dir='ltr'>reliquiae</span> 
     </span>
    </p>
   </div>
   <div class='ocr_carea' id='block_1_58' title="bbox 1964 1226 3623 1315">
    <p class='ocr_par' dir='ltr' id='par_1_58' title="bbox 1964 1226 3623 1315">
     <span class='ocr_line' id='line_1_58' title="bbox 1964 1226 3623 1315; baseline 0.007 -30"><span class='ocrx_word' id='word_1_419' title='bbox 1964 1229 2402 1302; x_wconf 90' lang='lat' dir='ltr'>jaculationum</span> <span class='ocrx_word' id='word_1_420' title='bbox 2426 1233 2565 1290; x_wconf 91' lang='lat' dir='ltr'>ﬁliis</span> <span class='ocrx_word' id='word_1_421' title='bbox 2596 1235 2832 1291; x_wconf 89' lang='lat' dir='ltr'>Cedaris</span> <span class='ocrx_word' id='word_1_422' title='bbox 2859 1236 3116 1292; x_wconf 90' lang='lat' dir='ltr'>robustis</span> <span class='ocrx_word' id='word_1_423' title='bbox 3149 1238 3212 1294; x_wconf 85' lang='grc'>¹³.</span> <span class='ocrx_word' id='word_1_424' title='bbox 3242 1239 3467 1295; x_wconf 88' lang='lat' dir='ltr'>Desunt</span> <span class='ocrx_word' id='word_1_425' title='bbox 3487 1226 3623 1315; x_wconf 79' lang='lat' dir='ltr'>ergo</span> 
     </span>
    </p>
   </div>
   <div class='ocr_carea' id='block_1_59' title="bbox 1971 1321 3626 1400">
    <p class='ocr_par' dir='ltr' id='par_1_59' title="bbox 1971 1321 3626 1400">
     <span class='ocr_line' id='line_1_59' title="bbox 1971 1321 3626 1400; baseline 0.008 -26"><span class='ocrx_word' id='word_1_426' title='bbox 1971 1336 2160 1391; x_wconf 88' lang='lat' dir='ltr'>usque</span> <span class='ocrx_word' id='word_1_427' title='bbox 2192 1321 2333 1376; x_wconf 90' lang='lat' dir='ltr'>ad...</span> <span class='ocrx_word' id='word_1_428' title='bbox 2357 1323 2652 1394; x_wconf 86' lang='lat' dir='ltr'>siquidem</span> <span class='ocrx_word' id='word_1_429' title='bbox 2675 1325 3005 1399; x_wconf 79' lang='lat' dir='ltr'>astrologus</span> <span class='ocrx_word' id='word_1_430' title='bbox 3027 1326 3128 1381; x_wconf 92' lang='lat' dir='ltr'>ille</span> <span class='ocrx_word' id='word_1_431' title='bbox 3152 1328 3485 1400; x_wconf 87' lang='lat' dir='ltr'>Stephanus</span> <span class='ocrx_word' id='word_1_432' title='bbox 3504 1331 3626 1388; x_wconf 85' lang='lat' dir='ltr'>the-</span> 
     </span>
    </p>
   </div>
   <div class='ocr_carea' id='block_1_60' title="bbox 1970 1410 3622 1492">
    <p class='ocr_par' dir='ltr' id='par_1_60' title="bbox 1970 1410 3622 1492">
     <span class='ocr_line' id='line_1_60' title="bbox 1970 1410 3622 1492; baseline 0.008 -28"><span class='ocrx_word' id='word_1_433' title='bbox 1970 1427 2069 1464; x_wconf 89' lang='lat' dir='ltr'>ma</span> <span class='ocrx_word' id='word_1_434' title='bbox 2098 1410 2357 1484; x_wconf 82' lang='lat' dir='ltr'>legitime</span> <span class='ocrx_word' id='word_1_435' title='bbox 2381 1415 2711 1470; x_wconf 85' lang='lat' dir='ltr'>constituit.</span> <span class='ocrx_word' id='word_1_436' title='bbox 2738 1417 3087 1488; x_wconf 87' lang='lat' dir='ltr'>Quanquam</span> <span class='ocrx_word' id='word_1_437' title='bbox 3113 1434 3247 1473; x_wconf 90' lang='lat' dir='ltr'>mea</span> <span class='ocrx_word' id='word_1_438' title='bbox 3276 1420 3390 1475; x_wconf 85' lang='lat' dir='ltr'>fert</span> <span class='ocrx_word' id='word_1_439' title='bbox 3419 1420 3622 1492; x_wconf 90' lang='lat' dir='ltr'>opinio</span> 
     </span>
    </p>
   </div>
   <div class='ocr_carea' id='block_1_61' title="bbox 1969 1500 3722 1581">
    <p class='ocr_par' dir='ltr' id='par_1_61' title="bbox 1969 1500 3722 1581">
     <span class='ocr_line' id='line_1_61' title="bbox 1969 1500 3722 1581; baseline 0.009 -27"><span class='ocrx_word' id='word_1_440' title='bbox 1969 1500 2273 1557; x_wconf 89' lang='lat' dir='ltr'>aberrasse</span> <span class='ocrx_word' id='word_1_441' title='bbox 2316 1520 2453 1559; x_wconf 91' lang='lat' dir='ltr'>eum</span> <span class='ocrx_word' id='word_1_442' title='bbox 2485 1507 2764 1578; x_wconf 87' lang='lat' dir='ltr'>scrupulo</span> <span class='ocrx_word' id='word_1_443' title='bbox 2797 1507 2962 1562; x_wconf 90' lang='lat' dir='ltr'>valde</span> <span class='ocrx_word' id='word_1_444' title='bbox 2986 1510 3399 1581; x_wconf 87' lang='lat' dir='ltr'>magno.Noris</span> <span class='ocrx_word' id='word_1_445' title='bbox 3423 1518 3625 1569; x_wconf 88' lang='lat' dir='ltr'>autem</span> <span class='ocrx_word' id='word_1_446' title='bbox 3714 1547 3722 1558; x_wconf 74' lang='grc' dir='ltr'>ι</span> 
     </span>
    </p>
   </div>
   <div class='ocr_carea' id='block_1_62' title="bbox 1969 1590 3616 1657">
    <p class='ocr_par' dir='ltr' id='par_1_62' title="bbox 1969 1590 3616 1657">
     <span class='ocr_line' id='line_1_62' title="bbox 1969 1590 3616 1657; baseline 0.008 -13"><span class='ocrx_word' id='word_1_447' title='bbox 1969 1590 2249 1646; x_wconf 88' lang='lat' dir='ltr'>Cedarem</span> <span class='ocrx_word' id='word_1_448' title='bbox 2282 1593 2610 1649; x_wconf 88' lang='lat' dir='ltr'>secundum</span> <span class='ocrx_word' id='word_1_449' title='bbox 2643 1611 2772 1651; x_wconf 89' lang='lat' dir='ltr'>esse</span> <span class='ocrx_word' id='word_1_450' title='bbox 2798 1596 3035 1652; x_wconf 90' lang='lat' dir='ltr'>Ismaeli</span> <span class='ocrx_word' id='word_1_451' title='bbox 3067 1597 3280 1654; x_wconf 86' lang='lat' dir='ltr'>ﬁlium.</span> <span class='ocrx_word' id='word_1_452' title='bbox 3310 1601 3430 1656; x_wconf 92' lang='lat' dir='ltr'>Hoc</span> <span class='ocrx_word' id='word_1_453' title='bbox 3459 1618 3616 1657; x_wconf 89' lang='lat' dir='ltr'>anno</span> 
     </span>
    </p>
   </div>
   <div class='ocr_carea' id='block_1_63' title="bbox 1969 1680 3617 1760">
    <p class='ocr_par' dir='ltr' id='par_1_63' title="bbox 1969 1680 3617 1760">
     <span class='ocr_line' id='line_1_63' title="bbox 1969 1680 3617 1760; baseline 0.008 -26"><span class='ocrx_word' id='word_1_454' title='bbox 1969 1680 2274 1737; x_wconf 86' lang='lat' dir='ltr'>Heraclius</span> <span class='ocrx_word' id='word_1_455' title='bbox 2320 1683 2695 1740; x_wconf 83' lang='lat' dir='ltr'>solemnitate</span> <span class='ocrx_word' id='word_1_456' title='bbox 2753 1686 3057 1744; x_wconf 89' lang='lat' dir='ltr'>Paschatis</span> <span class='ocrx_word' id='word_1_457' title='bbox 3112 1694 3373 1760; x_wconf 88' lang='lat' dir='ltr'>peracta,</span> <span class='ocrx_word' id='word_1_458' title='bbox 3416 1692 3617 1748; x_wconf 86' lang='lat' dir='ltr'>statim</span> 
     </span>
    </p>
   </div>
   <div class='ocr_carea' id='block_1_64' title="bbox 1965 1769 3619 1845">
    <p class='ocr_par' dir='ltr' id='par_1_64' title="bbox 1965 1769 3619 1845">
     <span class='ocr_line' id='line_1_64' title="bbox 1965 1769 3619 1845; baseline 0.007 -23"><span class='ocrx_word' id='word_1_459' title='bbox 1965 1769 2250 1840; x_wconf 87' lang='lat' dir='ltr'>postridie</span> <span class='ocrx_word' id='word_1_460' title='bbox 2298 1771 2406 1826; x_wconf 88' lang='lat' dir='ltr'>sub</span> <span class='ocrx_word' id='word_1_461' title='bbox 2466 1790 2772 1845; x_wconf 85' lang='lat' dir='ltr'>vesperam</span> <span class='ocrx_word' id='word_1_462' title='bbox 2823 1775 3103 1834; x_wconf 87' lang='lat' dir='ltr'>adversus</span> <span class='ocrx_word' id='word_1_463' title='bbox 3150 1780 3361 1836; x_wconf 86' lang='lat' dir='ltr'>Persas</span> <span class='ocrx_word' id='word_1_464' title='bbox 3408 1774 3619 1837; x_wconf 66' lang='lat' dir='ltr'>movit.</span> 
     </span>
    </p>
   </div>
   <div class='ocr_carea' id='block_1_65' title="bbox 1892 1859 3615 1950">
    <p class='ocr_par' dir='ltr' id='par_1_65' title="bbox 1892 1859 3615 1950">
     <span class='ocr_line' id='line_1_65' title="bbox 1892 1859 3615 1950; baseline 0.009 -38"><span class='ocrx_word' id='word_1_465' title='bbox 1892 1885 1939 1950; x_wconf 78' lang='grc' dir='ltr'><strong>Β</strong></span> <span class='ocrx_word' id='word_1_466' title='bbox 1967 1859 2231 1950; x_wconf 84' lang='lat' dir='ltr'>sumpsit</span> <span class='ocrx_word' id='word_1_467' title='bbox 2259 1862 2332 1917; x_wconf 92' lang='lat' dir='ltr'>ad</span> <span class='ocrx_word' id='word_1_468' title='bbox 2363 1879 2494 1919; x_wconf 87' lang='lat' dir='ltr'>eam</span> <span class='ocrx_word' id='word_1_469' title='bbox 2526 1865 2961 1936; x_wconf 85' lang='lat' dir='ltr'>expeditionem</span> <span class='ocrx_word' id='word_1_470' title='bbox 2979 1868 3051 1924; x_wconf 92' lang='lat' dir='ltr'>de</span> <span class='ocrx_word' id='word_1_471' title='bbox 3081 1868 3355 1925; x_wconf 87' lang='lat' dir='ltr'>domibus</span> <span class='ocrx_word' id='word_1_472' title='bbox 3384 1869 3615 1944; x_wconf 86' lang='lat' dir='ltr'>religio-</span> 
     </span>
    </p>
   </div>
   <div class='ocr_carea' id='block_1_66' title="bbox 1972 1949 3618 2032">
    <p class='ocr_par' dir='ltr' id='par_1_66' title="bbox 1972 1949 3618 2032">
     <span class='ocr_line' id='line_1_66' title="bbox 1972 1949 3618 2032; baseline 0.008 -29"><span class='ocrx_word' id='word_1_473' title='bbox 1972 1949 2052 2005; x_wconf 91' lang='lat' dir='ltr'>sis</span> <span class='ocrx_word' id='word_1_474' title='bbox 2073 1955 2133 2004; x_wconf 91' lang='lat' dir='ltr'>et</span> <span class='ocrx_word' id='word_1_475' title='bbox 2155 1951 2389 2023; x_wconf 88' lang='lat' dir='ltr'>templis</span> <span class='ocrx_word' id='word_1_476' title='bbox 2411 1957 2682 2010; x_wconf 89' lang='lat' dir='ltr'>mutuam</span> <span class='ocrx_word' id='word_1_477' title='bbox 2698 1957 3035 2027; x_wconf 88' lang='lat' dir='ltr'>pecuniam,</span> <span class='ocrx_word' id='word_1_478' title='bbox 3070 1957 3210 2014; x_wconf 85' lang='lat' dir='ltr'>ﬁsco</span> <span class='ocrx_word' id='word_1_479' title='bbox 3241 1959 3618 2032; x_wconf 88' lang='lat' dir='ltr'>imperatoris</span> 
     </span>
    </p>
   </div>
   <div class='ocr_carea' id='block_1_67' title="bbox 1966 2040 3614 2113">
    <p class='ocr_par' dir='ltr' id='par_1_67' title="bbox 1966 2040 3614 2113">
     <span class='ocr_line' id='line_1_67' title="bbox 1966 2040 3614 2113; baseline 0.008 -18"><span class='ocrx_word' id='word_1_480' title='bbox 1966 2040 2168 2113; x_wconf 92' lang='lat' dir='ltr'>inopia</span> <span class='ocrx_word' id='word_1_481' title='bbox 2197 2046 2320 2097; x_wconf 90' lang='lat' dir='ltr'>tum</span> <span class='ocrx_word' id='word_1_482' title='bbox 2361 2044 2696 2105; x_wconf 80' lang='lat' dir='ltr'>laborante:</span> <span class='ocrx_word' id='word_1_483' title='bbox 2735 2053 2792 2102; x_wconf 89' lang='lat' dir='ltr'>et</span> <span class='ocrx_word' id='word_1_484' title='bbox 2848 2065 2919 2104; x_wconf 88' lang='lat' dir='ltr'>ex</span> <span class='ocrx_word' id='word_1_485' title='bbox 2976 2066 3045 2105; x_wconf 87' lang='lat' dir='ltr'>ea</span> <span class='ocrx_word' id='word_1_486' title='bbox 3102 2049 3266 2105; x_wconf 90' lang='lat' dir='ltr'>cudit</span> <span class='ocrx_word' id='word_1_487' title='bbox 3312 2057 3614 2108; x_wconf 89' lang='lat' dir='ltr'>monetam</span> 
     </span>
    </p>
   </div>
   <div class='ocr_carea' id='block_1_68' title="bbox 1970 2133 3615 2199">
    <p class='ocr_par' dir='ltr' id='par_1_68' title="bbox 1970 2133 3615 2199">
     <span class='ocr_line' id='line_1_68' title="bbox 1970 2133 3615 2199; baseline 0.007 -11"><span class='ocrx_word' id='word_1_488' title='bbox 1970 2133 2118 2189; x_wconf 78' lang='grc'>718</span> <span class='ocrx_word' id='word_1_489' title='bbox 2147 2139 2205 2189; x_wconf 92' lang='lat' dir='ltr'>et</span> <span class='ocrx_word' id='word_1_490' title='bbox 2258 2135 2590 2193; x_wconf 88' lang='lat' dir='ltr'>miliarisia.</span> <span class='ocrx_word' id='word_1_491' title='bbox 2651 2138 2738 2193; x_wconf 89' lang='lat' dir='ltr'>Ad</span> <span class='ocrx_word' id='word_1_492' title='bbox 2782 2138 2986 2196; x_wconf 89' lang='lat' dir='ltr'>urbem</span> <span class='ocrx_word' id='word_1_493' title='bbox 3040 2141 3225 2197; x_wconf 86' lang='lat' dir='ltr'>ﬁlium</span> <span class='ocrx_word' id='word_1_494' title='bbox 3275 2159 3448 2197; x_wconf 80' lang='lat' dir='ltr'>suum</span> <span class='ocrx_word' id='word_1_495' title='bbox 3479 2159 3615 2199; x_wconf 90' lang='lat' dir='ltr'>cum</span> 
     </span>
    </p>
   </div>
   <div class='ocr_carea' id='block_1_69' title="bbox 1966 2226 3615 2303">
    <p class='ocr_par' dir='ltr' id='par_1_69' title="bbox 1966 2226 3615 2303">
     <span class='ocr_line' id='line_1_69' title="bbox 1966 2226 3615 2303; baseline 0.005 -24"><span class='ocrx_word' id='word_1_496' title='bbox 1966 2226 2164 2298; x_wconf 86' lang='lat' dir='ltr'>Sergio</span> <span class='ocrx_word' id='word_1_497' title='bbox 2187 2226 2529 2297; x_wconf 85' lang='lat' dir='ltr'>patriarcha</span> <span class='ocrx_word' id='word_1_498' title='bbox 2558 2227 2801 2298; x_wconf 88' lang='lat' dir='ltr'>reliquit</span> <span class='ocrx_word' id='word_1_499' title='bbox 2828 2228 3006 2285; x_wconf 88' lang='lat' dir='ltr'>rebus</span> <span class='ocrx_word' id='word_1_500' title='bbox 3051 2231 3476 2303; x_wconf 89' lang='lat' dir='ltr'>gubernandis,</span> <span class='ocrx_word' id='word_1_501' title='bbox 3510 2232 3615 2288; x_wconf 83' lang='lat' dir='ltr'>ad-</span> 
     </span>
    </p>
   </div>
   <div class='ocr_carea' id='block_1_70' title="bbox 1966 2314 3617 2392">
    <p class='ocr_par' dir='ltr' id='par_1_70' title="bbox 1966 2314 3617 2392">
     <span class='ocr_line' id='line_1_70' title="bbox 1966 2314 3617 2392; baseline 0.004 -22"><span class='ocrx_word' id='word_1_502' title='bbox 1966 2314 2088 2370; x_wconf 88' lang='lat' dir='ltr'>dito</span> <span class='ocrx_word' id='word_1_503' title='bbox 2113 2316 2271 2370; x_wconf 87' lang='lat' dir='ltr'>Bono</span> <span class='ocrx_word' id='word_1_504' title='bbox 2293 2316 2562 2387; x_wconf 85' lang='lat' dir='ltr'>patricio,</span> <span class='ocrx_word' id='word_1_505' title='bbox 2581 2317 2705 2372; x_wconf 88' lang='lat' dir='ltr'>viro</span> <span class='ocrx_word' id='word_1_506' title='bbox 2736 2319 2976 2374; x_wconf 88' lang='lat' dir='ltr'>cordato</span> <span class='ocrx_word' id='word_1_507' title='bbox 2990 2319 3267 2390; x_wconf 89' lang='lat' dir='ltr'>variaque</span> <span class='ocrx_word' id='word_1_508' title='bbox 3298 2321 3617 2392; x_wconf 85' lang='lat' dir='ltr'>prudentia</span> 
     </span>
    </p>
   </div>
   <div class='ocr_carea' id='block_1_71' title="bbox 1966 2406 3616 2481">
    <p class='ocr_par' dir='ltr' id='par_1_71' title="bbox 1966 2406 3616 2481">
     <span class='ocr_line' id='line_1_71' title="bbox 1966 2406 3616 2481; baseline 0.004 -23"><span class='ocrx_word' id='word_1_509' title='bbox 1966 2409 2024 2459; x_wconf 90' lang='lat' dir='ltr'>et</span> <span class='ocrx_word' id='word_1_510' title='bbox 2052 2420 2162 2459; x_wconf 91' lang='lat' dir='ltr'>usu</span> <span class='ocrx_word' id='word_1_511' title='bbox 2192 2422 2391 2460; x_wconf 89' lang='lat' dir='ltr'>rerum</span> <span class='ocrx_word' id='word_1_512' title='bbox 2451 2406 2763 2461; x_wconf 87' lang='lat' dir='ltr'>instructo.</span> <span class='ocrx_word' id='word_1_513' title='bbox 2815 2408 3154 2479; x_wconf 82' lang='lat' dir='ltr'>Chaganum</span> <span class='ocrx_word' id='word_1_514' title='bbox 3213 2426 3450 2480; x_wconf 90' lang='lat' dir='ltr'>quoque</span> <span class='ocrx_word' id='word_1_515' title='bbox 3508 2427 3616 2481; x_wconf 90' lang='lat' dir='ltr'>per</span> 
     </span>
    </p>
   </div>
   <div class='ocr_carea' id='block_1_72' title="bbox 1967 2492 3616 2567">
    <p class='ocr_par' dir='ltr' id='par_1_72' title="bbox 1967 2492 3616 2567">
     <span class='ocr_line' id='line_1_72' title="bbox 1967 2492 3616 2567; baseline 0.005 -20"><span class='ocrx_word' id='word_1_516' title='bbox 1967 2492 2195 2549; x_wconf 86' lang='lat' dir='ltr'>litteras</span> <span class='ocrx_word' id='word_1_517' title='bbox 2225 2494 2492 2550; x_wconf 88' lang='lat' dir='ltr'>hortatus</span> <span class='ocrx_word' id='word_1_518' title='bbox 2524 2500 2613 2549; x_wconf 89' lang='lat' dir='ltr'>est</span> <span class='ocrx_word' id='word_1_519' title='bbox 2641 2496 2715 2551; x_wconf 89' lang='lat' dir='ltr'>ad</span> <span class='ocrx_word' id='word_1_520' title='bbox 2746 2497 3160 2567; x_wconf 88' lang='lat' dir='ltr'>opitulandum</span> <span class='ocrx_word' id='word_1_521' title='bbox 3191 2497 3369 2553; x_wconf 91' lang='lat' dir='ltr'>rebus</span> <span class='ocrx_word' id='word_1_522' title='bbox 3400 2501 3616 2556; x_wconf 85' lang='lat' dir='ltr'>Roma-</span> 
     </span>
    </p>
   </div>
   <div class='ocr_carea' id='block_1_73' title="bbox 1966 2583 3614 2659">
    <p class='ocr_par' dir='ltr' id='par_1_73' title="bbox 1966 2583 3614 2659">
     <span class='ocr_line' id='line_1_73' title="bbox 1966 2583 3614 2659; baseline 0.004 -23"><span class='ocrx_word' id='word_1_523' title='bbox 1966 2583 2080 2648; x_wconf 86' lang='lat' dir='ltr'>nis,</span> <span class='ocrx_word' id='word_1_524' title='bbox 2111 2588 2178 2638; x_wconf 94' lang='lat' dir='ltr'>ut</span> <span class='ocrx_word' id='word_1_525' title='bbox 2205 2600 2339 2639; x_wconf 91' lang='lat' dir='ltr'>cum</span> <span class='ocrx_word' id='word_1_526' title='bbox 2367 2601 2482 2656; x_wconf 87' lang='lat' dir='ltr'>quo</span> <span class='ocrx_word' id='word_1_527' title='bbox 2510 2585 2854 2641; x_wconf 88' lang='lat' dir='ltr'>societatem</span> <span class='ocrx_word' id='word_1_528' title='bbox 2884 2586 3200 2656; x_wconf 87' lang='lat' dir='ltr'>ﬁrmasset,</span> <span class='ocrx_word' id='word_1_529' title='bbox 3225 2604 3480 2659; x_wconf 90' lang='lat' dir='ltr'>cumque</span> <span class='ocrx_word' id='word_1_530' title='bbox 3504 2588 3614 2643; x_wconf 88' lang='lat' dir='ltr'>ﬁlii</span> 
     </span>
    </p>
   </div>
   <div class='ocr_carea' id='block_1_74' title="bbox 1962 2672 3614 2745">
    <p class='ocr_par' dir='ltr' id='par_1_74' title="bbox 1962 2672 3614 2745">
     <span class='ocr_line' id='line_1_74' title="bbox 1962 2672 3614 2745; baseline 0.005 -20"><span class='ocrx_word' id='word_1_531' title='bbox 1962 2672 2052 2725; x_wconf 88' lang='lat' dir='ltr'>sui</span> <span class='ocrx_word' id='word_1_532' title='bbox 2072 2677 2325 2726; x_wconf 90' lang='lat' dir='ltr'>tutorem</span> <span class='ocrx_word' id='word_1_533' title='bbox 2357 2674 2689 2745; x_wconf 90' lang='lat' dir='ltr'>appellavit.</span> <span class='ocrx_word' id='word_1_534' title='bbox 2722 2674 2969 2729; x_wconf 83' lang='lat' dir='ltr'>Interim</span> <span class='ocrx_word' id='word_1_535' title='bbox 2993 2676 3131 2731; x_wconf 90' lang='lat' dir='ltr'>Saes</span> <span class='ocrx_word' id='word_1_536' title='bbox 3154 2693 3189 2732; x_wconf 91' lang='lat' dir='ltr'>a</span> <span class='ocrx_word' id='word_1_537' title='bbox 3207 2676 3464 2733; x_wconf 89' lang='lat' dir='ltr'>Chosroe</span> <span class='ocrx_word' id='word_1_538' title='bbox 3486 2694 3614 2733; x_wconf 88' lang='lat' dir='ltr'>cum</span> 
     </span>
    </p>
   </div>
   <div class='ocr_carea' id='block_1_75' title="bbox 1963 2761 3609 2833">
    <p class='ocr_par' dir='ltr' id='par_1_75' title="bbox 1963 2761 3609 2833">
     <span class='ocr_line' id='line_1_75' title="bbox 1963 2761 3609 2833; baseline 0.005 -18"><span class='ocrx_word' id='word_1_539' title='bbox 1963 2777 2175 2833; x_wconf 84' lang='lat' dir='ltr'>magno</span> <span class='ocrx_word' id='word_1_540' title='bbox 2196 2761 2456 2816; x_wconf 83' lang='lat' dir='ltr'>exercitu</span> <span class='ocrx_word' id='word_1_541' title='bbox 2489 2769 2693 2819; x_wconf 87' lang='lat' dir='ltr'>contra</span> <span class='ocrx_word' id='word_1_542' title='bbox 2713 2767 3011 2820; x_wconf 85' lang='lat' dir='ltr'>Romanos</span> <span class='ocrx_word' id='word_1_543' title='bbox 3030 2765 3247 2821; x_wconf 89' lang='lat' dir='ltr'>missus</span> <span class='ocrx_word' id='word_1_544' title='bbox 3268 2766 3609 2823; x_wconf 89' lang='lat' dir='ltr'>universum</span> 
     </span>
    </p>
   </div>
   <div class='ocr_carea' id='block_1_76' title="bbox 1961 2850 3611 2927">
    <p class='ocr_par' dir='ltr' id='par_1_76' title="bbox 1961 2850 3611 2927">
     <span class='ocr_line' id='line_1_76' title="bbox 1961 2850 3611 2927; baseline 0.005 -24"><span class='ocrx_word' id='word_1_545' title='bbox 1961 2850 2260 2906; x_wconf 88' lang='lat' dir='ltr'>Orientem</span> <span class='ocrx_word' id='word_1_546' title='bbox 2290 2857 2513 2918; x_wconf 88' lang='lat' dir='ltr'>vastat;</span> <span class='ocrx_word' id='word_1_547' title='bbox 2567 2869 2822 2926; x_wconf 90' lang='lat' dir='ltr'>cumque</span> <span class='ocrx_word' id='word_1_548' title='bbox 2852 2854 2928 2909; x_wconf 92' lang='lat' dir='ltr'>ad</span> <span class='ocrx_word' id='word_1_549' title='bbox 2956 2853 3389 2910; x_wconf 90' lang='lat' dir='ltr'>Chalcedonem</span> <span class='ocrx_word' id='word_1_550' title='bbox 3421 2873 3611 2927; x_wconf 87' lang='lat' dir='ltr'>usque</span> 
     </span>
    </p>
   </div>
   <div class='ocr_carea' id='block_1_77' title="bbox 1961 2940 3611 3012">
    <p class='ocr_par' dir='ltr' id='par_1_77' title="bbox 1961 2940 3611 3012">
     <span class='ocr_line' id='line_1_77' title="bbox 1961 2940 3611 3012; baseline 0.004 -18"><span class='ocrx_word' id='word_1_551' title='bbox 1961 2940 2343 3009; x_wconf 85' lang='lat' dir='ltr'>pervenisset,</span> <span class='ocrx_word' id='word_1_552' title='bbox 2390 2940 2467 2995; x_wconf 89' lang='lat' dir='ltr'>ibi</span> <span class='ocrx_word' id='word_1_553' title='bbox 2515 2942 2861 3012; x_wconf 87' lang='lat' dir='ltr'>aliquandiu</span> <span class='ocrx_word' id='word_1_554' title='bbox 2920 2943 3162 2999; x_wconf 87' lang='lat' dir='ltr'>assedit.</span> <span class='ocrx_word' id='word_1_555' title='bbox 3214 2944 3377 2999; x_wconf 90' lang='lat' dir='ltr'>Idem</span> <span class='ocrx_word' id='word_1_556' title='bbox 3433 2946 3611 3002; x_wconf 78' lang='lat' dir='ltr'>Hera-</span> 
     </span>
    </p>
   </div>
   <div class='ocr_carea' id='block_1_78' title="bbox 1960 3027 3612 3106">
    <p class='ocr_par' dir='ltr' id='par_1_78' title="bbox 1960 3027 3612 3106">
     <span class='ocr_line' id='line_1_78' title="bbox 1960 3027 3612 3106; baseline 0.005 -23"><span class='ocrx_word' id='word_1_557' title='bbox 1960 3027 2140 3083; x_wconf 90' lang='lat' dir='ltr'>clium</span> <span class='ocrx_word' id='word_1_558' title='bbox 2169 3030 2447 3086; x_wconf 89' lang='lat' dir='ltr'>simulata</span> <span class='ocrx_word' id='word_1_559' title='bbox 2497 3031 2925 3102; x_wconf 88' lang='lat' dir='ltr'>paciﬁcationis</span> <span class='ocrx_word' id='word_1_560' title='bbox 2956 3049 3061 3105; x_wconf 92' lang='lat' dir='ltr'>spe</span> <span class='ocrx_word' id='word_1_561' title='bbox 3113 3033 3189 3089; x_wconf 89' lang='lat' dir='ltr'>ad</span> <span class='ocrx_word' id='word_1_562' title='bbox 3243 3034 3612 3106; x_wconf 90' lang='lat' dir='ltr'>colloquium</span> 
     </span>
    </p>
   </div>
   <div class='ocr_carea' id='block_1_79' title="bbox 1958 3119 3612 3194">
    <p class='ocr_par' dir='ltr' id='par_1_79' title="bbox 1958 3119 3612 3194">
     <span class='ocr_line' id='line_1_79' title="bbox 1958 3119 3612 3194; baseline 0.004 -20"><span class='ocrx_word' id='word_1_563' title='bbox 1958 3119 2029 3175; x_wconf 92' lang='lat' dir='ltr'>de</span> <span class='ocrx_word' id='word_1_564' title='bbox 2062 3121 2249 3191; x_wconf 89' lang='lat' dir='ltr'>pactis</span> <span class='ocrx_word' id='word_1_565' title='bbox 2294 3121 2580 3177; x_wconf 90' lang='lat' dir='ltr'>invitavit.</span> <span class='ocrx_word' id='word_1_566' title='bbox 2622 3123 2692 3175; x_wconf 93' lang='lat' dir='ltr'>Et</span> <span class='ocrx_word' id='word_1_567' title='bbox 2738 3122 3063 3194; x_wconf 86' lang='lat' dir='ltr'>imperator</span> <span class='ocrx_word' id='word_1_568' title='bbox 3120 3124 3247 3179; x_wconf 87' lang='lat' dir='ltr'>Sais</span> <span class='ocrx_word' id='word_1_569' title='bbox 3303 3124 3612 3183; x_wconf 81' lang='lat' dir='ltr'>fallacibus</span> 
     </span>
    </p>
   </div>
   <div class='ocr_carea' id='block_1_80' title="bbox 1959 3209 3610 3287">
    <p class='ocr_par' dir='ltr' id='par_1_80' title="bbox 1959 3209 3610 3287">
     <span class='ocr_line' id='line_1_80' title="bbox 1959 3209 3610 3287; baseline 0.006 -25"><span class='ocrx_word' id='word_1_570' title='bbox 1959 3209 2150 3265; x_wconf 87' lang='lat' dir='ltr'>verbis</span> <span class='ocrx_word' id='word_1_571' title='bbox 2181 3209 2461 3281; x_wconf 88' lang='lat' dir='ltr'>deceptus</span> <span class='ocrx_word' id='word_1_572' title='bbox 2519 3211 2702 3266; x_wconf 86' lang='lat' dir='ltr'>mittit</span> <span class='ocrx_word' id='word_1_573' title='bbox 2749 3228 2885 3266; x_wconf 89' lang='lat' dir='ltr'>cum</span> <span class='ocrx_word' id='word_1_574' title='bbox 2929 3228 2997 3267; x_wconf 90' lang='lat' dir='ltr'>eo</span> <span class='ocrx_word' id='word_1_575' title='bbox 3039 3216 3106 3267; x_wconf 83' lang='lat' dir='ltr'>7O</span> <span class='ocrx_word' id='word_1_576' title='bbox 3134 3213 3205 3269; x_wconf 95' lang='lat' dir='ltr'>de</span> <span class='ocrx_word' id='word_1_577' title='bbox 3264 3215 3610 3287; x_wconf 89' lang='lat' dir='ltr'>proceribus</span> 
     </span>
    </p>
   </div>
   <div class='ocr_carea' id='block_1_81' title="bbox 1955 3298 3609 3371">
    <p class='ocr_par' dir='ltr' id='par_1_81' title="bbox 1955 3298 3609 3371">
     <span class='ocr_line' id='line_1_81' title="bbox 1955 3298 3609 3371; baseline 0.004 -18"><span class='ocrx_word' id='word_1_578' title='bbox 1955 3298 2075 3354; x_wconf 90' lang='lat' dir='ltr'>suis</span> <span class='ocrx_word' id='word_1_579' title='bbox 2108 3298 2330 3370; x_wconf 79' lang='lat' dir='ltr'>legatos</span> <span class='ocrx_word' id='word_1_580' title='bbox 2355 3300 2430 3355; x_wconf 90' lang='lat' dir='ltr'>ad</span> <span class='ocrx_word' id='word_1_581' title='bbox 2473 3300 2814 3368; x_wconf 86' lang='lat' dir='ltr'>Chosroem,</span> <span class='ocrx_word' id='word_1_582' title='bbox 2865 3317 3015 3371; x_wconf 86' lang='lat' dir='ltr'>quos</span> <span class='ocrx_word' id='word_1_583' title='bbox 3046 3302 3185 3357; x_wconf 90' lang='lat' dir='ltr'>Saes</span> <span class='ocrx_word' id='word_1_584' title='bbox 3216 3303 3440 3358; x_wconf 88' lang='lat' dir='ltr'>vinctos</span> <span class='ocrx_word' id='word_1_585' title='bbox 3471 3320 3609 3359; x_wconf 90' lang='lat' dir='ltr'>cum</span> 
     </span>
    </p>
   </div>
   <div class='ocr_carea' id='block_1_82' title="bbox 1953 3388 3604 3450">
    <p class='ocr_par' dir='ltr' id='par_1_82' title="bbox 1953 3388 3604 3450">
     <span class='ocr_line' id='line_1_82' title="bbox 1953 3388 3604 3450; baseline 0.004 -7"><span class='ocrx_word' id='word_1_586' title='bbox 1953 3388 2317 3444; x_wconf 89' lang='lat' dir='ltr'>contumelia</span> <span class='ocrx_word' id='word_1_587' title='bbox 2361 3388 2424 3443; x_wconf 91' lang='lat' dir='ltr'>in</span> <span class='ocrx_word' id='word_1_588' title='bbox 2458 3388 2761 3444; x_wconf 88' lang='lat' dir='ltr'>Persidem</span> <span class='ocrx_word' id='word_1_589' title='bbox 2818 3390 3082 3448; x_wconf 85' lang='lat' dir='ltr'>abduxit.</span> <span class='ocrx_word' id='word_1_590' title='bbox 3144 3391 3257 3448; x_wconf 91' lang='lat' dir='ltr'>Sed</span> <span class='ocrx_word' id='word_1_591' title='bbox 3315 3393 3604 3450; x_wconf 90' lang='lat' dir='ltr'>Chosroes</span> 
     </span>
    </p>
   </div>
   <div class='ocr_carea' id='block_1_83' title="bbox 1953 3476 3605 3553">
    <p class='ocr_par' dir='ltr' id='par_1_83' title="bbox 1953 3476 3605 3553">
     <span class='ocr_line' id='line_1_83' title="bbox 1953 3476 3605 3553; baseline 0.004 -21"><span class='ocrx_word' id='word_1_592' title='bbox 1953 3478 2065 3547; x_wconf 87' lang='lat' dir='ltr'>Sai,</span> <span class='ocrx_word' id='word_1_593' title='bbox 2101 3476 2261 3550; x_wconf 90' lang='lat' dir='ltr'>quod</span> <span class='ocrx_word' id='word_1_594' title='bbox 2293 3478 2628 3533; x_wconf 78' lang='lat' dir='ltr'>Heracliun&#39;.</span> <span class='ocrx_word' id='word_1_595' title='bbox 2677 3478 2918 3534; x_wconf 90' lang='lat' dir='ltr'>vidisset</span> <span class='ocrx_word' id='word_1_596' title='bbox 2946 3497 3141 3552; x_wconf 90' lang='lat' dir='ltr'>neque</span> <span class='ocrx_word' id='word_1_597' title='bbox 3198 3482 3473 3553; x_wconf 87' lang='lat' dir='ltr'>cepisset,</span> <span class='ocrx_word' id='word_1_598' title='bbox 3500 3498 3605 3539; x_wconf 89' lang='lat' dir='ltr'>cu-</span> 
     </span>
    </p>
   </div>
   <div class='ocr_carea' id='block_1_84' title="bbox 1953 3567 3604 3641">
    <p class='ocr_par' dir='ltr' id='par_1_84' title="bbox 1953 3567 3604 3641">
     <span class='ocr_line' id='line_1_84' title="bbox 1953 3567 3604 3641; baseline 0.005 -20"><span class='ocrx_word' id='word_1_599' title='bbox 1953 3573 2070 3622; x_wconf 88' lang='lat' dir='ltr'>tem</span> <span class='ocrx_word' id='word_1_600' title='bbox 2102 3567 2356 3635; x_wconf 85' lang='lat' dir='ltr'>detrahi,</span> <span class='ocrx_word' id='word_1_601' title='bbox 2399 3567 2623 3641; x_wconf 87' lang='lat' dir='ltr'>legatos</span> <span class='ocrx_word' id='word_1_602' title='bbox 2670 3570 2969 3624; x_wconf 82' lang='lat' dir='ltr'>Romanos</span> <span class='ocrx_word' id='word_1_603' title='bbox 2999 3570 3061 3625; x_wconf 90' lang='lat' dir='ltr'>in</span> <span class='ocrx_word' id='word_1_604' title='bbox 3091 3570 3422 3628; x_wconf 89' lang='lat' dir='ltr'>custodiam</span> <span class='ocrx_word' id='word_1_605' title='bbox 3473 3570 3604 3629; x_wconf 89' lang='lat' dir='ltr'>dari</span> 
     </span>
    </p>
   </div>
   <div class='ocr_carea' id='block_1_85' title="bbox 1951 3659 3598 3731">
    <p class='ocr_par' dir='ltr' id='par_1_85' title="bbox 1951 3659 3598 3731">
     <span class='ocr_line' id='line_1_85' title="bbox 1951 3659 3598 3731; baseline 0.004 -18"><span class='ocrx_word' id='word_1_606' title='bbox 1951 3659 2224 3731; x_wconf 88' lang='lat' dir='ltr'>maleque</span> <span class='ocrx_word' id='word_1_607' title='bbox 2253 3659 2489 3716; x_wconf 90' lang='lat' dir='ltr'>tractari</span> <span class='ocrx_word' id='word_1_608' title='bbox 2538 3659 2737 3730; x_wconf 86' lang='lat' dir='ltr'>jussit.</span> <span class='ocrx_word' id='word_1_609' title='bbox 2794 3659 2992 3714; x_wconf 86' lang='lat' dir='ltr'>Alium</span> <span class='ocrx_word' id='word_1_610' title='bbox 3053 3660 3269 3716; x_wconf 90' lang='lat' dir='ltr'>deinde</span> <span class='ocrx_word' id='word_1_611' title='bbox 3317 3662 3598 3719; x_wconf 84' lang='lat' dir='ltr'>adversus</span> 
     </span>
    </p>
   </div>
   <div class='ocr_carea' id='block_1_86' title="bbox 1951 3748 3598 3816">
    <p class='ocr_par' dir='ltr' id='par_1_86' title="bbox 1951 3748 3598 3816">
     <span class='ocr_line' id='line_1_86' title="bbox 1951 3748 3598 3816; baseline 0 -11"><span class='ocrx_word' id='word_1_612' title='bbox 1951 3750 2246 3805; x_wconf 83' lang='lat' dir='ltr'>Romanos</span> <span class='ocrx_word' id='word_1_613' title='bbox 2275 3749 2486 3804; x_wconf 89' lang='lat' dir='ltr'>ducem</span> <span class='ocrx_word' id='word_1_614' title='bbox 2525 3749 2762 3815; x_wconf 88' lang='lat' dir='ltr'>emittit,</span> <span class='ocrx_word' id='word_1_615' title='bbox 2822 3748 3063 3804; x_wconf 88' lang='lat' dir='ltr'>nomine</span> <span class='ocrx_word' id='word_1_616' title='bbox 3121 3748 3460 3806; x_wconf 88' lang='lat' dir='ltr'>Sarbarum.</span> <span class='ocrx_word' id='word_1_617' title='bbox 3486 3751 3598 3816; x_wconf 91' lang='lat' dir='ltr'>Qui</span> 
     </span>
    </p>
   </div>
   <div class='ocr_carea' id='block_1_87' title="bbox 1949 3837 3598 3909">
    <p class='ocr_par' dir='ltr' id='par_1_87' title="bbox 1949 3837 3598 3909">
     <span class='ocr_line' id='line_1_87' title="bbox 1949 3837 3598 3909; baseline 0.003 -18"><span class='ocrx_word' id='word_1_618' title='bbox 1949 3837 2225 3893; x_wconf 82' lang='lat' dir='ltr'>maximis</span> <span class='ocrx_word' id='word_1_619' title='bbox 2253 3854 2388 3893; x_wconf 89' lang='lat' dir='ltr'>cum</span> <span class='ocrx_word' id='word_1_620' title='bbox 2409 3837 2597 3908; x_wconf 88' lang='lat' dir='ltr'>copiis</span> <span class='ocrx_word' id='word_1_621' title='bbox 2628 3837 2830 3892; x_wconf 84' lang='lat' dir='ltr'>Asium</span> <span class='ocrx_word' id='word_1_622' title='bbox 2864 3837 3164 3909; x_wconf 85' lang='lat' dir='ltr'>ingressus</span> <span class='ocrx_word' id='word_1_623' title='bbox 3194 3840 3598 3896; x_wconf 84' lang='lat' dir='ltr'>Romanorum</span> 
     </span>
    </p>
   </div>
   <div class='ocr_carea' id='block_1_88' title="bbox 1949 3925 3597 3998">
    <p class='ocr_par' dir='ltr' id='par_1_88' title="bbox 1949 3925 3597 3998">
     <span class='ocr_line' id='line_1_88' title="bbox 1949 3925 3597 3998; baseline 0.002 -19"><span class='ocrx_word' id='word_1_624' title='bbox 1949 3925 2207 3980; x_wconf 88' lang='lat' dir='ltr'>ditiones</span> <span class='ocrx_word' id='word_1_625' title='bbox 2263 3925 2636 3998; x_wconf 68' lang='lat' dir='ltr'>depraedatus</span> <span class='ocrx_word' id='word_1_626' title='bbox 2693 3930 2800 3980; x_wconf 91' lang='lat' dir='ltr'>est.</span> <span class='ocrx_word' id='word_1_627' title='bbox 2862 3926 3152 3981; x_wconf 74' lang='lat' dir='ltr'>Czetcrum</span> <span class='ocrx_word' id='word_1_628' title='bbox 3200 3926 3505 3983; x_wconf 88' lang='lat' dir='ltr'>Heraclius</span> <span class='ocrx_word' id='word_1_629' title='bbox 3534 3929 3597 3983; x_wconf 90' lang='lat' dir='ltr'>in</span> 
     </span>
    </p>
   </div>
   <div class='ocr_carea' id='block_1_89' title="bbox 1955 4013 3599 4087">
    <p class='ocr_par' dir='ltr' id='par_1_89' title="bbox 1955 4013 3599 4087">
     <span class='ocr_line' id='line_1_89' title="bbox 1955 4013 3599 4087; baseline 0.003 -19"><span class='ocrx_word' id='word_1_630' title='bbox 1955 4013 2255 4069; x_wconf 86' lang='lat' dir='ltr'>Persidem</span> <span class='ocrx_word' id='word_1_631' title='bbox 2290 4014 2481 4070; x_wconf 88' lang='lat' dir='ltr'>iturus</span> <span class='ocrx_word' id='word_1_632' title='bbox 2529 4016 2612 4070; x_wconf 88' lang='lat' dir='ltr'>ita</span> <span class='ocrx_word' id='word_1_633' title='bbox 2667 4015 2985 4085; x_wconf 89' lang='lat' dir='ltr'>compellat</span> <span class='ocrx_word' id='word_1_634' title='bbox 3040 4016 3474 4087; x_wconf 87' lang='lat' dir='ltr'>patriarcham:</span> <span class='ocrx_word' id='word_1_635' title='bbox 3532 4019 3599 4074; x_wconf 90' lang='lat' dir='ltr'>In</span> 
     </span>
    </p>
   </div>
   <div class='ocr_carea' id='block_1_90' title="bbox 1953 4104 3600 4176">
    <p class='ocr_par' dir='ltr' id='par_1_90' title="bbox 1953 4104 3600 4176">
     <span class='ocr_line' id='line_1_90' title="bbox 1953 4104 3600 4176; baseline 0.001 -16"><span class='ocrx_word' id='word_1_636' title='bbox 1953 4105 2227 4160; x_wconf 90' lang='lat' dir='ltr'>manibus</span> <span class='ocrx_word' id='word_1_637' title='bbox 2259 4104 2381 4171; x_wconf 89' lang='lat' dir='ltr'>Dei,</span> <span class='ocrx_word' id='word_1_638' title='bbox 2420 4105 2678 4176; x_wconf 81' lang='lat' dir='ltr'>Deiparae</span> <span class='ocrx_word' id='word_1_639' title='bbox 2703 4104 2893 4159; x_wconf 90' lang='lat' dir='ltr'>ettuis</span> <span class='ocrx_word' id='word_1_640' title='bbox 2914 4105 3190 4176; x_wconf 89' lang='lat' dir='ltr'>relinquo</span> <span class='ocrx_word' id='word_1_641' title='bbox 3218 4107 3426 4162; x_wconf 91' lang='lat' dir='ltr'>urbem</span> <span class='ocrx_word' id='word_1_642' title='bbox 3446 4108 3600 4163; x_wconf 89' lang='lat' dir='ltr'>hanc</span> 
     </span>
    </p>
   </div>
   <div class='ocr_carea' id='block_1_91' title="bbox 1954 4193 3596 4268">
    <p class='ocr_par' dir='ltr' id='par_1_91' title="bbox 1954 4193 3596 4268">
     <span class='ocr_line' id='line_1_91' title="bbox 1954 4193 3596 4268; baseline 0.001 -20"><span class='ocrx_word' id='word_1_643' title='bbox 1954 4200 2013 4249; x_wconf 89' lang='lat' dir='ltr'>et</span> <span class='ocrx_word' id='word_1_644' title='bbox 2037 4194 2226 4249; x_wconf 86' lang='lat' dir='ltr'>filium</span> <span class='ocrx_word' id='word_1_645' title='bbox 2258 4210 2477 4248; x_wconf 89' lang='lat' dir='ltr'>meum.</span> <span class='ocrx_word' id='word_1_646' title='bbox 2512 4193 2651 4248; x_wconf 91' lang='lat' dir='ltr'>Inde</span> <span class='ocrx_word' id='word_1_647' title='bbox 2684 4210 2962 4266; x_wconf 79' lang='lat' dir='ltr'>magnum</span> <span class='ocrx_word' id='word_1_648' title='bbox 2981 4195 3269 4265; x_wconf 90' lang='lat' dir='ltr'>templum</span> <span class='ocrx_word' id='word_1_649' title='bbox 3296 4195 3596 4268; x_wconf 88' lang='lat' dir='ltr'>ingressus</span> 
     </span>
    </p>
   </div>
   <div class='ocr_carea' id='block_1_92' title="bbox 1953 4282 3600 4355">
    <p class='ocr_par' dir='ltr' id='par_1_92' title="bbox 1953 4282 3600 4355">
     <span class='ocr_line' id='line_1_92' title="bbox 1953 4282 3600 4355; baseline -0.001 -15"><span class='ocrx_word' id='word_1_650' title='bbox 1953 4288 2177 4340; x_wconf 88' lang='lat' dir='ltr'>atratus</span> <span class='ocrx_word' id='word_1_651' title='bbox 2207 4282 2457 4349; x_wconf 88' lang='lat' dir='ltr'>calceos,</span> <span class='ocrx_word' id='word_1_652' title='bbox 2489 4299 2713 4354; x_wconf 87' lang='lat' dir='ltr'>pronus</span> <span class='ocrx_word' id='word_1_653' title='bbox 2744 4282 3076 4355; x_wconf 87' lang='lat' dir='ltr'>procubuit,</span> <span class='ocrx_word' id='word_1_654' title='bbox 3103 4284 3301 4354; x_wconf 87' lang='lat' dir='ltr'>itaque</span> <span class='ocrx_word' id='word_1_655' title='bbox 3352 4288 3442 4339; x_wconf 92' lang='lat' dir='ltr'>est</span> <span class='ocrx_word' id='word_1_656' title='bbox 3468 4300 3600 4354; x_wconf 87' lang='lat' dir='ltr'>pre-</span> 
     </span>
    </p>
   </div>
   <div class='ocr_carea' id='block_1_93' title="bbox 1954 4370 3596 4445">
    <p class='ocr_par' dir='ltr' id='par_1_93' title="bbox 1954 4370 3596 4445">
     <span class='ocr_line' id='line_1_93' title="bbox 1954 4370 3596 4445; baseline -0.001 -17"><span class='ocrx_word' id='word_1_657' title='bbox 1954 4377 2121 4428; x_wconf 90' lang='lat' dir='ltr'>catus</span> <span class='ocrx_word' id='word_1_658' title='bbox 2146 4415 2160 4438; x_wconf 92' lang='lat'>,</span> <span class='ocrx_word' id='word_1_659' title='bbox 2191 4371 2437 4426; x_wconf 90' lang='lat' dir='ltr'>Domine</span> <span class='ocrx_word' id='word_1_660' title='bbox 2469 4372 2641 4439; x_wconf 88' lang='lat' dir='ltr'>Deus,</span> <span class='ocrx_word' id='word_1_661' title='bbox 2667 4376 2726 4426; x_wconf 91' lang='lat' dir='ltr'>et</span> <span class='ocrx_word' id='word_1_662' title='bbox 2751 4372 2891 4427; x_wconf 86' lang='lat' dir='ltr'>Jesu</span> <span class='ocrx_word' id='word_1_663' title='bbox 2909 4370 3160 4441; x_wconf 83' lang='lat' dir='ltr'>Christe,</span> <span class='ocrx_word' id='word_1_664' title='bbox 3193 4388 3268 4427; x_wconf 90' lang='lat' dir='ltr'>ne</span> <span class='ocrx_word' id='word_1_665' title='bbox 3299 4388 3401 4427; x_wconf 91' lang='lat' dir='ltr'>eos</span> <span class='ocrx_word' id='word_1_666' title='bbox 3418 4389 3596 4445; x_wconf 92' lang='lat' dir='ltr'>prop-</span> 
     </span>
    </p>
   </div>
   <div class='ocr_carea' id='block_1_94' title="bbox 1952 4460 3599 4534">
    <p class='ocr_par' dir='ltr' id='par_1_94' title="bbox 1952 4460 3599 4534">
     <span class='ocr_line' id='line_1_94' title="bbox 1952 4460 3599 4534; baseline 0 -18"><span class='ocrx_word' id='word_1_667' title='bbox 1952 4468 2085 4533; x_wconf 88' lang='lat' dir='ltr'>pter</span> <span class='ocrx_word' id='word_1_668' title='bbox 2114 4465 2356 4532; x_wconf 89' lang='lat' dir='ltr'>peccata</span> <span class='ocrx_word' id='word_1_669' title='bbox 2384 4465 2588 4514; x_wconf 90' lang='lat' dir='ltr'>nostra</span> <span class='ocrx_word' id='word_1_670' title='bbox 2634 4460 2904 4516; x_wconf 87' lang='lat' dir='ltr'>hostibus</span> <span class='ocrx_word' id='word_1_671' title='bbox 2935 4461 3051 4517; x_wconf 90' lang='lat' dir='ltr'>tuis</span> <span class='ocrx_word' id='word_1_672' title='bbox 3081 4460 3417 4516; x_wconf 91' lang='lat' dir='ltr'>irridendos</span> <span class='ocrx_word' id='word_1_673' title='bbox 3448 4479 3599 4534; x_wconf 73' lang='lat' dir='ltr'>prm-</span> 
     </span>
    </p>
   </div>
   <div class='ocr_carea' id='block_1_95' title="bbox 1954 4549 3599 4607">
    <p class='ocr_par' dir='ltr' id='par_1_95' title="bbox 1954 4549 3599 4607">
     <span class='ocr_line' id='line_1_95' title="bbox 1954 4549 3599 4607; baseline 0.001 -1"><span class='ocrx_word' id='word_1_674' title='bbox 1954 4552 2095 4606; x_wconf 90' lang='lat' dir='ltr'>beas</span> <span class='ocrx_word' id='word_1_675' title='bbox 2123 4567 2134 4603; x_wconf 93' lang='lat'>:</span> <span class='ocrx_word' id='word_1_676' title='bbox 2167 4549 2272 4604; x_wconf 90' lang='lat' dir='ltr'>sed</span> <span class='ocrx_word' id='word_1_677' title='bbox 2302 4550 2534 4605; x_wconf 89' lang='lat' dir='ltr'>intuere</span> <span class='ocrx_word' id='word_1_678' title='bbox 2585 4550 2734 4605; x_wconf 76' lang='grc'>719</span> <span class='ocrx_word' id='word_1_679' title='bbox 2767 4550 2831 4605; x_wconf 92' lang='lat' dir='ltr'>in</span> <span class='ocrx_word' id='word_1_680' title='bbox 2862 4567 2970 4605; x_wconf 92' lang='lat' dir='ltr'>nos</span> <span class='ocrx_word' id='word_1_681' title='bbox 3001 4566 3067 4606; x_wconf 91' lang='lat' dir='ltr'>ac</span> <span class='ocrx_word' id='word_1_682' title='bbox 3122 4550 3405 4607; x_wconf 85' lang='lat' dir='ltr'>miserere</span> <span class='ocrx_word' id='word_1_683' title='bbox 3461 4568 3599 4607; x_wconf 83' lang='lat' dir='ltr'>nos-</span> 
     </span>
    </p>
   </div>
   <div class='ocr_carea' id='block_1_96' title="bbox 191 4611 1851 4711">
    <p class='ocr_par' dir='ltr' id='par_1_96' title="bbox 191 4618 1847 4711">
     <span class='ocr_line' id='line_1_96' title="bbox 191 4618 1847 4711; baseline -0.002 -29"><span class='ocrx_word' id='word_1_684' title='bbox 191 4624 402 4688; x_wconf 85' lang='grc' dir='ltr'>ὅνειδος</span> <span class='ocrx_word' id='word_1_685' title='bbox 444 4631 562 4711; x_wconf 84' lang='grc' dir='ltr'>τοῖς</span> <span class='ocrx_word' id='word_1_686' title='bbox 617 4622 842 4711; x_wconf 82' lang='grc' dir='ltr'>ἐχθροῖς</span> <span class='ocrx_word' id='word_1_687' title='bbox 903 4642 1000 4676; x_wconf 84' lang='grc' dir='ltr'>σου</span> <span class='ocrx_word' id='word_1_688' title='bbox 1062 4618 1151 4711; x_wconf 80' lang='grc' dir='ltr'>διὰ</span> <span class='ocrx_word' id='word_1_689' title='bbox 1215 4621 1314 4684; x_wconf 85' lang='grc' dir='ltr'>τὰς</span> <span class='ocrx_word' id='word_1_690' title='bbox 1367 4621 1635 4695; x_wconf 77' lang='grc' dir='ltr'>ἁμαρτίας</span> <span class='ocrx_word' id='word_1_691' title='bbox 1661 4625 1847 4698; x_wconf 71' lang='grc' dir='ltr'>ἡμῶν,</span> 
     </span>
    </p>
   </div>
   <div class='ocr_carea' id='block_1_97' title="bbox 1962 4611 3600 4711">
    <p class='ocr_par' dir='ltr' id='par_1_97' title="bbox 1962 4637 3600 4711">
     <span class='ocr_line' id='line_1_97' title="bbox 1962 4637 3600 4711; baseline 0.002 -16"><span class='ocrx_word' id='word_1_692' title='bbox 1962 4646 2133 4705; x_wconf 87' lang='lat' dir='ltr'>trum,</span> <span class='ocrx_word' id='word_1_693' title='bbox 2174 4656 2242 4695; x_wconf 87' lang='lat' dir='ltr'>ac</span> <span class='ocrx_word' id='word_1_694' title='bbox 2263 4637 2562 4696; x_wconf 88' lang='lat' dir='ltr'>victoriam</span> <span class='ocrx_word' id='word_1_695' title='bbox 2595 4639 2667 4693; x_wconf 93' lang='lat' dir='ltr'>de</span> <span class='ocrx_word' id='word_1_696' title='bbox 2712 4639 2982 4694; x_wconf 88' lang='lat' dir='ltr'>hostibus</span> <span class='ocrx_word' id='word_1_697' title='bbox 3041 4640 3157 4696; x_wconf 89' lang='lat' dir='ltr'>tuis</span> <span class='ocrx_word' id='word_1_698' title='bbox 3213 4641 3493 4711; x_wconf 89' lang='lat' dir='ltr'>concede,</span> <span class='ocrx_word' id='word_1_699' title='bbox 3522 4658 3600 4699; x_wconf 87' lang='lat' dir='ltr'>ne</span> 
     </span>
    </p>
   </div>
   <div class='ocr_carea' id='block_1_98' title="bbox 190 4710 1845 4788">
    <p class='ocr_par' dir='ltr' id='par_1_98' title="bbox 190 4710 1845 4788">
     <span class='ocr_line' id='line_1_98' title="bbox 190 4710 1845 4788; baseline -0.003 -17"><span class='ocrx_word' id='word_1_700' title='bbox 190 4715 319 4771; x_wconf 83' lang='grc' dir='ltr'>ἀλλ’</span> <span class='ocrx_word' id='word_1_701' title='bbox 370 4710 671 4788; x_wconf 84' lang='grc' dir='ltr'>ἐπιϐλέψας</span> <span class='ocrx_word' id='word_1_702' title='bbox 725 4710 971 4783; x_wconf 79' lang='grc' dir='ltr'>ἐλέησον,</span> <span class='ocrx_word' id='word_1_703' title='bbox 1002 4710 1095 4765; x_wconf 79' lang='grc' dir='ltr'>καὶ</span> <span class='ocrx_word' id='word_1_704' title='bbox 1121 4711 1224 4779; x_wconf 82' lang='grc' dir='ltr'>τήν</span> <span class='ocrx_word' id='word_1_705' title='bbox 1276 4711 1412 4765; x_wconf 84' lang='grc' dir='ltr'>κατὰ</span> <span class='ocrx_word' id='word_1_706' title='bbox 1467 4715 1576 4766; x_wconf 81' lang='grc' dir='ltr'>τῶν</span> <span class='ocrx_word' id='word_1_707' title='bbox 1631 4712 1845 4786; x_wconf 80' lang='grc' dir='ltr'>ἐχθρῶν</span> 
     </span>
    </p>
   </div>
   <div class='ocr_carea' id='block_1_99' title="bbox 189 4799 1841 4874">
    <p class='ocr_par' dir='ltr' id='par_1_99' title="bbox 189 4799 1841 4874">
     <span class='ocr_line' id='line_1_99' title="bbox 189 4799 1841 4874; baseline -0.001 -16"><span class='ocrx_word' id='word_1_708' title='bbox 189 4825 287 4858; x_wconf 86' lang='grc' dir='ltr'>σου</span> <span class='ocrx_word' id='word_1_709' title='bbox 318 4802 472 4873; x_wconf 89' lang='grc' dir='ltr'>νίκην</span> <span class='ocrx_word' id='word_1_710' title='bbox 529 4800 619 4864; x_wconf 86' lang='grc' dir='ltr'>δὸς</span> <span class='ocrx_word' id='word_1_711' title='bbox 665 4804 803 4874; x_wconf 78' lang='grc' dir='ltr'>ἡμῖν</span> <span class='ocrx_word' id='word_1_712' title='bbox 861 4799 1012 4862; x_wconf 86' lang='grc' dir='ltr'>ὅπως</span> <span class='ocrx_word' id='word_1_713' title='bbox 1074 4799 1152 4872; x_wconf 81' lang='grc' dir='ltr'>μή</span> <span class='ocrx_word' id='word_1_714' title='bbox 1219 4801 1593 4874; x_wconf 77' lang='grc' dir='ltr'>καυχήσονται</span> <span class='ocrx_word' id='word_1_715' title='bbox 1623 4801 1677 4855; x_wconf 76' lang='grc' dir='ltr'>οἱ</span> <span class='ocrx_word' id='word_1_716' title='bbox 1707 4799 1841 4856; x_wconf 77' lang='grc' dir='ltr'>ἁλὰ-</span> 
     </span>
    </p>
   </div>
   <div class='ocr_carea' id='block_1_100' title="bbox 191 4886 1838 4963">
    <p class='ocr_par' dir='ltr' id='par_1_100' title="bbox 191 4886 1838 4963">
     <span class='ocr_line' id='line_1_100' title="bbox 191 4886 1838 4963; baseline 0 -17"><span class='ocrx_word' id='word_1_717' title='bbox 191 4912 381 4954; x_wconf 88' lang='grc' dir='ltr'>στοσες</span> <span class='ocrx_word' id='word_1_718' title='bbox 430 4890 565 4946; x_wconf 83' lang='grc' dir='ltr'>κατὰ</span> <span class='ocrx_word' id='word_1_719' title='bbox 615 4897 716 4960; x_wconf 85' lang='grc' dir='ltr'>τῆς</span> <span class='ocrx_word' id='word_1_720' title='bbox 773 4895 874 4958; x_wconf 82' lang='grc' dir='ltr'>σῆς</span> <span class='ocrx_word' id='word_1_721' title='bbox 924 4886 1304 4963; x_wconf 85' lang='grc' dir='ltr'>κληρονομίας</span> <span class='ocrx_word' id='word_1_722' title='bbox 1358 4888 1707 4963; x_wconf 76' lang='grc' dir='ltr'>ἐπαράμενοι.</span> <span class='ocrx_word' id='word_1_723' title='bbox 1738 4893 1838 4949; x_wconf 76' lang='grc' dir='ltr'>’Όν</span> 
     </span>
    </p>
   </div>
   <div class='ocr_carea' id='block_1_101' title="bbox 188 4975 1839 5057">
    <p class='ocr_par' dir='ltr' id='par_1_101' title="bbox 188 4975 1839 5057">
     <span class='ocr_line' id='line_1_101' title="bbox 188 4975 1839 5057; baseline 0.001 -22"><span class='ocrx_word' id='word_1_724' title='bbox 188 4978 321 5036; x_wconf 86' lang='grc' dir='ltr'>ἰδὼν</span> <span class='ocrx_word' id='word_1_725' title='bbox 350 4978 621 5053; x_wconf 86' lang='grc' dir='ltr'>Γεώργιος</span> <span class='ocrx_word' id='word_1_726' title='bbox 646 4980 674 5034; x_wconf 88' lang='lat'>6</span> <span class='ocrx_word' id='word_1_727' title='bbox 708 4975 967 5047; x_wconf 86' lang='grc' dir='ltr'>ΙΙισσίδης</span> <span class='ocrx_word' id='word_1_728' title='bbox 1000 4979 1133 5050; x_wconf 87' lang='grc' dir='ltr'>μετὰ</span> <span class='ocrx_word' id='word_1_729' title='bbox 1161 4976 1421 5047; x_wconf 88' lang='grc' dir='ltr'>τοιαύτης</span> <span class='ocrx_word' id='word_1_730' title='bbox 1467 4980 1839 5057; x_wconf 80' lang='grc' dir='ltr'>ταπεινώσεως</span> 
     </span>
    </p>
   </div>
   <div class='ocr_carea' id='block_1_102' title="bbox 175 5063 1834 5146">
    <p class='ocr_par' dir='ltr' id='par_1_102' title="bbox 175 5063 1834 5146">
     <span class='ocr_line' id='line_1_102' title="bbox 175 5063 1834 5146; baseline -0.001 -19"><span class='ocrx_word' id='word_1_731' title='bbox 175 5071 308 5146; x_wconf 67' lang='grc' dir='ltr'>ἔφη’</span> <span class='ocrx_word' id='word_1_732' title='bbox 348 5076 415 5126; x_wconf 79' lang='grc' dir='ltr'><strong><em>Ὠ</em></strong></span> <span class='ocrx_word' id='word_1_733' title='bbox 448 5069 694 5146; x_wconf 78' lang='grc' dir='ltr'>βασιλεῦ,</span> <span class='ocrx_word' id='word_1_734' title='bbox 728 5065 1094 5145; x_wconf 71' lang='grc' dir='ltr'>μελεμϐαφες</span> <span class='ocrx_word' id='word_1_735' title='bbox 1144 5063 1371 5123; x_wconf 87' lang='grc' dir='ltr'>πέδιλον</span> <span class='ocrx_word' id='word_1_736' title='bbox 1431 5065 1634 5139; x_wconf 75' lang='grc' dir='ltr'>εἱλίξας</span> <span class='ocrx_word' id='word_1_737' title='bbox 1673 5067 1834 5140; x_wconf 87' lang='grc' dir='ltr'>πόδα,</span> 
     </span>
    </p>
   </div>
   <div class='ocr_carea' id='block_1_103' title="bbox 1953 4728 3595 4804">
    <p class='ocr_par' dir='ltr' id='par_1_103' title="bbox 1953 4728 3595 4804">
     <span class='ocr_line' id='line_1_103' title="bbox 1953 4728 3595 4804; baseline 0.001 -18"><span class='ocrx_word' id='word_1_738' title='bbox 1953 4731 2279 4804; x_wconf 89' lang='lat' dir='ltr'>glorientur</span> <span class='ocrx_word' id='word_1_739' title='bbox 2306 4728 2579 4783; x_wconf 89' lang='lat' dir='ltr'>scelerati</span> <span class='ocrx_word' id='word_1_740' title='bbox 2608 4734 2666 4783; x_wconf 91' lang='lat' dir='ltr'>et</span> <span class='ocrx_word' id='word_1_741' title='bbox 2720 4734 2835 4783; x_wconf 61' lang='lat' dir='ltr'>tua)</span> <span class='ocrx_word' id='word_1_742' title='bbox 2893 4728 3182 4785; x_wconf 89' lang='lat' dir='ltr'>insultent</span> <span class='ocrx_word' id='word_1_743' title='bbox 3239 4731 3595 4788; x_wconf 72' lang='lat' dir='ltr'>hmreditati.</span> 
     </span>
    </p>
   </div>
   <div class='ocr_carea' id='block_1_104' title="bbox 1954 4818 3598 4895">
    <p class='ocr_par' dir='ltr' id='par_1_104' title="bbox 1954 4818 3598 4895">
     <span class='ocr_line' id='line_1_104' title="bbox 1954 4818 3598 4895; baseline 0.001 -19"><span class='ocrx_word' id='word_1_744' title='bbox 1954 4823 2118 4876; x_wconf 86' lang='lat' dir='ltr'>Hunc</span> <span class='ocrx_word' id='word_1_745' title='bbox 2147 4821 2230 4875; x_wconf 88' lang='lat' dir='ltr'>ita</span> <span class='ocrx_word' id='word_1_746' title='bbox 2258 4819 2457 4875; x_wconf 78' lang='lat' dir='ltr'>animo</span> <span class='ocrx_word' id='word_1_747' title='bbox 2489 4818 2746 4873; x_wconf 88' lang='lat' dir='ltr'>demisso</span> <span class='ocrx_word' id='word_1_748' title='bbox 2786 4824 3050 4874; x_wconf 89' lang='lat' dir='ltr'>orantem</span> <span class='ocrx_word' id='word_1_749' title='bbox 3082 4819 3288 4876; x_wconf 89' lang='lat' dir='ltr'>videns</span> <span class='ocrx_word' id='word_1_750' title='bbox 3319 4821 3598 4895; x_wconf 87' lang='lat' dir='ltr'>Georgius</span> 
     </span>
    </p>
   </div>
   <div class='ocr_carea' id='block_1_105' title="bbox 1950 4908 2890 4966">
    <p class='ocr_par' dir='ltr' id='par_1_105' title="bbox 1950 4908 2890 4966">
     <span class='ocr_line' id='line_1_105' title="bbox 1950 4908 2890 4966; baseline -0.002 0"><span class='ocrx_word' id='word_1_751' title='bbox 1950 4911 2306 4966; x_wconf 89' lang='lat' dir='ltr'>Pissidensis</span> <span class='ocrx_word' id='word_1_752' title='bbox 2338 4908 2421 4963; x_wconf 88' lang='lat' dir='ltr'>ita</span> <span class='ocrx_word' id='word_1_753' title='bbox 2445 4908 2737 4963; x_wconf 90' lang='lat' dir='ltr'>allocutus</span> <span class='ocrx_word' id='word_1_754' title='bbox 2768 4913 2890 4964; x_wconf 89' lang='lat' dir='ltr'>est:</span> 
     </span>
    </p>
   </div>
   <div class='ocr_carea' id='block_1_106' title="bbox 2093 4997 3330 5070">
    <p class='ocr_par' dir='ltr' id='par_1_106' title="bbox 2093 4997 3330 5070">
     <span class='ocr_line' id='line_1_106' title="bbox 2093 4997 3330 5070; baseline 0 -16"><span class='ocrx_word' id='word_1_755' title='bbox 2093 4999 2324 5068; x_wconf 79' lang='lat' dir='ltr'>Nigrum</span> <span class='ocrx_word' id='word_1_756' title='bbox 2350 5000 2652 5070; x_wconf 67' lang='lat' dir='ltr'>imperator</span> <span class='ocrx_word' id='word_1_757' title='bbox 2678 5013 2826 5052; x_wconf 85' lang='lat' dir='ltr'>nunc</span> <span class='ocrx_word' id='word_1_758' title='bbox 2853 4997 3043 5052; x_wconf 83' lang='lat' dir='ltr'>indute</span> <span class='ocrx_word' id='word_1_759' title='bbox 3071 4999 3330 5066; x_wconf 87' lang='lat' dir='ltr'>calceum,</span> 
     </span>
    </p>
   </div>
   <div class='ocr_carea' id='block_1_107' title="bbox 2087 5068 3191 5138">
    <p class='ocr_par' dir='ltr' id='par_1_107' title="bbox 2087 5068 3191 5138">
     <span class='ocr_line' id='line_1_107' title="bbox 2087 5068 3191 5138; baseline -0.004 -12"><span class='ocrx_word' id='word_1_760' title='bbox 2087 5068 2437 5138; x_wconf 58' lang='grc' dir='ltr'>Βιώθῖαοὶεῇ</span> <span class='ocrx_word' id='word_1_761' title='bbox 2467 5068 2700 5124; x_wconf 82' lang='lat' dir='ltr'>tinctum</span> <span class='ocrx_word' id='word_1_762' title='bbox 2731 5085 2925 5124; x_wconf 77' lang='lat' dir='ltr'>cruore</span> <span class='ocrx_word' id='word_1_763' title='bbox 2954 5071 3191 5124; x_wconf 84' lang='lat' dir='ltr'>Persico.</span> 
     </span>
    </p>
   </div>
   <div class='ocr_carea' id='block_1_108' title="bbox 182 5153 1851 5238">
    <p class='ocr_par' dir='ltr' id='par_1_108' title="bbox 182 5153 1835 5238">
     <span class='ocr_line' id='line_1_108' title="bbox 182 5153 1835 5238; baseline -0.001 -22"><span class='ocrx_word' id='word_1_764' title='bbox 182 5162 387 5238; x_wconf 77' lang='grc' dir='ltr'>βάψαις</span> <span class='ocrx_word' id='word_1_765' title='bbox 446 5159 667 5235; x_wconf 82' lang='grc' dir='ltr'>ἐρυθρὸν</span> <span class='ocrx_word' id='word_1_766' title='bbox 735 5158 1012 5234; x_wconf 81' lang='grc' dir='ltr'>Περσικῶν</span> <span class='ocrx_word' id='word_1_767' title='bbox 1062 5155 1113 5229; x_wconf 82' lang='grc' dir='ltr'>ἐξ</span> <span class='ocrx_word' id='word_1_768' title='bbox 1193 5154 1463 5229; x_wconf 76' lang='grc' dir='ltr'>αἱμάτων.</span> <span class='ocrx_word' id='word_1_769' title='bbox 1534 5153 1730 5213; x_wconf 86' lang='grc' dir='ltr'>Λαϐὼν</span> <span class='ocrx_word' id='word_1_770' title='bbox 1778 5158 1835 5216; x_wconf 64' lang='grc' dir='ltr'>δὲ</span> 
     </span>
    </p>
   </div>
   <div class='ocr_carea' id='block_1_109' title="bbox 1962 5153 3591 5238">
    <p class='ocr_par' dir='ltr' id='par_1_109' title="bbox 1962 5156 3591 5229">
     <span class='ocr_line' id='line_1_109' title="bbox 1962 5156 3591 5229; baseline -0.002 -13"><span class='ocrx_word' id='word_1_771' title='bbox 1962 5160 2086 5216; x_wconf 77' lang='lat' dir='ltr'>Inde</span> <span class='ocrx_word' id='word_1_772' title='bbox 2118 5158 2422 5215; x_wconf 87' lang='lat' dir='ltr'>Heraclius</span> <span class='ocrx_word' id='word_1_773' title='bbox 2454 5158 2514 5212; x_wconf 92' lang='lat' dir='ltr'>in</span> <span class='ocrx_word' id='word_1_774' title='bbox 2559 5174 2772 5213; x_wconf 91' lang='lat' dir='ltr'>manus</span> <span class='ocrx_word' id='word_1_775' title='bbox 2803 5160 3038 5229; x_wconf 88' lang='lat' dir='ltr'>sumpta</span> <span class='ocrx_word' id='word_1_776' title='bbox 3065 5156 3279 5214; x_wconf 89' lang='lat' dir='ltr'>Christi</span> <span class='ocrx_word' id='word_1_777' title='bbox 3308 5157 3591 5229; x_wconf 86' lang='lat' dir='ltr'>imagine,</span> 
     </span>
    </p>
   </div>
   <div class='ocr_carea' id='block_1_110' title="bbox 254 5278 715 5337">
    <p class='ocr_par' dir='ltr' id='par_1_110' title="bbox 254 5278 715 5337">
     <span class='ocr_line' id='line_1_110' title="bbox 254 5278 715 5337; baseline -0.013 1"><span class='ocrx_word' id='word_1_778' title='bbox 254 5281 301 5319; x_wconf 76' lang='grc'>³³</span> <span class='ocrx_word' id='word_1_779' title='bbox 330 5284 442 5337; x_wconf 89' lang='lat' dir='ltr'>Isa.</span> <span class='ocrx_word' id='word_1_780' title='bbox 478 5295 596 5334; x_wconf 83' lang='lat' dir='ltr'>xxu</span> <span class='ocrx_word' id='word_1_781' title='bbox 630 5278 715 5333; x_wconf 82' lang='grc'>16.</span> 
     </span>
    </p>
   </div>
   <div class='ocr_carea' id='block_1_111' title="bbox 1386 5400 2380 5459">
    <p class='ocr_par' dir='ltr' id='par_1_111' title="bbox 1386 5400 2380 5459">
     <span class='ocr_line' id='line_1_111' title="bbox 1386 5400 2380 5459; baseline 0 -3"><span class='ocrx_word' id='word_1_782' title='bbox 1386 5402 1747 5459; x_wconf 84' lang='lat' dir='ltr'>XYLANDRI</span> <span class='ocrx_word' id='word_1_783' title='bbox 1785 5402 1871 5458; x_wconf 88' lang='lat' dir='ltr'>ET</span> <span class='ocrx_word' id='word_1_784' title='bbox 1911 5400 2121 5459; x_wconf 83' lang='lat' dir='ltr'><strong>GOARI</strong></span> <span class='ocrx_word' id='word_1_785' title='bbox 2157 5401 2380 5456; x_wconf 69' lang='lat' dir='ltr'>NOTAE.</span> 
     </span>
    </p>
   </div>
   <div class='ocr_carea' id='block_1_112' title="bbox 247 5518 1615 5600">
    <p class='ocr_par' dir='ltr' id='par_1_112' title="bbox 247 5518 1615 5600">
     <span class='ocr_line' id='line_1_112' title="bbox 247 5518 1615 5600; baseline -0.003 -24"><span class='ocrx_word' id='word_1_786' title='bbox 247 5523 359 5600; x_wconf 46' lang='lat' dir='ltr'>(ﬁt?)</span> <span class='ocrx_word' id='word_1_787' title='bbox 390 5522 578 5600; x_wconf 55' lang='lat' dir='ltr'>Locus</span> <span class='ocrx_word' id='word_1_788' title='bbox 608 5519 870 5600; x_wconf 79' lang='lat' dir='ltr'>mutibus</span> <span class='ocrx_word' id='word_1_789' title='bbox 899 5525 959 5572; x_wconf 80' lang='lat' dir='ltr'>et</span> <span class='ocrx_word' id='word_1_790' title='bbox 982 5518 1246 5600; x_wconf 84' lang='lat' dir='ltr'>di_vitoris</span> <span class='ocrx_word' id='word_1_791' title='bbox 1276 5520 1615 5600; x_wconf 50' lang='lat' dir='ltr'>egens.Xv&#39;r_..</span> 
     </span>
    </p>
   </div>
   <div class='ocr_carea' id='block_1_113' title="bbox 248 5586 1826 5674">
    <p class='ocr_par' dir='ltr' id='par_1_113' title="bbox 248 5586 1826 5674">
     <span class='ocr_line' id='line_1_113' title="bbox 248 5586 1826 5674; baseline -0.005 -26"><span class='ocrx_word' id='word_1_792' title='bbox 248 5586 372 5674; x_wconf 48' lang='grc'>(37),</span> <span class='ocrx_word' id='word_1_793' title='bbox 398 5591 713 5674; x_wconf 51' lang='lat' dir='ltr'>Librarius</span> <span class='ocrx_word' id='word_1_794' title='bbox 758 5590 819 5674; x_wconf 71' lang='lat' dir='ltr'>in</span> <span class='ocrx_word' id='word_1_795' title='bbox 870 5591 1133 5674; x_wconf 71' lang='lat' dir='ltr'>margine</span> <span class='ocrx_word' id='word_1_796' title='bbox 1189 5586 1500 5674; x_wconf 70' lang='lat' dir='ltr'>ascripsit:</span> <span class='ocrx_word' id='word_1_797' title='bbox 1553 5586 1826 5674; x_wconf 67' lang='grc' dir='ltr'>Ζητητέον</span> 
     </span>
    </p>
   </div>
   <div class='ocr_carea' id='block_1_114' title="bbox 170 5656 1828 5742">
    <p class='ocr_par' dir='ltr' id='par_1_114' title="bbox 170 5656 1828 5742">
     <span class='ocr_line' id='line_1_114' title="bbox 170 5656 1828 5742; baseline -0.004 -21"><span class='ocrx_word' id='word_1_798' title='bbox 170 5656 280 5742; x_wconf 68' lang='grc' dir='ltr'>ἕως</span> <span class='ocrx_word' id='word_1_799' title='bbox 302 5656 572 5742; x_wconf 38' lang='grc' dir='ltr'>π’ότεμὸτι</span> <span class='ocrx_word' id='word_1_800' title='bbox 598 5656 725 5717; x_wconf 70' lang='grc' dir='ltr'>ούδὶ</span> <span class='ocrx_word' id='word_1_801' title='bbox 755 5659 831 5723; x_wconf 81' lang='grc' dir='ltr'>εἰς</span> <span class='ocrx_word' id='word_1_802' title='bbox 865 5659 929 5716; x_wconf 87' lang='grc' dir='ltr'>τὸ</span> <span class='ocrx_word' id='word_1_803' title='bbox 986 5656 1303 5742; x_wconf 69' lang='grc' dir='ltr'>ἇῖντίγραφον</span> <span class='ocrx_word' id='word_1_804' title='bbox 1345 5656 1538 5717; x_wconf 70' lang='grc' dir='ltr'>’ἔκειτο</span> <span class='ocrx_word' id='word_1_805' title='bbox 1594 5656 1647 5715; x_wconf 76' lang='grc' dir='ltr'>τι</span> <span class='ocrx_word' id='word_1_806' title='bbox 1689 5656 1828 5735; x_wconf 73' lang='grc' dir='ltr'>περὶ</span> 
     </span>
    </p>
   </div>
   <div class='ocr_carea' id='block_1_115' title="bbox 170 5735 589 5795">
    <p class='ocr_par' dir='ltr' id='par_1_115' title="bbox 170 5735 589 5795">
     <span class='ocr_line' id='line_1_115' title="bbox 170 5735 589 5795; baseline -0.012 0"><span class='ocrx_word' id='word_1_807' title='bbox 170 5735 397 5795; x_wconf 86' lang='grc' dir='ltr'>τούτου.</span> <span class='ocrx_word' id='word_1_808' title='bbox 448 5735 589 5791; x_wconf 72' lang='grc' dir='ltr'>ΧΠ..</span> 
     </span>
    </p>
   </div>
   <div class='ocr_carea' id='block_1_116' title="bbox 2004 5515 3583 5593">
    <p class='ocr_par' dir='ltr' id='par_1_116' title="bbox 2004 5515 3583 5593">
     <span class='ocr_line' id='line_1_116' title="bbox 2004 5515 3583 5593; baseline 0.001 -22"><span class='ocrx_word' id='word_1_809' title='bbox 2004 5516 2116 5588; x_wconf 87' lang='grc'>(38)</span> <span class='ocrx_word' id='word_1_810' title='bbox 2148 5515 2371 5593; x_wconf 89' lang='lat' dir='ltr'>Sic_est</span> <span class='ocrx_word' id='word_1_811' title='bbox 2418 5522 2513 5593; x_wconf 84' lang='lat' dir='ltr'>_et_</span> <span class='ocrx_word' id='word_1_812' title='bbox 2542 5515 2700 5587; x_wconf 87' lang='lat' dir='ltr'>apud</span> <span class='ocrx_word' id='word_1_813' title='bbox 2756 5518 3081 5593; x_wconf 40' lang='lat' dir='ltr'>Znonaram;</span> <span class='ocrx_word' id='word_1_814' title='bbox 3142 5520 3201 5570; x_wconf 91' lang='lat' dir='ltr'>et</span> <span class='ocrx_word' id='word_1_815' title='bbox 3252 5517 3314 5571; x_wconf 90' lang='lat' dir='ltr'>in</span> <span class='ocrx_word' id='word_1_816' title='bbox 3361 5520 3583 5593; x_wconf 86' lang='lat' dir='ltr'>margi-</span> 
     </span>
    </p>
   </div>
   <div class='ocr_carea' id='block_1_117' title="bbox 1936 5584 3584 5718">
    <p class='ocr_par' dir='ltr' id='par_1_117' title="bbox 1936 5584 3584 5718">
     <span class='ocr_line' id='line_1_117' title="bbox 1936 5584 3584 5718; baseline 0.002 -75"><span class='ocrx_word' id='word_1_817' title='bbox 1936 5584 2020 5718; x_wconf 50' lang='grc' dir='ltr'>[ἐξ</span> <span class='ocrx_word' id='word_1_818' title='bbox 2080 5584 2266 5717; x_wconf 59' lang='lat' dir='ltr'>no§tri</span> <span class='ocrx_word' id='word_1_819' title='bbox 2326 5587 2549 5643; x_wconf 87' lang='lat' dir='ltr'>codicis</span> <span class='ocrx_word' id='word_1_820' title='bbox 2580 5584 2713 5659; x_wconf 44' lang='lat' dir='ltr'>_pro</span> <span class='ocrx_word' id='word_1_821' title='bbox 2769 5584 2987 5658; x_wconf 83' lang='grc' dir='ltr'>Βονόσῳ</span> <span class='ocrx_word' id='word_1_822' title='bbox 3052 5594 3180 5643; x_wconf 90' lang='lat' dir='ltr'>erat</span> <span class='ocrx_word' id='word_1_823' title='bbox 3234 5584 3584 5646; x_wconf 72' lang='lat' dir='ltr'>annotatﬁm</span> 
     </span>
     <span class='ocr_line' id='line_1_118' title="bbox 2016 5675 2282 5718; baseline 0.011 -4"><span class='ocrx_word' id='word_1_824' title='bbox 2016 5681 2116 5718; x_wconf 81' lang='grc' dir='ltr'>νω.</span> <span class='ocrx_word' id='word_1_825' title='bbox 2195 5675 2282 5716; x_wconf 75' lang='grc' dir='ltr'>η.</span> 
     </span>
    </p>
   </div>
   <div class='ocr_carea' id='block_1_118' title="bbox 2016 5675 2282 5734">
    <p class='ocr_par' dir='ltr' id='par_1_118' title="bbox 2016 5675 2282 5734">
     <span class='ocr_line' id='line_1_119' title="bbox 2016 5675 2282 5734; baseline -0.011 -20"><span class='ocrx_word' id='word_1_826' title='bbox 2016 5681 2116 5734; x_wconf 83' lang='grc' dir='ltr'>νῳ.</span> <span class='ocrx_word' id='word_1_827' title='bbox 2148 5675 2282 5717; x_wconf 66' lang='grc' dir='ltr'>λη.</span> 
     </span>
    </p>
   </div>
  </div>
