4108 6300
496 330 617 391 787
1859 321 2178 385 GEORGII
2223 323 2368 383 ί]Εο
2380 323 2422 382 R
2435 321 2570 384 ENI
3739 332 3821 392 ἠε

503 479 685 537 quam
703 462 830 519 sine
845 474 1132 517 manuum
1149 475 1332 533 opera
1352 460 1610 516 efﬁctam
1638 473 1817 531 supra
1839 456 2147 514 retulimus

2273 453 2407 529 μετὰ
2435 458 2625 531 χεῖρας
2670 456 2770 525 τήν
2818 453 3137 532 θεανδρικὴν
3195 451 3610 534 ἀχειροποίητον
3661 463 3821 539 μορφὴν

504 553 796 611 Euxinum
832 567 994 607 mare
1025 550 1308 607 adversus
1340 552 1548 605 Persas
1602 548 1909 621 navigavit,
1969 548 2147 602 ascis-

2255 548 2353 600 τοῦ
2402 546 2605 619 Κυρίου
2662 545 2749 600 καὶ
2810 551 2943 601 Θεοῦ
3005 549 3185 621 ἡμῶν,
3243 546 3381 602 κατά
3437 551 3636 623 Περσῶν
3684 548 3821 627 ἐστρᾶ-

504 658 646 698 cens
674 644 997 697 Turcorum
1038 647 1096 697 et
1152 639 1405 696 aliarum
1464 639 1773 694 nationum
1834 636 2147 692 auxiliares

2255 658 2407 693 τευσε
2439 638 2571 712 μετᾶ
2624 637 2836 694 πλοίων
2891 638 2981 695 διὰ
3026 645 3122 696 τοῦ
3171 641 3426 711 Εὐξείνου
3480 641 3676 712 πόντου,
3701 665 3819 710 προσ-

504 731 724 804 copias.
759 736 826 786 In
856 730 1069 786 itinere
1119 747 1191 784 ex
1238 728 1521 784 Romanis
1577 726 1895 800 provinciis
1952 724 2152 796 copias

504 820 820 886 contraxit,
852 836 1003 874 novo
1037 820 1217 875 etiam
1268 818 1486 888 scripto
1535 817 1818 872 exercitu.
1881 817 2047 871 Hunc
2078 812 2152 867 ad

503 927 764 985 pugnam
791 910 1073 977 exercuit,
1099 909 1160 963 in
1192 908 1337 963 duas
1355 907 1608 962 divisum
1639 906 1815 969 acies,
1846 904 2152 960 mandato-

504 1018 620 1077 que
645 1006 710 1055 ut
726 1000 1038 1055 incruento
1052 997 1558 1071 congrederentur
1573 996 1799 1067 praalio,
1825 995 2149 1050 clamorem

505 1091 826 1147 militarem
859 1105 926 1145 ac
956 1104 1193 1161 paeanas
1224 1092 1283 1143 et
1312 1087 1626 1159 strepitum
1653 1084 1935 1151 ederent;
1961 1099 2151 1154 eoque

506 1179 740 1237 animos
762 1195 967 1234 eorum
999 1177 1289 1245 excitavit,
1308 1181 1374 1231 ut
1388 1193 1462 1231 ne
1496 1192 1706 1248 pugnae
1737 1180 2004 1245 tempore
2026 1188 2151 1228 rem

506 1269 867 1325 insolentem
897 1267 1402 1335 exhorrescerent,
1425 1264 1529 1320 sed
1560 1265 1760 1319 hostes
1790 1262 2073 1319 audacter
2097 1266 2157 1317 et

508 1359 677 1431 quasi
705 1357 911 1413 ludum
943 1362 1186 1429 agentes
1214 1354 1693 1428 aggrederentur.
1725 1355 1856 1425 Ipse
1875 1368 2154 1407 veneran-

507 1446 644 1503 dam
664 1446 831 1502 illam
844 1445 1060 1503 Christi
1078 1444 1398 1517 imaginem
1422 1442 1699 1499 manibus
1718 1448 1929 1497 tenens
1960 1446 2153 1496 certa-

505 1535 671 1592 mina
699 1535 978 1607 princeps
1031 1533 1252 1601 obibat,
1295 1532 1409 1587 ﬁde
1441 1531 1579 1586 data
1615 1529 1985 1586 multitudini
2016 1544 2155 1601 pro-

505 1625 750 1681 mittens
781 1640 843 1679 se
873 1622 1018 1694 ipsis
1048 1620 1122 1678 ad
1169 1625 1419 1675 mortem
1444 1636 1635 1690 usque
1664 1619 1726 1673 in
1758 1634 1955 1690 pugna
1983 1616 2153 1673 adfu-

502 1719 953 1784 turum,eosque
973 1712 1163 1767 instar
1184 1710 1506 1766 liberorum
1526 1713 1849 1765 tutatuium
1875 1725 1887 1761 :
1920 1705 2153 1761 volebat

504 1803 667 1861 enim
698 1801 1016 1873 imperium
1045 1800 1241 1872 potius
1264 1799 1458 1855 favore
1481 1815 1660 1871 quam
1699 1802 1863 1853 metu
1907 1812 2147 1851 suorum
2183 1833 2230 1898 Β

506 1891 780 1951 stabiliri.
812 1892 956 1946 Cum
988 1894 1185 1945 autem
1217 1889 1278 1944 in
1326 1889 1589 1944 exercitu
1621 1888 1911 1960 reperiret
1953 1886 2155 1941 omnia

506 1987 720 2047 metus,
740 1978 1184 2035 dissensionum
1205 1979 1692 2050 confusionisque
1710 1977 1911 2049 plena,
1936 1993 2070 2032 eum
2091 1976 2153 2031 in

504 2070 725 2126 multas
753 2074 890 2126 ante
918 2074 1118 2141 partes
1147 2067 1501 2140 dissipatum
1532 2066 1885 2139 compendio
1921 2066 2072 2121 720
2093 2066 2155 2119 in

503 2175 692 2217 unum
723 2157 980 2231 collegit,
1014 2157 1413 2228 correctisque
1465 2156 1719 2211 militum
1752 2155 1968 2211 animis
2000 2155 2155 2209 {idu-

507 2249 664 2305 ciam
687 2247 871 2315 auxit,
886 2251 943 2301 et
964 2246 1026 2300 in
1057 2245 1346 2300 Barbaros
1364 2245 1771 2313 inflammavit,
1806 2246 2075 2299 hortatus
2091 2249 2157 2300 ut

502 2336 799 2409 injustitia
819 2335 1130 2407 repudiata
1148 2337 1430 2407 pietatem
1461 2336 1743 2391 colerent.
1771 2337 1843 2391 Ut
1858 2335 2153 2390 Armenia)

504 2428 658 2484 ﬁnes
688 2425 947 2494 intravit,
1012 2441 1324 2481 occurrere
1382 2424 1494 2480 sibi
1543 2424 1839 2480 intellexit
1894 2430 2152 2480 turmam

507 2516 777 2588 equitum
825 2515 1163 2581 Persarum,
1223 2513 1437 2585 quibus
1494 2514 1729 2569 animus
1778 2519 1903 2569 erat
1960 2514 2153 2569 subito

506 2605 703 2678 ipsum
734 2602 975 2660 adoriri.
1033 2603 1145 2657 Sed
1177 2602 1423 2658 Romani
1457 2603 1557 2674 qui
1624 2604 1685 2658 in
1736 2603 1929 2675 primo
1987 2608 2157 2659 erant

508 2692 766 2764 agmine,
797 2707 931 2747 cum
963 2690 1026 2745 in
1057 2690 1164 2745 hos
1193 2689 1565 2757 incidissent,
1598 2691 1801 2746 multis
1846 2690 2015 2746 censis
2047 2691 2152 2746 du-

505 2798 636 2838 cem
668 2797 875 2838 eorum
912 2781 1174 2836 vinctum
1232 2778 1304 2835 ad
1364 2779 1700 2835 Heraclium
1758 2779 2150 2835 adduxerunt.

503 2872 819 2944 Ingruente
865 2869 1060 2925 hieme
1116 2869 1178 2923 in
1227 2868 1537 2924 Ponticam
1592 2869 1893 2941 regionem
1952 2867 2155 2924 deﬁxit

505 2959 843 3026 Heraclius;
886 2974 1141 3030 cumque
1191 2974 1328 3013 eum
1378 2957 1458 3012 ibi
1516 2957 1917 3013 hiematurum
1957 2960 2151 3014 Persa:

502 3049 913 3122 Opinarentur,
933 3047 1247 3119 clamipsis
1264 3063 1534 3102 reversus
1552 3046 1613 3101 in
1637 3047 1940 3103 Persidem
1956 3048 2149 3116 irruit,

503 3139 623 3194 Hoc
660 3137 932 3193 auditum
981 3135 1374 3192 Barbarorum
1421 3136 1654 3191 animos
1684 3136 1919 3209 dejecit.
1948 3139 2020 3190 Et
2047 3154 2146 3192 eo-

498 3243 635 3283 rum
660 3226 888 3294 ductor,
914 3242 1049 3281 cum
1074 3227 1476 3281 Romanorum
1498 3226 1951 3281 avertendorum
1968 3244 2148 3282 causa

498 3315 562 3370 in
587 3315 855 3370 Ciliciam
884 3312 1166 3380 duxisset,
1188 3313 1368 3368 rebus
1402 3314 1525 3368 suis
1567 3320 1861 3378 metuens,
1902 3332 2144 3370 necesse

497 3403 709 3460 habuit
767 3402 1064 3458 Romanos
1093 3419 1127 3457 a
1156 3407 1317 3473 tergo
1367 3402 1670 3473 subsequi.
1730 3404 1993 3474 Cumque
2026 3410 2145 3460 sta-

499 3494 713 3549 tuisset
739 3497 913 3548 nocte
944 3491 1201 3563 quadam
1234 3492 1487 3546 obscura
1532 3491 1738 3547 furtim
1786 3492 1986 3547 hostes
2039 3493 2146 3547 lai-

496 3583 660 3650 dere,
691 3582 907 3639 accidit
941 3581 1092 3637 forte
1149 3587 1215 3637 ut
1242 3580 1387 3636 luna
1442 3596 1511 3636 ea
1566 3585 1740 3636 nocte
1798 3588 2142 3655 emergeret,

494 3673 695 3744 itaque
728 3675 1027 3729 Romanos
1055 3671 1291 3744 aggredi
1325 3687 1444 3725 non
1475 3686 1652 3725 ausus
1692 3676 1926 3726 montes
1966 3688 2142 3726 occu-

496 3768 630 3834 pat;
663 3767 840 3832 atque
872 3762 1007 3817 inde
1056 3761 1336 3831 degresus
1364 3759 1516 3815 levia
1570 3760 1889 3814 committit
1942 3760 2147 3831 praelia

499 3854 562 3908 in
593 3854 810 3925 quibus
840 3852 1118 3907 omnibus
1151 3853 1411 3907 Romana
1431 3868 1528 3906 res
1557 3850 1669 3906 fuit
1699 3851 1987 3922 superior.
2010 3851 2145 3906 Ani-

500 3959 631 3998 mos
660 3941 944 3998 exercitui
976 3941 1142 3996 auxit
1170 3940 1549 4012 imperatoris
1579 3940 1873 4008 alacritas,
1907 3941 2008 4012 qui
2040 3957 2142 3995 au-

503 4031 705 4087 dacter
733 4031 795 4086 in
826 4030 1078 4102 primam
1117 4031 1307 4086 aciem
1357 4030 1704 4102 prosiliebet
1758 4047 1826 4085 ac
1856 4046 1961 4101 pro
2022 4030 2144 4085 suis

497 4119 922 4193 prapugnabat.
948 4120 1113 4174 Justa
1137 4117 1351 4175 deinde
1376 4123 1652 4174 concerta
1679 4136 1876 4191 pugna
1896 4120 2144 4175 victores

494 4210 746 4265 Romani
774 4208 1079 4264 Persicum
1141 4209 1465 4263 exercitum
1520 4207 1878 4277 deleverunt,
1915 4215 2144 4265 tantum

493 4299 699 4369 paucis
751 4296 1107 4368 quibusdam
1140 4297 1275 4368 fuga
1306 4297 1543 4368 elapsis,
1583 4296 1980 4367 omnibusque
2037 4299 2143 4353 ho-

495 4390 673 4445 stium
705 4389 1151 4461 impedimentis
1180 4389 1349 4458 potiti
1380 4394 1540 4444 sunt.
1590 4389 1673 4444 Ob
1708 4390 1844 4445 haec
1892 4392 2139 4447 Romani

498 4481 614 4531 Deo
647 4482 706 4531 et
733 4476 1076 4548 imperatori
1105 4477 1323 4548 gratias
1346 4483 1609 4548 egerunt.
1644 4480 1932 4534 Craterum
1964 4482 2140 4535 Hera-

2259 721 2563 802 λαϐόμενος
2595 728 2671 790 εἰς
2713 729 3031 805 συμμαχίαν
3090 729 3278 801 πλήθη
3339 732 3581 806 Τούρκων
3632 735 3721 807 (39)
3760 736 3821 789 καὶ

2259 814 2445 870 ἄλλων
2493 814 2684 873 ἐθνῶν.
2744 818 2984 887 Ἀπάρας
3037 818 3215 875 τοίνυν
3276 826 3376 888 τῆς
3425 818 3682 894 βασιλίδος
3728 825 3820 897 πρὸς

2259 901 2491 977 Περσίδα
2520 911 2719 984 χωρεῖ,
2750 907 2841 961 καὶ
2873 904 2963 963 διὰ
3015 913 3125 962 τῶν
3158 910 3479 982 Ῥωμαῖκῶν
3510 910 3725 982 θεμάτων
3746 917 3823 985 (40)

2259 989 2616 1067 διερχόμενος
2646 992 2892 1071 συνέλεγε
2933 993 3288 1071 στρατόπεδα,
3346 998 3641 1072 προστιθεὶς
3688 1001 3824 1062 acroi:

2259 1083 2349 1137 καὶ
2380 1083 2493 1138 νέον
2553 1085 2801 1160 στρατὸν,
2861 1085 2954 1148 οὓς
3009 1087 3098 1141 καὶ
3156 1087 3443 1161 γυμνάζων
3503 1089 3567 1142 τὰ
3613 1086 3826 1163 πολεμικᾶ

2259 1167 2389 1248 ἔργα
2417 1171 2775 1242 ὶξεπαίδευσε.
2830 1181 2979 1251 Λιχῆ
3036 1176 3139 1252 γὰρ
3204 1173 3402 1231 διελὼν
3458 1177 3548 1239 τὰς
3576 1180 3825 1253 παρατάξεις

2264 1260 2357 1314 σὺν
2410 1264 2516 1337 βοῇ
2574 1264 2710 1337 πρὸς
2768 1263 3053 1336 ἀλλήλους
3110 1266 3382 1340 ἀναιμωτί
3438 1272 3602 1322 ποιεῖν
3650 1266 3824 1336 ἐκέλευε,

2261 1353 2576 1428 κραυγάζειν
2635 1354 2699 1409 τὸ
2756 1352 3059 1429 πολεμικὸν
3115 1356 3204 1411 καὶ
3258 1361 3486 1418 παιᾶνας
3536 1357 3619 1412 καὶ
3669 1356 3823 1413 ἀλαλα-

2260 1442 2424 1516 γμόν.
2459 1443 2562 1498 Καὶ
2594 1439 2856 1519 διέγερσιν
2888 1440 3034 1521 ἔχειν
3083 1446 3312 1507 τούτους
3370 1442 3646 1515 ἐδίδασκεν,
3671 1447 3741 1500 ἳνα
3762 1443 3825 1500 κᾶν

2262 1530 2316 1586 έν
2344 1528 2578 1605 πολέμῳ
2635 1531 3009 1605 εὐρίσκωνται,
3066 1534 3140 1607 μὴ
3202 1534 3533 1605 ξενίζωνται,
3584 1533 3712 1591 ἀλλά
3733 1535 3821 1609 Bap-

2262 1620 2473 1694 ῥοῦντες
2518 1620 2596 1683 ὡς
2652 1621 2728 1684 εἷς
2784 1622 3031 1699 παίγνιον
3085 1624 3221 1678 κατά
3275 1628 3383 1679 τῶν
3432 1628 3633 1698 Περσῶν
3682 1628 3824 1698 χωρῶ-

2263 1729 2369 1767 σιν.
2399 1711 2463 1765 Ὀ
2494 1705 2549 1764 δὲ
2584 1709 2838 1783 βασιλεὺς
2866 1712 2966 1778 τὴν
3019 1705 3315 1784 σεϐασμίαν
3363 1712 3534 1767 εἰκόνα
3583 1718 3670 1782 τῆς
3715 1712 3822 1765 0m-

2262 1795 2454 1872 δρικῆς
2513 1806 2730 1877 μορφῆς
2805 1803 2901 1854 τοῦ
2963 1801 3165 1874 Κυρίου
3222 1804 3384 1874 ἡμῶν
3433 1804 3603 1871 Ἰησοῦ
3648 1802 3823 1876 Χριστοῦ

2261 1887 2312 1944 έν
2345 1893 2464 1950 ταῖς
2498 1887 2654 1964 χερσὶ
2685 1890 2928 1964 κατέχων
2979 1889 3259 1964 ἀπήρξατο
3307 1894 3413 1946 τῶν
3464 1891 3681 1967 ἀγώνων,
3705 1889 3823 1944 πιστὰ

2260 1975 2385 2040 δοὺς
2416 1983 2495 2050 τῷ
2526 1975 2646 2049 λαῷ
2673 1978 2748 2038 ὠς
2778 1976 2869 2032 σὺν
2920 1977 3105 2041 αὐτοῖς
3141 1978 3311 2055 μέχρι
3370 1981 3584 2034 θανάτου
3627 1979 3822 2053 ἆγωνίσε-

2450 2067 2465 2086 ‘
2513 2066 2529 2087 ί
2668 2065 2677 2084 Ι
2867 2066 2883 2120 ἰ
2948 2073 2973 2083 υ
3139 2068 3152 2087 Ι
3607 2088 3625 2100 ρ
3653 2088 3662 2099 .
3791 2063 3802 2082 1

2258 2086 2347 2122 ται
2377 2087 2466 2121 και
2498 2087 2572 2128 ως
2618 2087 2777 2121 τεκνα
2832 2087 2860 2121 ο
2888 2087 3006 2123 κεια
3061 2089 3289 2130 τουτους
3347 2066 3645 2141 περιθάλψει
3710 2060 3823 2121 ἐϐου-

2261 2153 2386 2210 λετο
2412 2155 2516 2229 γὰρ
2547 2156 2646 2225 τήν
2698 2155 2937 2226 ἐξουσίαν
2990 2155 3052 2211 οὐ
3110 2152 3289 2236 φόϐῳ,
3341 2157 3463 2213 ὅσον
3514 2160 3593 2231 [Ρ.
3642 2157 3743 2227 Hi]
3785 2153 3822 2207 ἐν

2257 2242 2412 2316 πόθῳ
2455 2237 2622 2323 ἔχειν.
2676 2245 2866 2320 Εὐρὼν
2899 2241 2958 2301 δὲ
3002 2246 3096 2300 τὸν
3138 2246 3366 2320 στρατὸν
3426 2245 3496 2307 εἶς
3525 2240 3671 2320 φόϐον
3693 2238 3818 2298 πολὺν

2257 2332 2346 2387 καὶ
2408 2330 2686 2406 διχόνοιαν
2766 2333 2980 2405 ἀταξίαν
3036 2355 3094 2389 τε
3150 2334 3240 2389 καὶ
3301 2334 3558 2409 ἀκοσμίαν
3587 2378 3600 2404 ,
3652 2332 3723 2387 καὶ
3766 2329 3818 2389 είς

2258 2421 2445 2479 πολλᾶ
2477 2425 2615 2497 μέρη
2680 2420 3091 2498 διεσπαρμένον,
3151 2423 3436 2498 ὐυντόμως
3486 2443 3662 2483 παντας
3700 2416 3814 2482 είςὲν

2260 2514 2547 2588 συνήγαγε,
2577 2513 2665 2567 καὶ
2696 2515 3023 2584 νουθετήσας
3052 2513 3242 2569 πολλὰ
3272 2514 3475 2569 τούτων
3526 2513 3581 2567 τὸ
3629 2510 3812 2588 φρόνημα

2258 2599 2514 2671 ἀνέστησε
2542 2601 2632 2655 καὶ
2688 2602 2827 2657 κατά
2875 2605 2982 2657 τῶν
3054 2599 3356 2679 Βαρϐάρων
3413 2601 3619 2658 ὥπλισε.
3658 2617 3810 2673 παραγ·

2256 2688 2444 2763 γείλας
2474 2686 2685 2753 ἀδικίας
2734 2689 2831 2762 μὲν
2890 2686 3208 2765 ἀπέχεσθαι,
3271 2685 3534 2751 εὐσεϐείας
3580 2687 3626 2743 δὲ
3647 2685 3803 2759 ἀντέχε-

2260 2780 2397 2832 σθαι.
2436 2776 2874 2855 Παραγενόμενος
2930 2776 2989 2833 δέ
3017 2777 3069 2833 ἐν
3120 2783 3236 2841 τοῖς
3311 2778 3493 2855 μέρεσι
3539 2784 3617 2847 τῆς
3659 2778 3798 2845 Ἀρμε-

2258 2866 2374 2929 νίας
2441 2868 2768 2946 προαρέχειν
2825 2865 3038 2937 πλῆθος
3096 2867 3310 2922 ἱππέων
3372 2871 3609 2943 Περσικῶν
3646 2860 3786 2931 ἤκουσε

2256 2957 2395 3030 πρὸς
2424 2961 2502 3029 τῷ
2531 2955 2804 3011 ἐπιπεσεῖν
2849 2953 2996 3034 ἄφνω
3051 2961 3133 3028 τῷ
3193 2956 3421 3031 βασιλεῖ
3474 2953 3709 3028 Ῥωμαίων.
3743 2947 3795 3004 Οἳ

2258 3044 2318 3101 δὲ
2371 3046 2772 3125 προτρέχοντες
2830 3045 2997 3100 πάλιν
3057 3051 3337 3119 Ῥωμαῖοι
3392 3046 3588 3106 τούτοις
3614 3037 3800 3105 συναντή-

2260 3155 2440 3196 σαντες
2497 3134 2588 3190 τόν
2647 3156 2705 3190 τε
2752 3135 3048 3208 στρατηγὸν
3108 3134 3287 3189 αὐτῶν
3350 3133 3611 3209 δεσμώτην
3657 3126 3804 3201 ἤγαγον

2258 3226 2395 3301 πρὸς
2427 3223 2746 3300 Ἡράκλειον
2799 3224 2890 3280 καὶ
2948 3222 3196 3287 πολλοὺς
3243 3226 3426 3281 αὐτῶν
3480 3222 3681 3280 ἀνεῖλον.
3706 3213 3808 3273 Ἐπεὶ

2251 3312 2309 3370 δὲ
2365 3313 2581 3390 χειμὼν
2640 3310 2957 3380 κατέλαϐεν,
3007 3312 3307 3378 ἀποκλίνας
3364 3317 3392 3370 ὁ
3445 3311 3665 3390 βασιλεὺς
3717 3303 3812 3379 πρὸς

2247 3405 2310 3458 τὸ
2337 3408 2434 3459 τοῦ
2465 3403 2670 3459 Πόντου
2691 3401 2868 3476 κλίμα
2897 3399 3044 3472 ἔδοξε
3101 3408 3220 3466 τοῖς
3282 3399 3572 3480 Βαρϐάροις
3620 3397 3662 3453 ἐν
3683 3393 3810 3462 τοῦτφ

2247 3493 2703 3568 παραχειμάζειν.
2740 3492 2927 3546 Λατὼν
2985 3489 3041 3547 δὲ
3094 3491 3221 3555 τοὺς
3281 3494 3481 3567 Πέρσας
3511 3491 3589 3545 καὶ
3623 3487 3810 3556 ἐπιστρα-

2250 3582 2367 3659 φεὶς
2390 3581 2465 3643 εἰς
2488 3583 2586 3650 τήν
2606 3577 2838 3656 Περσίδα
2860 3575 3159 3637 εἰσϐάλλει.
3194 3584 3365 3638 Τοῦτε
3393 3580 3626 3656 μαθόντες
3651 3575 3693 3630 οἱ
3717 3570 3811 3659 Βάῖ

2251 3657 2409 3747 ϐαροι
2442 3671 2517 3732 εἰς
2549 3670 2775 3742 ἀθυμίαν
2810 3667 3003 3734 ἦλθον.
3033 3675 3093 3727 Ὀ
3109 3667 3167 3724 δὲ
3198 3673 3501 3747 στρατηγὸς
3531 3668 3679 3723 αὐτᾶν
3704 3657 3811 3734 ἔρχε-

2246 3782 2337 3816 ται
2368 3759 2419 3815 ἐν
2453 3758 2695 3829 Κιλικίᾳ,
2723 3758 2872 3820 ὅπως
2904 3756 2993 3812 ἐπὶ
3038 3758 3347 3833 Ῥωμανίαν
3380 3757 3594 3830 ἐξελθὼν
3640 3750 3809 3807 τούτους

2249 3849 2577 3924 περιτρέψῳ.
2612 3842 2885 3917 Φοϐηθεὶς
2920 3843 2977 3902 δὲ
3004 3845 3167 3902 πάλιν
3201 3850 3513 3925 ἠναγκάσθη
3564 3840 3809 3900 ἀκολουθεῖν

2254 3938 2430 3992 ὀπίσω
2458 3941 2556 3991 τοῦ
2585 3932 2873 4008 Ῥωμαίων
2932 3938 3214 4010 στρατοῦς,
3274 3935 3473 4009 κλέψαι
3520 3933 3602 3986 τὸν
3626 3925 3809 3995 πόλεμον
3918 3925 3919 3971 ἓ

2254 4031 2533 4104 μεριμνῶν
2566 4024 2655 4080 διὰ
2682 4024 2874 4088 νυκτὸς
2904 4024 3191 4102 ἀφεγγοῦς.
3223 4026 3288 4082 Ἢ
3338 4023 3394 4080 δὲ
3425 4023 3611 4093 σελήνη
3664 4013 3810 4104 ὑπέστη

2250 4099 2360 4190 (41.)
2385 4099 2503 4171 κατ’
2534 4112 2703 4181 αὐτὴν
2733 4113 2832 4180 τήν
2867 4099 3028 4167 νύκτα
3065 4110 3126 4168 ἐκ
3173 4113 3271 4167 τοῦ
3313 4106 3707 4186 συμϐεϐηκότος.
3732 4099 3812 4156 Κάκ

2248 4206 2445 4261 τούτου
2477 4200 2671 4259 δειλῶν
2700 4206 2778 4274 τῷ
2831 4199 3046 4277 βασιλεῖ
3109 4197 3441 4276 προσϐαλεῖν
3497 4201 3560 4255 τά
3585 4197 3670 4272 ὅρη

2252 4288 2535 4366 λαμϐάνει.
2573 4293 2803 4346 Ἐκεῖθεν
2833 4275 2904 4345 Ὕδὶ
2960 4275 3365 4366 κατερχόμενος
3416 4290 3579 4363 λάθρα
3625 4275 3808 4354 συμπλο-

2249 4386 2345 4445 κὰς
2432 4381 2654 4456 μερικᾶς
2728 4382 2993 4448 ἓποιεῖτο,
3045 4380 3137 4434 καὶ
3193 4378 3251 4433 ἐν
3304 4379 3465 4435 πάντί
3516 4379 3564 4433 οἱ
3616 4368 3803 4440 Ῥωμαῖοι

2250 4473 2572 4547 έπρώτευον·
2633 4468 2722 4523 καὶ
2781 4469 2976 4543 θάρσος
3026 4465 3217 4524 ἔλαϐεν
3255 4470 3283 4523 ὁ
3315 4468 3536 4544 στρατὸς
3582 4464 3660 4518 τὸν
3704 4458 3802 4532 βασι-

495 4564 647 4620 clius
683 4565 828 4619 721
866 4564 1127 4618 exercitu
1158 4580 1292 4618 cum
1320 4563 1469 4619 duce
1496 4565 1558 4619 in
1582 4567 1925 4622 Armeniam
1957 4567 2019 4622 in
2051 4569 2144 4622 hi—

2255 4540 2350 4623 λέα
2379 4566 2519 4640 ὁρῶν
2551 4540 2923 4638 προπηδῶντα
2961 4560 3246 4636 εὐτόλμως
3297 4540 3391 4617 καί
3416 4553 3792 4640 προπολεμοῆτπ.

494 4651 682 4706 berna
719 4650 966 4706 dimisso
996 4651 1338 4721 Byzantium
1378 4652 1573 4709 rediit.

2254 4656 2352 4711 Καὶ
2385 4637 2451 4722 δῆ
2501 4637 2792 4727 συμϐολῆς
2845 4655 3110 4725 καρτερᾶς
3166 4652 3463 4725 γενομένης
3520 4649 3684 4701 νικῶσι
3717 4637 3797 4727 ’ςωι

500 4743 676 4814 μαῖοι,
708 4739 793 4793 καὶ
825 4742 999 4794 πᾶσαν
1031 4740 1131 4809 τὴν
1164 4736 1470 4807 ἀποσκευὴν
1502 4738 1681 4795 αὐτῶν
1711 4740 2085 4817 λαμβάνουσι,
2108 4747 2368 4821 σφάζουσι
2394 4740 2449 4798 δὲ
2474 4741 2611 4797 ἅπαν
2643 4741 2706 4796 τὸ
2737 4740 3001 4814 Περσικὸν
3053 4737 3290 4813 πλῆθος,
3349 4738 3548 4815 ὀλίγων
3570 4733 3706 4789 τινῶν
3728 4720 3803 4819 διας

498 4826 762 4905 δρᾶντων.
794 4828 957 4885 ’Ὀθεν
991 4827 1044 4881 oi.
1072 4828 1337 4898 Ῥωμαῖοι
1365 4831 1446 4899 τῷ
1476 4832 1592 4899 Θεῷ
1619 4829 1709 4883 καὶ
1756 4835 1836 4901 τῷ
1876 4832 2094 4905 βασιλεῖ
2122 4834 2513 4911 ηὐχαρίστουν.
2541 4831 2606 4888 Ὀ
2630 4827 2688 4885 δὲ
2721 4827 2973 4904 βασιλεὺς
3002 4829 3094 4885 τὸν
3122 4831 3345 4903 στρατὸν
3376 4828 3466 4884 σὺν
3492 4826 3567 4896 τῷ
3593 4826 3805 4893 στρατητφ

492 4917 808 4976 καταλιπὼν
850 4917 927 4980 εἰς
958 4918 1252 4992 Ἀρμενίαν
1273 4917 1706 4996 παραχειμάσαι,
1736 4918 1898 4982 αὐτὸς
1929 4921 2005 4982 εἷς
2035 4922 2097 4978 τὸ
2127 4923 2419 4994 Βυζάντιον
2443 4919 2757 4993 ὑπέστρεψε.

1705 5046 2063 5105 XYLANDRI
2103 5050 2190 5104 ET
2226 5048 2444 5105 GOARI
2484 5048 2708 5103 NOTAE.

565 5174 809 5254 (39)__Hic
839 5172 1030 5254 primo
1061 5172 1230 5254 Turci
1263 5188 1482 5254 nomen
1515 5172 1748 5254 legitur
1776 5174 1844 5254 in
1900 5164 2139 5254 auctore

494 5244 1042 5334 geﬂuibusjam’p.
1104 5244 1647 5334 341ἑ¹Τοῦρκοιτῆς
1689 5245 1885 5318 Tagus“,
1920 5245 2012 5308 οὓς
2047 5246 2133 5301 καὶ

492 5313 769 5387 Χαζάρους
801 5313 1182 5387 ὀνομάζουσιν.
1222 5316 1396 5372 GOAR.

563 5388 673 5459 (40)
717 5387 1028 5443 Thematos
1072 5402 1304 5459 nomen
1336 5388 1640 5459 hucusque
1679 5390 1909 5444 auctori
1963 5389 2134 5444 inno-

491 5457 1117 5533 minatumtantiquis
1146 5475 1263 5529 quo
1294 5475 1463 5533 nunc
1487 5457 1716 5533 capitur
1747 5478 1948 5533 sensu,
1978 5461 2137 5533 igno-

492 5535 644 5604 tum.
671 5526 973 5604 Signiﬁcat
988 5526 1199 5604 autem
1225 5531 1416 5604 primo
1433 5526 1742 5604 legionem
1792 5532 1967 5587 alicui
2001 5526 2137 5604 pro—

493 5599 701 5656 vinciae
725 5600 813 5653 vel
843 5599 1002 5671 genti
1026 5599 1385 5671 impositam.
1419 5599 1842 5671 constantinus
1871 5599 2135 5671 Themat.

497 5672 722 5746 Oljiept.
753 5685 798 5746 :_
825 5669 1024 5746 Πρώην
1069 5668 1195 5746 *καὶ
1271 5671 1391 5746 κατ’
1473 5670 1648 5745 ἀρχὰς
1678 5739 1690 5746 _
1719 5669 1968 5746 τάγματά
2020 5693 2139 5746 τινα

492 5742 584 5792 νηὶ
638 5738 898 5816 λεγεῶνες
988 5739 1239 5819 ὑπῆρχον
1315 5738 1763 5817 ἀναγεγρᾶμμὲνα
1796 5738 1969 5797 ’κατ’
2050 5740 2136 5808 ἔθ-

2247 5192 2359 5234 νος.
2418 5175 2563 5245 Ιρεω
2592 5189 2726 5228 vero
2760 5171 3103 5245 provinciae,
3150 5172 3431 5245 temporis
3472 5147 3806 5245 processu}?

2253 5228 2393 5318 ματα
2446 5228 2848 5318 ‘suntvocaiie,
2888 5261 2956 5299 ac
2986 5260 3061 5299 ne
3090 5228 3334 5318 longius
3355 5228 3667 5318 testimonia

2246 5308 2380 5373 inus
2414 5358 2426 5381 ,
2492 5316 2697 5373 scribit
2779 5308 2876 5370 hic
2932 5308 3228 5371 auctorzv
3261 5313 3348 5369 διὰ
3400 5316 3501 5366 τῶν
3559 5308 3803 5381 Ῥωμαϊξωξν

2245 5379 2491 5460 θεμάτων
2548 5385 2923 5463 διερχόμενος.
2958 5388 3134 5443 Plura
3178 5387 3460 5460 Rigaltius
3490 5387 3542 5438 et
3567 5379 3804 5433 Meursms.

2250 5463 2428 5516 GOAR.

2319 5531 2428 5615 (at)
2494 5529 2675 5615 “Quod
2764 5530 2940 5615 scipsi
3010 5529 3217 5615 lunam
3293 5526 3604 5608 emersisse,
3630 5506 3799 5615 ἐξὲξξὲ

2319 5549 2428 5615 vn)
2512 5549 2675 5595 uuou
2764 5549 2940 5656 εοέρει
3013 5549 3217 5612 ιυιιαῐιι
3293 5549 3604 5608 emersisse,

2245 5608 2373 5729 teget
2402 5602 2688 5729 iiivgrmeo
2714 5617 2727 5655 :
2761 5618 2821 5656 se
2892 5606 3299 5674 conjecturam
3329 5618 3395 5657 ex
3425 5584 3783 5655 Circumstant"

2305 5691 2378 5729 Ol.
2534 5713 2546 5727 .

2271 5691 2378 5730 σοι.
2412 5690 2546 5729 AVL.
