4052 6316
229 412 353 471 789

1377 404 1930 470 HISTORIARUM
1977 403 2512 468 COMPENDIUM.

3536 406 3656 468 79.

312 551 400 619 Τῷ
433 547 498 621 ιγ’
529 539 636 602 ἕτει
692 545 901 622 ἀπάρας
958 554 1059 618 τῆς
1121 545 1518 622 βασιλευούσης
1557 545 1692 600 κατὰ
1719 544 1875 617 τάχος

2075 545 2246 599 Anno
2281 545 2511 601 decimo
2545 547 2717 601 tertio
2767 546 2828 601 in
2877 546 3223 602 Armeniam
3273 563 3335 602 se
3378 548 3652 603 contulit.

231 637 310 698 εἷς
369 639 658 713 Ἀρμενίαν
718 635 964 714 ἀφίκετο.
1042 639 1290 708 Χοσρόης
1353 635 1410 691 δὲ
1461 634 1747 691 ἀπέστειλε
1803 632 1894 687 τὸν

233 722 585 801 Σαρϐαραζᾶν
647 729 740 781 σὺν
807 733 886 799 τῷ
949 728 1142 782 ἑαυτοῦ
1199 731 1414 800 στρατῷ
1473 725 1611 780 κατὰ
1678 726 1896 795 Ῥωμα-

235 816 376 876 νίας.
437 816 754 891 Ἡράκλειος
814 814 872 871 δὲ
928 817 1147 890 Χοσρὸῃ
1207 814 1412 886 ἐδήλου
1478 815 1696 888 εἰρήνην
1729 819 1894 880 ποιῆ-

233 926 342 962 σαι·
377 906 404 960 ὁ
461 904 518 960 δὲ
560 905 721 980 λόγον
777 904 964 960 οὐδένα
1016 907 1214 961 105100
1247 905 1564 975 ἐποιήσατο.
1603 903 1760 958 Καὶὸ
1796 904 1895 976 βα-

237 997 422 1060 σιλεὺς
478 993 753 1052 εἰσέϐαλεν
825 997 903 1058 εἷς
977 998 1076 1066 τήν
1157 993 1412 1070 Περσίδα.
1471 997 1644 1066 ’Ὀπερ
1706 991 1893 1066 μαθὼν

232 1085 487 1160 Χοσρόης
535 1088 626 1140 τὸν
687 1081 1040 1160 Σαρϐαραζᾶν
1100 1085 1437 1160 ὑποστρέψαι
1486 1082 1750 1138 ἐκέλευσε.
1788 1081 1892 1137 Καὶ

233 1174 550 1245 ἐπισυνάξας
608 1174 782 1229 πάντα
839 1175 908 1228 τὰ
966 1174 1200 1249 Περσικὰ
1276 1172 1652 1247 στρατεύματα
1717 1190 1894 1245 παρα-

235 1261 457 1319 δίδωσιν
515 1264 649 1318 αὐτὰ
708 1268 788 1336 τῷ
849 1265 1000 1317 Σαῖνο
1062 1262 1121 1324 ὅς
1178 1263 1314 1317 κατᾶ
1366 1264 1539 1336 τάχος
1571 1261 1789 1321 ὲνωθεὶς
1814 1264 1894 1330 τῷ

233 1349 576 1428 Σαρϐιραζᾷ,
635 1357 880 1427 χωροῦσι
931 1352 1070 1408 κατᾶ
1114 1357 1211 1407 106
1267 1351 1557 1426 βασιλέως.
1590 1353 1651 1407 Ὁ
1693 1348 1749 1404 δὲ
1794 1349 1891 1404 λό-

226 1463 349 1516 γοις
380 1448 785 1517 παραινετικοῖς
832 1443 924 1496 τὸν
980 1441 1111 1496 λαὸν
1163 1439 1424 1517 διεγείρας
1459 1439 1510 1496 ἐν
1538 1443 1607 1514 τῇ
1639 1437 1892 1514 ἐνδοτὲρᾳ

237 1529 457 1604 Περσίδι
509 1536 706 1606 χωρεῖ,
766 1530 896 1604 πυρὶ
948 1531 1224 1610 ἀφανίζων
1279 1531 1376 1592 τὰς
1427 1528 1619 1590 πόλεις
1675 1528 1891 1592 καὶτὰς

229 1621 444 1692 κώμας.
513 1618 784 1683 Ἀκούσας
837 1616 894 1674 δὲ
952 1618 1003 1673 ἐν
1065 1624 1289 1691 Γαζακῷ
1357 1623 1540 1692 (42)...
1594 1619 1740 1692 ὁρμᾷ
1769 1617 1885 1670 κατ’

227 1708 413 1764 αὐτοῦ.
467 1709 570 1762 Καὶ
623 1709 953 1784 προπέμψας
998 1708 1148 1770 τινὰς
1203 1712 1311 1762 τῶν
1361 1709 1450 1762 ὑπ’
1494 1707 1658 1762 αὐτὸν
1711 1713 1886 1778 Σαρα-

227 1798 431 1868 κηνοὺς
515 1797 863 1872 προτρέχειν,
953 1802 1248 1851 συναντῶσι
1326 1801 1394 1870 τῇ
1473 1801 1571 1850 106
1632 1795 1884 1868 Χοσρόου

2002 634 2145 688 Cum
2207 653 2341 689 vero
2399 636 2691 690 Chosroes
2740 635 3121 692 Sarbarazam
3173 653 3308 691 cum
3358 637 3542 708 copiis
3591 637 3652 693 in

2002 725 2347 778 Romaniam
2399 725 2718 793 emitteret,
2770 731 2829 779 et
2878 725 2949 779 ab
3001 726 3267 781 Heraclio
3323 726 3397 781 ad
3441 743 3648 798 pacem

2002 814 2472 883 componendam
2501 822 2847 885 provocatus
2879 816 3264 886 contemptim
3295 815 3520 888 legatos
3539 834 3646 872 au-

1998 899 2260 969 divisset,
2323 903 2626 957 Heraclius
2687 903 2746 956 in
2800 902 3102 956 Persidem
3164 903 3461 976 irrumpit.
3523 907 3645 970 Quo

2001 992 2233 1062 cognito
2264 992 2553 1047 Chosroes
2588 993 2964 1047 Sarbarazam
2995 997 3247 1062 revocat,
3282 999 3644 1050 contractos-

2000 1094 2114 1148 que
2167 1085 2460 1150 quotquot
2505 1080 2760 1134 habebat
2809 1079 3076 1134 Persicos
3124 1081 3420 1135 exercitus
3472 1082 3645 1137 Saino

1997 1167 2179 1222 tradit
2213 1185 2224 1222 :
2259 1168 2427 1238 isque
2458 1169 2658 1224 statim
2691 1185 2752 1223 se
2785 1185 2921 1224 cum
2965 1169 3284 1224 Sarbaraza
3316 1170 3644 1241 conjunxit,

1997 1262 2174 1328 atque
2207 1274 2327 1312 una
2356 1257 2528 1312 ambo
2555 1258 2833 1313 adversus
2873 1258 3294 1328 imperatorem
3325 1258 3642 1316 duxerunt.

1997 1348 2109 1402 Sed
2141 1349 2444 1404 Heraclius
2467 1350 2698 1404 animos
2727 1348 2986 1404 militum
3009 1347 3276 1403 oratione
3300 1348 3647 1405 exhortatus

1997 1437 2057 1492 in
2089 1438 2394 1494 Persidem
2426 1439 2774 1494 interiorem
2805 1437 3086 1509 perrexit,
3121 1437 3300 1494 urbes
3341 1443 3399 1492 et
3430 1439 3646 1510 oppida

1996 1527 2270 1582 incendio
2304 1528 2579 1599 perdens.
2613 1531 2876 1598 Cumque
2910 1527 3295 1583 inaudivisset
3343 1527 3646 1584 Chosroen

1994 1617 2196 1671 Gazaci
2256 1633 2408 1684 esse,
2469 1622 2676 1673 contra
2734 1634 2868 1672 eum
2927 1617 3294 1672 contendens
3352 1617 3640 1688 quosdam

1995 1705 2443 1775 Saracenorum,
2505 1724 2652 1778 quos
2710 1725 2910 1762 secum
2969 1707 3222 1762 ducebat
3277 1724 3639 1779 praecurrere

1983 1793 2203 1864 jussit;
2255 1797 2353 1867 qui
2405 1797 2466 1852 in
2515 1797 2790 1852 Chosroaa
2849 1797 3225 1852 excubitores
3279 1795 3638 1865 inciderunt,

229 1884 401 1963 βίγλᾳ
431 1888 564 1958 (43),
615 1885 702 1940 καὶ
757 1889 840 1958 [Ρ.
874 1888 1000 1959 412]
1051 1884 1257 1940 τούτων
1302 1883 1429 1946 τοὺς
1463 1885 1555 1958 μὲν
1585 1884 1875 1951 ἀνελόντες,

1990 1883 2310 1955 hostesque
2359 1887 2575 1956 partim
2625 1886 3074 1952 interfecerunt,
3128 1886 3276 1942 alios
3326 1903 3460 1942 cum
3491 1887 3638 1942 duce

221 1975 353 2037 τοὺς
415 1975 473 2030 δὲ
530 1977 895 2051 κρατήσαντες
949 1975 1042 2029 σὺν
1101 1979 1182 2047 τῷ
1239 1979 1529 2050 στρατηγῷ
1586 1973 1759 2028 αὐτῶν
1803 1979 1882 2046 τῷ

229 2064 448 2140 βασιλεῖ
484 2067 864 2139 προσήγαγον.
924 2068 1098 2118 Τοῦτο
1183 2064 1368 2136 μαθὼν
1425 2063 1674 2136 Χοσρόης
1732 2066 1879 2140 φυγῇ

222 2152 522 2228 ἐχρήσατο.
579 2156 635 2206 Ὁ
697 2152 753 2208 δὲ
815 2152 1068 2228 βασιλεὺς
1133 2151 1468 2224 καταδιώξας
1498 2151 1623 2214 τοὺς
1656 2152 1749 2223 μὲν
1779 2172 1881 2205 πο-

222 2243 486 2314 λεμιστὰς
517 2241 729 2311 ἀνεῖλα,
787 2243 914 2304 τοὺς
973 2239 1032 2296 δὲ
1088 2241 1379 2320 φεύγοντας
1411 2237 1741 2295 διεσκέδασε.
1776 2240 1878 2296 Καὶ

219 2328 547 2387 καταλαϐὼν
576 2333 676 2400 τὴν
710 2332 950 2400 Γαζακὸν
996 2330 1183 2399 πόλιν,
1238 2329 1290 2384 ἐν
1330 2331 1366 2404 ᾖ
1416 2331 1662 2404 ὑπῆρχεν
1695 2332 1722 2383 ὁ
1755 2330 1878 2392 ναὸς

215 2425 312 2474 106
367 2420 561 2496 Πυρὸς,
619 2420 708 2474 καὶ
775 2420 843 2474 τὰ
900 2421 1163 2493 χρήματα
1220 2418 1456 2493 Κροίσου
1525 2423 1622 2472 106
1690 2416 1879 2472 Λυδῶν

225 2507 516 2581 βασιλέως,
547 2509 637 2563 καὶ
668 2511 702 2577 ἡ
749 2507 932 2578 πλάνη
991 2513 1098 2562 τῶν
1159 2507 1461 2580 ἀνθράκων,
1498 2508 1590 2560 καὶ
1622 2507 1878 2570 εἰσελθὼν

228 2596 280 2650 ἐν
313 2598 452 2670 αύτῇ
484 2598 602 2672 εὗρε
631 2598 694 2652 τὸ
739 2598 979 2671 μυσαρὸν
1037 2593 1269 2651 εἷ’δωλον
1297 2600 1394 2650 106
1425 2596 1692 2670 Χοσρόου,
1725 2596 1788 2650 τό
1817 2615 1876 2649 τε

227 2685 524 2758 ὲκτύπωμα
581 2685 742 2740 αὐτοῦ
799 2686 849 2740 ἐν
928 2689 997 2758 τῇ
1061 2689 1157 2740 τοῦ
1214 2683 1486 2740 παλατίου
1547 2682 1877 2763 σφαιροειδεῖ

227 2775 390 2848 στέγῃ
426 2775 499 2835 ὡς
532 2774 582 2829 ἐν
624 2775 832 2849 ούρανῷ
857 2777 1190 2847 καθήμενον,
1221 2775 1310 2829 καὶ
1341 2775 1462 2848 περὶ
1492 2778 1657 2828 τοῦτο
1686 2773 1872 2842 ἣλιον,

226 2862 312 2917 καὶ
345 2863 600 2935 σελήνην,
645 2867 733 2918 καί
786 2866 972 2938 ἄστρα,
1007 2866 1087 2924 οἷς
1148 2865 1174 2918 ὁ
1236 2860 1590 2935 δεισιδαίμων
1624 2863 1696 2924 ὡς
1730 2864 1874 2924 θεοῖς

215 2949 490 3025 ἐλάτρευε,
549 2952 638 3006 καὶ
698 2951 962 3027 ἀγγέλους
1022 2951 1170 3022 αύτῴ
1229 2952 1678 3028 σκηπτροφόρους
1716 2972 1870 3026 περι-

214 3040 458 3109 ἐστησεν,
495 3040 726 3095 Ἐκεῖθεν
783 3062 843 3095 τε
898 3047 1164 3115 σταγόνας
1223 3042 1431 3108 στάζειν
1466 3041 1540 3102 ὡς
1573 3039 1757 3101 ὑετοὺς
1783 3040 1872 3094 καὶ

206 3128 388 3202 ἤχους
438 3130 512 3190 ὡς
563 3130 790 3205 βροντὰς
847 3130 1158 3204 ἐξηχέῖσθαι
1218 3130 1245 3184 ὀ
1305 3130 1584 3204 θεομάχος
1611 3136 1730 3192 ταῖς
1762 3152 1868 3202 μη-

206 3223 404 3291 χαναῖς
451 3221 870 3294 ἓπετεχνάσατο.
921 3223 1097 3275 Ταῦτα
1157 3223 1285 3294 γοῦν
1343 3219 1517 3274 πάντα
1556 3219 1686 3293 πυρὶ
1738 3219 1868 3273 ἀνα-

206 3309 414 3377 λώσας,
471 3311 560 3363 καὶ
625 3311 716 3364 τὸν
783 3313 881 3364 τοῦ
941 3309 1114 3383 Πυρὸς
1189 3309 1310 3362 ναὸν
1370 3309 1706 3369 κατακαύσας
1772 3309 1858 3362 καὶ

210 3405 378 3456 πᾶσαν
427 3400 526 3468 τήν
574 3397 758 3466 πόλίν,
807 3397 1093 3470 συντόμως
1141 3395 1461 3452 κατεδίωκεν
1513 3396 1688 3452 ὀπίσω
1729 3403 1864 3451 Χοσ-

220 3489 347 3562 ρόου
377 3489 428 3543 ἐν
461 3494 581 3551 τοῖς
610 3494 820 3548 στενοῖς
870 3494 980 3542 τῶν
1034 3485 1239 3556 Μήδων
1291 3485 1544 3561 χωρίοις,
1577 3485 1630 3541 ἐν
1662 3489 1744 3548 οἷς
1773 3487 1862 3540 καὶ

207 3579 424 3640 πολλὰς
453 3578 646 3640 πόλεις
707 3579 795 3632 καὶ
858 3579 1044 3653 χώρας
1098 3578 1384 3651 ἐπόρθησε.
1428 3572 1774 3648 Συμϐούλιον
1809 3575 1865 3632 δὲ

207 3671 448 3737 ποιήσας
505 3671 600 3720 106
657 3667 1092 3740 παραχειμάσαι,
1153 3665 1359 3739 ἁγνίζει
1433 3664 1526 3720 τὺν
1585 3665 1716 3721 λαὸν
1775 3665 1862 3720 ἐπὶ

210 3759 426 3831 ἡμέρας
477 3762 649 3828 τρεῖς,
706 3758 796 3810 καὶ
879 3754 1091 3826 ἀνοίξας
1144 3753 1212 3808 τὰ
1265 3759 1362 3809 τοῦ
1423 3759 1556 3810 Θεοῦ
1623 3757 1868 3830 ἅχραντα

209 3845 514 3922 Εὐαγγέλια
591 3848 704 3919 (44)
792 3847 939 3918 εὗρεν
1041 3842 1395 3919 ἐπιτρέποντα
1471 3844 1524 3900 ἐν
1602 3841 1870 3917 ἈΛϐανίᾳ

202 3935 641 4010 παραχειμάσαι.
687 3936 772 3991 Ἐν
834 3932 891 3988 δὲ
943 3938 1023 4005 τῷ
1082 3933 1277 4007 μεταξὺ
1309 3938 1407 3999 τῆς
1441 3932 1569 3989 ὀδοῦ
1601 3931 1731 4014 ἔχον
1768 3935 1864 3990 σὺν

1989 1979 2192 2044 captos
2223 1975 2296 2029 ad
2328 1976 2748 2046 imperatorem
2789 1976 3108 2030 adduxere.
3143 1976 3431 2030 Chosroes
3476 1991 3546 2030 ea
3575 1993 3639 2030 re

1987 2068 2267 2133 percepta
2286 2063 2483 2136 fugam
2505 2065 2663 2120 fecit.
2687 2065 2992 2120 Heraclius
3009 2082 3377 2136 persequens
3395 2065 3642 2120 bellato-

1983 2168 2081 2207 res
2110 2153 2412 2220 interﬁcit,
2426 2154 2719 2225 fugientes
2737 2153 3340 2225 dissipat,urbemque
3357 2155 3638 2210 Gazacum

1987 2241 2164 2311 capit.
2220 2245 2301 2296 Ea
2353 2243 2415 2296 in
2473 2243 2619 2298 urbe
2678 2243 2790 2298 fuit
2847 2243 3052 2297 fanum
3103 2243 3275 2312 Solis,
3324 2243 3637 2300 thesaurus

1985 2331 2162 2384 Crcesi
2227 2329 2520 2400 Lydorum
2573 2332 2748 2404 regis,
2800 2337 2856 2386 et
2905 2333 3235 2402 impostura
3283 2332 3631 2387 carbonum.

1985 2419 2290 2490 Ingressus
2322 2425 2520 2474 autem
2572 2421 2633 2475 in
2684 2438 2816 2476 eam
2869 2421 3337 2475 abominandum
3389 2422 3639 2475 oﬂ'endit

1985 2508 2259 2562 Chosroaa
2290 2509 2675 2563 simulacrum
2708 2514 2765 2563 et
2796 2509 3051 2581 effigiem
3086 2509 3214 2579 ejus
3245 2509 3306 2563 in
3337 2508 3495 2580 globi
3526 2509 3639 2564 for-

1982 2613 2164 2663 mam,
2226 2598 2518 2652 referente
2576 2597 2780 2669 palatii
2829 2598 2989 2652 tholo
3041 2602 3328 2667 tanquam
3376 2597 3436 2652 in
3488 2598 3636 2654 ccelo

1983 2689 2308 2744 sedentem.
2344 2689 2576 2743 Circum
2612 2695 2782 2743 erant
2833 2689 2940 2755 sol,
2979 2690 3129 2745 722
3181 2690 3324 2744 luna
3365 2695 3422 2744 et
3452 2695 3630 2745 astra.

1981 2777 2197 2847 quibus
2230 2778 2331 2832 ille
2365 2778 2810 2848 superstitiosus
2860 2784 3142 2849 tanquam
3176 2779 3287 2833 diis
3319 2778 3632 2844 serviebat,

1981 2866 2505 2921 circumstantibus
2534 2868 2642 2921 sibi
2663 2867 2890 2937 angelis
2915 2867 3313 2939 sceptrigeris.
3337 2868 3636 2922 Machinas

1978 2972 2154 3026 porro
2206 2955 2424 3025 impius
2475 2961 2798 3026 paraverat.
2853 2973 2984 3025 quae
3033 2973 3104 3009 ex
3153 2974 3220 3010 eo
3276 2956 3405 3010 loco
3438 2962 3634 3027 guttas

1978 3043 2188 3114 pluviae
2209 3043 2398 3099 instar
2418 3044 2759 3097 emitterent
2778 3044 3159 3114 sonitumque
3179 3045 3432 3099 tonitrus
3455 3061 3635 3100 aemu—

1979 3132 2100 3186 lum
2134 3131 2406 3186 ederunt.
2442 3133 2580 3186 Hasc
2628 3133 2830 3187 omnia
2882 3133 3190 3204 ipsamque
3242 3132 3401 3204 Ignis
3447 3133 3635 3188 wdem

1981 3225 2040 3274 et
2069 3225 2254 3275 totam
2284 3220 2495 3275 urbem
2527 3220 2855 3275 combussit
2885 3221 3190 3276 Heraclius
3216 3239 3229 3287 ;
3263 3237 3633 3293 propereque

1978 3309 2298 3364 Chosroem
2333 3326 2438 3380 per
2467 3309 2767 3381 angustias
2820 3310 3023 3364 Media)
3077 3309 3381 3365 insécutus
3412 3311 3632 3366 multas

1971 3397 2151 3453 urbes
2184 3404 2240 3452 et
2293 3399 2508 3454 multos
2561 3416 2729 3472 agros
2781 3400 3050 3454 vastavit.
3108 3400 3328 3455 Deinde
3381 3417 3512 3455 cum
3557 3400 3628 3456 de

1974 3486 2242 3542 hibernis
2301 3488 2678 3556 deliberaret,
2741 3488 2937 3544 triduo
3007 3490 3334 3544 exercitum
3391 3488 3625 3556 lustrat,

1975 3577 2314 3647 apertisque
2345 3583 2550 3649 postea
2581 3578 2877 3633 inviolatis
2907 3577 3006 3632 Dei
3042 3578 3375 3650 Evangeliis
3401 3579 3630 3633 invenit

1975 3664 2089 3720 sibi
2139 3667 2410 3722 mandari
2455 3671 2522 3722 ut
2570 3667 2630 3721 in
2688 3667 2942 3722 Albania
2990 3668 3232 3722 hiemet.
3292 3667 3358 3722 In
3416 3667 3629 3723 itinere

1976 3774 2153 3827 porro
2204 3759 2466 3830 captivos
2522 3761 2754 3827 Persas,
2805 3777 2954 3831 quos
3006 3776 3206 3814 secum
3265 3759 3519 3814 ducebat
3557 3760 3632 3814 ad

1979 3846 2409 3920 quinquaginta
2457 3847 2665 3913 millia,
2701 3852 2768 3902 ut
2816 3853 2942 3902 erat
2991 3847 3165 3902 homo
3219 3847 3418 3902 animo
3448 3847 3628 3902 mise-

1978 3933 2222 4002 ricordi,
2255 3935 2468 3991 ductus
2497 3935 2881 3992 miseratione
2914 3936 3166 3992 vinculis
3197 3936 3386 3991 solvit.

200 4034 358 4106 αύτῷ
392 4032 613 4101 πολλὴν
645 4031 1032 4106 αἰχμαλωσίαν
1067 4033 1356 4106 Περσικὴν,
1391 4033 1520 4087 ὡσεὶ
1549 4036 1893 4103 πεντήκοντα
1923 4036 2205 4111 χιλιάδας,
2230 4039 2458 4100 τούτους
2489 4043 2559 4114 τῇ
2593 4047 2866 4114 συμπαθεῖ
2897 4045 3063 4096 αυτοῦ
3089 4045 3244 4117 ψυχῇ
3276 4039 3504 4112 ἐλεήσας
3520 4040 3630 4114 (45)

207 4136 318 4188 τῶν
349 4130 561 4204 δεσμῶν
593 4124 774 4187 ἔλυσε.

279 4235 368 4301 Τῷ
401 4227 464 4284 ιδ’
489 4223 595 4284 ἔτει
656 4229 906 4303 Χοσρόης
960 4229 987 4281 ὁ
1025 4231 1134 4282 τῶν
1181 4231 1398 4301 Περσῶν
1435 4227 1689 4302 βασιλεὺς
1723 4237 1865 4303 Σαρ-

211 4315 450 4392 δαραζᾶν
539 4316 711 4373 ἄλλον
800 4317 1102 4391 στρατηγὸν
1185 4316 1473 4387 ἐξοπλίσας
1545 4319 1677 4391 μετὰ
1732 4316 1868 4372 λαοῦ

211 4414 350 4485 πρὸς
417 4409 815 4486 Σαρϐαραγκᾶς
871 4409 1205 4478 ἀπέστειλεν,
1266 4411 1341 4470 ὡς
1410 4410 1699 4472 ὲνωθὲντας
1765 4410 1869 4484 ἀμ-

212 4499 476 4581 φοτέρους
535 4500 850 4572 πολεμῆσαι
909 4498 1225 4569 Ῥωμαίοις.
1287 4501 1465 4555 Τοῦτο
1514 4501 1676 4576 γνοὺς
1707 4501 1735 4554 ὁ
1767 4501 1867 4575 βα-

209 4580 392 4646 σιλεὺς
461 4580 685 4641 ἔσπευσε
751 4581 1051 4658 συμϐαλεῖν
1140 4584 1385 4658 πόλεμον
1457 4587 1588 4660 μετὰ
1655 4583 1871 4662 Σαρδα-

2049 4235 2222 4291 Anno
2277 4236 2510 4291 decimo
2560 4242 2770 4308 quarto
2822 4239 3111 4293 Chosroes
3159 4239 3475 4293 Persarum
3529 4253 3632 4293 rex

1985 4322 2359 4380 Sarbarazam
2393 4325 2576 4380 alium
2598 4326 2806 4381 ducem
2831 4327 3016 4398 copiis
3046 4327 3308 4395 instruit,
3329 4326 3630 4397 mittitque

1986 4412 2059 4465 ad
2091 4412 2539 4482 Sarbaraneam,
2574 4421 2640 4470 ut
2686 4415 3023 4486 conjunctis
3071 4416 3290 4471 viribus
3335 4416 3375 4470 ii
3403 4415 3630 4471 bellum

1983 4507 2190 4558 contra
2219 4505 2514 4558 Romanos
2545 4509 2772 4576 gerant.
2807 4505 2970 4570 Quod
3006 4511 3073 4560 ut
3109 4506 3344 4561 rescivit
3372 4506 3632 4577 impera-

1983 4595 2094 4656 tor,
2118 4608 2252 4646 cum
2281 4592 2650 4649 Sarbaranca
2670 4594 2875 4665 prmlio
2898 4595 3175 4667 congredi
3206 4595 3450 4664 studuit,
3474 4601 3636 4652 ante-

214 4681 388 4750 ραγκᾷ
419 4677 524 4750 πρὸ
582 4680 678 4731 106
718 4676 980 4744 ἐνωθῆναι
1038 4675 1199 4729 αὐτὸν
1256 4680 1337 4747 τῷ
1399 4671 1866 4751 Σαρϐαραζᾷ,καὶ

292 4763 389 4778 η.
464 4765 476 4778 .
526 4762 550 4778 ι.
679 4765 689 4778 .
888 4765 898 4778 .
993 4765 1005 4778 .
1083 4769 1110 4778 ..
1334 4765 1344 4778 .
1576 4765 1590 4778 .
1662 4764 1684 4778 ..
1743 4765 1796 4778 ..

1987 4695 2160 4749 quam
2194 4697 2255 4736 se
2309 4682 2362 4735 ei
2411 4681 2762 4738 Sarbarazas
2815 4683 3218 4756 conjungeret.
3251 4685 3456 4756 Itaque
3496 4702 3633 4742 eum

213 4763 428 4825 πολλὰς
461 4762 732 4839 ἐκδρομὰς
784 4765 898 4818 κατ’
947 4765 1114 4818 αὐτοῦ
1144 4765 1516 4837 ποιησάμενος
1548 4765 1624 4827 εἰς
1658 4764 1863 4820 δειλίαν

213 4853 380 4907 αὐτὸν
411 4848 676 4909 ἐνέϐαλεν.
736 4854 992 4910 Ὂπισθεν
1049 4850 1106 4907 δὲ
1163 4852 1505 4931 ἀμφοτέρους
1537 4851 1700 4916 ἐάσας
1731 4855 1868 4910 κατὰ

209 4936 460 5010 Χοσρόου
494 4939 626 5012 μετὰ
673 4937 918 5009 σπουδῆς
966 4936 1221 5008 ἤλαυνεν.
1258 4939 1648 5013 Αὐτομολοῦσι
1679 4938 1738 4995 δὲ
1769 4939 1864 4996 δύο

1977 4768 2200 4824 crebris
2253 4771 2749 4842 impressionibus
2803 4773 3106 4828 exterruit.
3148 4775 3330 4828 Porro
3377 4779 3632 4845 utroque

1978 4862 2112 4928 post
2144 4876 2205 4914 se
2240 4860 2446 4916 relicto
2475 4861 2796 4917 Chosroem
2817 4861 3172 4919 festinanter
3199 4863 3501 4919 insecutus
3518 4869 3627 4919 est.

1978 4947 2122 5002 Tum
2171 4947 2288 5005 duo
2346 4951 2595 5006 Romani
2655 4950 2729 5005 ad
2782 4951 2993 5007 Persas
3047 4952 3508 5023 transfugientes
3555 4951 3628 5007 iis

1420 5031 1778 5087 XYLANDRI
1819 5033 1905 5086 ET
1945 5032 2158 5091 GOARI
2199 5039 2422 5094 NOT/E.

281 5159 391 5226 (42)
425 5157 609 5226 Locus
640 5161 731 5211 est
752 5154 1080 5210 mutilatus.
1116 5156 1250 5209 XYL.

281 5229 393 5299 (43)
429 5225 758 5312 βίγλανγοξ
810 5227 1016 5312 Latina
1069 5228 1266 5312 (iraa‘co
1314 5244 1491 5312 morie.
1519 5229 1731 5312 posita.
1770 5229 1860 5283 Sic

207 5295 556 5370 sae'pe'a'pu'd
594 5300 880 5354 Nicetam.
915 5297 1049 5362 XYL,
1085 5295 1252 5370 βίγλα
1293 5295 1538 5354 εει-συὸίὲ
1565 5301 1857 5356 militares.

206 5372 548 5438 Ἐπισκοπήν
605 5371 830 5426 vocavit
882 5371 1199 5424 Simocatta
1257 5387 1318 5435 ιι,
1387 5375 1440 5435 9,
1513 5372 1862 5438 exploratum

224 5403 436 5426 .I'JH-L'JKU
449 5403 478 5424 Νι
490 5403 515 5439 η
527 5403 548 5422 Ὶ
613 5403 830 5426 νυυανιιρ
883 5403 1199 5424 υιυιυυαυι-α.
1258 5403 1318 5435 II,
1393 5403 1440 5435 ΰ,
1513 5403 1692 5438 υῲμιυι
1709 5403 1860 5426 ιιοιιυι

205 5443 459 5523 scilicet,
519 5447 579 5498 et
636 5447 923 5523 secretam
978 5440 1393 5523 latentemque.
1441 5443 1697 5496 hostium
1741 5443 1860 5523 dis-

207 5515 618 5585 quisitionem,
679 5513 979 5569 Cedrenus
1038 5513 1098 5566 in
1157 5514 1434 5568 Mauricio
1489 5515 1862 5583 κατασκοπήν.

426 5657 716 5713 Nimirum
742 5659 808 5710 ut
837 5653 972 5736 inde
1004 5658 1202 5736 sortes
1239 5659 1520 5736 captaret.
1553 5657 1864 5736 Divinandi

209 5729 328 5786 hoc
379 5728 572 5802 genus
627 5728 1104 5801 superstitiosum
1154 5731 1212 5782 et
1265 5728 1538 5800 impium,
1597 5729 1752 5801 quod
1809 5735 1868 5786 et

1976 5161 2062 5236 D._
2102 5164 2475 5236 Augustinus
2533 5169 2826 5220 memorat
2902 5169 3078 5236 atque
3134 5164 3450 5236 improbat,
3510 5166 3629 5222 line

1972 5231 2240 5309 epistolae
2266 5235 2388 5302 119,
2407 5235 2485 5309 ad
2505 5237 2876 5309 Ianuarium.
2910 5231 3001 5309 Sic
3021 5231 3630 5309 profaniVirgilianas

1972 5308 2162 5380 sortes
2211 5306 2629 5380 consulebant,
2681 5308 2995 5380 cujusrei
3022 5306 3401 5380 'exemplum'
3436 5313 3525 5364 est
3564 5309 3625 5365 in

1972 5373 2232 5431 Adriano
2269 5378 2544 5447 Spartiati
2578 5383 2637 5432 et
2666 5373 2785 5434 alia
2814 5379 2977 5447 alibi.
3009 5381 3145 5434 XYL.

2045 5446 2179 5524 (45)“
2223 5445 2326 5524 l_n__
2355 5449 2620 5524 margine
2649 5467 2668 5524 :_
2730 5450 2787 5524 Ὁ
2856 5445 2912 5524 δὲ
2955 5447 3107 5524 eae;
3177 5449 3433 5524 βασιλεύς
3486 5452 3629 5507 Ἰσά-

1971 5535 2091 5596 κιος
2137 5516 2179 5596 μδ
2239 5516 2534 5596 Ἄγγελος,
2583 5520 2676 5596 καὶ
2733 5519 2826 5583 οὺς
2882 5516 3628 5596 é_1t’_:a610cpwpco_e6pexa0’

1973 5543 2091 5577 κιυς
2151 5543 2178 5570 0
2262 5543 2534 5594 ΑγγεΛος,
2583 5543 2676 5574 και
2733 5543 2826 5583 Ους
2882 5543 2948 5574 επ
3024 5543 3152 5575 αυτο
3199 5543 3328 5596 ωρῳ
3362 5543 3480 5594 ευρε
3509 5543 3610 5578 καυ

1973 5587 2188 5669 ἑαυτξῦ,
2223 5588 2780 5669 καὶ-ἐφιλοτιμήσατο
2831 5591 2920 5646 καὶ
2970 5543 3292 5668 ἀξιωμῖεων
3335 5592 3456 5669 ὕψει
3497 5595 3631 5650 ὕπε-

1975 5653 2275 5734 ρεϐίϐασεν.
2309 5653 2447 5720 Χὶίῐ..
