4052 6316
459 368 578 443 τοι
1847 369 2167 434 GEORGII
2211 370 2553 434 CEDBENI
3755 368 3876 429 792

467 515 829 588 persuadent
857 513 1136 571 Romanis
1183 514 1333 588 fuga;
1381 526 1618 568 causam
1668 525 1797 567 esse
1849 514 2102 566 metum.

2222 511 2332 560 τῶν
2391 505 2684 579 Ῥωμαίων
2741 507 2880 582 πρὸς
2937 509 3066 572 τοὺς
3150 508 3378 583 Πέρσας,
3433 507 3527 564 καὶ
3589 504 3870 572 πείθουσιν

472 600 668 686 Simul
685 610 744 659 et
757 620 961 660 rumor
975 605 1220 660 atl'ertur
1239 599 1378 658 S'ain
1399 604 1714 658 Persarum
1737 600 1950 656 ducem
1970 613 2120 654 novo

2222 591 2418 686 αίιτοδς
2465 593 2549 650 δτι
2607 593 2668 686 ἐκ
2723 592 2932 659 δειλίας
2985 596 3276 675 φεύγουσιν
3304 597 3357 652 οἱ
3385 597 3671 671 Ῥωμαῖοι.
3699 595 3874 653 Ἦλθε

474 682 616 748 cum
640 693 905 749 exercitu
942 691 1243 756 advenire.
1276 693 1401 747 suis
1447 690 1668 747 auxilio
1717 689 1986 744 missum.
2020 685 2121 742 llis

2223 679 2282 738 δὲ
2333 680 2519 745 αὐτοῖς
2573 683 2664 740 καὶ
2723 686 2885 762 φήμη
2943 685 3036 741 τὸν
3098 683 3227 740 Σαΐν
3287 685 3592 762 στρατηγὸν
3649 686 3872 760 Περσῶν

476 782 728 858 Cognitis
777 781 1174 838 Sarbarancas
1223 787 1282 837 et
1339 780 1686 836 Sarbarazas
1733 778 1796 834 in
1857 778 2009 834 ⁸12³
2061 774 2126 830 id

475 871 900 952 incubuerunt,
934 877 1000 928 ut
1029 887 1165 927 cum
1216 869 1488 926 Heraclio
1532 867 1924 940 conﬂigerent
1961 864 2125 938 prius

476 947 655 1036 quam
686 955 814 1020 Sais
843 947 1266 1034 superveniens
1315 960 1390 1017 ad
1436 975 1564 1015 sese
1597 959 1856 1015 victorias
1887 955 2123 1012 laudem

473 1053 842 1110 transferret.
875 1040 1078 1107 Fidem
1110 1067 1346 1123 quoque
1393 1049 1831 1121 transfugarum
1861 1045 2122 1102 sermoni

473 1129 764 1221 habentes
794 1128 868 1197 ad
897 1129 1234 1196 Heracliam
1266 1143 1662 1207 accesserunt,
1697 1141 1756 1192 et
1782 1137 1845 1192 in
1879 1137 2122 1208 propin-

476 1223 594 1306 qu'o
623 1236 818 1310 castra
863 1234 1210 1304 posuerunt,
1244 1229 1306 1285 in
1354 1229 1557 1285 animo
1611 1225 1899 1282 habentes
1927 1225 2124 1298 prima

471 1318 607 1379 luce
632 1309 876 1377 manum
904 1316 1238 1376 conserere.
1266 1315 1568 1372 Heraclius
1589 1319 1788 1372 autem
1813 1311 1994 1370 motis
2013 1309 2122 1368 sub

475 1426 786 1489 vesperam
815 1409 1024 1466 castris
1052 1425 1161 1481 per
1190 1410 1372 1463 totam
1403 1408 1642 1461 noctem
1671 1405 1784 1460 iter
1809 1402 1971 1470 fecit,
1993 1417 2124 1474 pro-

476 1499 693 1574 culque
711 1499 784 1555 ab
801 1497 1072 1554 hostibus
1088 1493 1154 1553 in
1169 1511 1444 1569 campum
1465 1495 1754 1550 virentem
1774 1507 2122 1566 progressus

478 1579 559 1645 ibi
591 1593 785 1645 castra
812 1579 1030 1661 posuit.
1062 1585 1248 1654 Quem
1279 1584 1517 1641 Barbari
1549 1599 1670 1656 prus
1699 1588 1862 1639 metu
1897 1581 2121 1654 fugisse

475 1680 590 1737 rati
647 1673 893 1736 confuso
945 1678 1180 1752 agmine
1243 1673 1540 1749 persecuti
1599 1679 1756 1731 sunt.
1818 1672 2122 1729 Heraclius

477 1763 780 1853 autemliis
811 1767 1088 1836 occurrit,
1118 1781 1432 1840 pugnaque
1478 1764 1798 1821 commissa
1839 1761 2120 1817 divinitus

475 1850 716 1937 adjutus
773 1872 878 1912 eos
925 1855 1098 1926 fudit,
1155 1855 1578 1926 insecutusque
1646 1869 1756 1925 per
1827 1850 2122 1907 convalles
2152 1872 2198 1938 Β

476 1944 750 2042 magnam
769 1942 1306 2042 stragemwhostium
1331 1941 1534 1999 edidit.
1561 1943 1825 2042 Durante
1842 1940 2036 1996 adhuc
2051 1955 2120 1995 eo

475 2029 820 2116 certamine,
844 2029 1059 2092 Sainus
1087 2049 1324 2107 quoque
1347 2050 1454 2090 suo
1477 2049 1612 2089 cum
1634 2031 1896 2088 exercitu
1923 2045 2124 2102 super-

474 2108 636 2182 venit
661 2142 677 2200 ς
701 2109 806 2182 sed
837 2127 896 2180 et
923 2123 1083 2179 hunc
1106 2115 1261 2178 fudit
1289 2121 1612 2178 Heraclius.
1647 2121 1944 2192 Multaque
1961 2119 2121 2174 czede

474 2215 736 2292 hostium
765 2215 920 2270 facta
950 2212 1219 2286 palantes
1250 2211 1510 2282 reliquos
1533 2213 1592 2266 in
1624 2210 1759 2282 fuga
1791 2209 2122 2281 dissipavit,

475 2292 649 2376 capto
679 2303 858 2359 etiam
883 2293 1052 2358 'tuldo
1087 2299 1372 2356 hostium.

544 2570 690 2632 Inde
723 2573 1037 2631 Sabarazas
1066 2589 1201 2629 cum
1227 2572 1404 2630 Saino
1429 2571 1738 2646 conjungit
1759 2588 1842 2640 se,
1867 2587 2120 2642 cumque

476 2664 740 2746 reliquos
756 2649 1048 2720 Barbaros
1070 2651 1468 2735 collegissent,
1493 2659 1686 2717 denuo
1708 2661 1929 2717 adoriri
1951 2662 2123 2718 Hera-

477 2745 660 2812 clium
690 2757 978 2810 statuunt.
1018 2753 1232 2808 Verum
1263 2745 1314 2808 is
1361 2767 1467 2824 per
1495 2765 1706 2824 aspera
1752 2757 1812 2807 et
1838 2751 2124 2808 transitus

475 2825 750 2924 difficiles
799 2839 1078 2898 habentia
1123 2840 1255 2924 loca
1301 2834 1377 2896 ad
1427 2836 1773 2896 Hunnorum
1819 2840 2123 2913 regionem

473 2918 802 2998 contendit,
825 2918 1282 3002 insequentibus
1311 2944 1346 2984 a
1364 2925 1525 3002 tergo
1543 2927 1977 2996 Barbaris,cum
1999 2929 2126 3000 qui-

470 3009 607 3078 dem
646 3003 778 3076 Lazi
817 3011 891 3074 et
937 3016 1152 3090 Abasgi
1201 3015 1520 3072 formidine
1569 3016 1826 3087 correpti
1871 3015 2124 3072 desertis

469 3101 754 3168 Romanis
771 3104 1014 3164 domum
1035 3105 1458 3162 discesserunt.
1475 3105 1599 3170 Quo
1620 3106 1776 3161 facto
1797 3102 2122 3160 delectatus

470 3185 684 3259 Sainus
712 3183 993 3254 audacter
1030 3211 1163 3252 cum
1197 3195 1320 3251 suis
1363 3195 1426 3250 in
1470 3193 1803 3250 Heraclium
1836 3195 1955 3250 ivit.
1987 3197 2114 3251 Im-

467 3293 708 3370 perator
727 3291 926 3370 autem
952 3285 1187 3341 animos
1203 3269 1450 3340 suorum
1469 3279 1574 3340 tali
1606 3285 1872 3339 oratione
1895 3285 2118 3340 excita-

469 3361 558 3435 vit
586 3395 599 3432 :
631 3361 844 3447 Nolite,
876 3369 1110 3442 fratres,
1142 3374 1404 3430 hostium
1441 3373 1826 3430 multitudine
1855 3375 2066 3430 terreri
2099 3391 2114 3431 :

475 3451 633 3524 unus
663 3462 829 3540 enim
853 3469 1150 3530 nostrum,
1183 3463 1300 3517 Deo
1343 3463 1427 3517 ita
1471 3459 1722 3530 volente,
1753 3462 1916 3517 mille
1961 3463 2117 3519 viros

471 3545 718 3650 iugabit.
740 3551 1123 3644 Immolemus
1147 3549 1299 3607 124
1329 3565 1439 3639 nos
1467 3544 1587 3605 Deo
1617 3549 1867 3605 fratrum
1889 3557 2118 3608 nostro-

470 3631 604 3703 rum
629 3635 842 3710 salute,
869 3638 1237 3712 coronasque
1268 3631 1593 3712 martyrum
1626 3639 2118 3712 adipiscamur,ut

470 3726 790 3810 posteritas
817 3749 928 3788 nos
956 3731 1176 3786 laudet.
1213 3723 1312 3786 His
1331 3729 1585 3801 aliisque
1612 3729 1883 3802 pluribus
1909 3731 2115 3787 cohor-

471 3811 628 3882 tatus
659 3811 798 3880 suos
829 3822 962 3878 laeto
995 3821 1158 3875 vultu
1189 3819 1374 3874 aciem
1408 3819 1669 3874 instruit.
1711 3820 2116 3876 Constiterunt

467 3915 724 3990 adversus
751 3911 908 3968 acies
930 3910 1140 3990 exiguo
1162 3908 1474 3981 interjecto
1498 3908 1706 3980 spatio,
1742 3914 1802 3964 et
1819 3925 2006 3980 usque
2038 3910 2112 3966 ad

466 3985 772 4076 vesperam
796 3985 1076 4058 conflictu
1095 3997 1530 4054 abstinuerunt.
1557 4000 1808 4070 Vespera
1829 3999 2114 4070 ingruen-

465 4100 544 4163 te,
577 4095 903 4165 imperator
929 4089 990 4144 in
1022 4088 1234 4144 itinere
1265 4087 1545 4159 perrexit,
1568 4103 1805 4142 rursum
1837 4088 2111 4144 Barbaris

466 4195 502 4242 ε
528 4189 696 4257 tergo
723 4177 1134 4252 sequentibus.
1167 4177 1274 4242 Qui
1305 4192 1442 4233 cum
1475 4181 1701 4232 mutata
1741 4178 2108 4248 profectione

466 4276 838 4332 antevertere
893 4271 1272 4333 conarentur,
1320 4264 1661 4321 inciderunt
1701 4265 1764 4321 in
1821 4266 2110 4338 palustria

463 4363 614 4427 loca,
645 4357 902 4430 indeque
932 4355 1094 4412 exire
1124 4369 1331 4409 rursus
1360 4354 1546 4408 coacti
1591 4359 1746 4409 sunt.
1781 4354 2109 4426 Imperator

2220 766 2660 844 καταλαμϐάνειν
2723 774 2839 846 μεθ’
2897 773 3082 848 ἑτέρου
3142 775 3544 850 στρατεύματος
3601 773 3678 836 εἷς
3731 775 3874 849 βοή.

2219 861 2386 918 θειαν.
2418 863 2592 919 Τοῦτο
2649 861 2904 935 μαθόντες
2963 858 3348 940 Σαρϐαραγκᾶς
3403 885 3463 919 τε
3515 862 3607 918 καὶ
3655 859 3872 936 Σαρδα-

2223 956 2386 1025 ραζᾶς
2452 952 2787 1028 ἠγωνίσαντο
2873 950 3172 1029 συμϐαλεῖν
3251 953 3496 1028 ⁴πόλεμον
3561 954 3873 1030 Ἡρακλείῳ

2220 1039 2329 1114 πρὸ
2355 1043 2454 1095 τοῦ
2483 1041 2679 1120 φθάσαι
2720 1043 2811 1100 τὸν
2865 1044 3018 1115 Σαῖν,
3075 1043 3166 1099 καὶ
3215 1045 3315 1115 τὴν
3373 1043 3527 1115 νίκην
3555 1043 3640 1098 ἐπ’
3671 1041 3874 1104 αὐτοὺς

2227 1134 2575 1206 μετενεγκεῖν.
2635 1132 3020 1198 Πιστεύσαντες
3077 1130 3136 1189 δὶ
3189 1133 3278 1188 καὶ
3351 1137 3472 1195 τοῖς
3529 1131 3872 1206 αὐτομόλοις

2225 1217 2515 1294 ἐχώρησαν
2567 1221 2706 1276 κατά
2761 1219 3111 1296 Ἡρακλείου.
3161 1221 3260 1278 Καὶ
3291 1220 3697 1292 πλησιάσαντες
3728 1221 3875 1296 αὐτῷ

2224 1310 2656 1379 κατεσκήνωσαν,
2720 1309 3052 1387 βουλόμενοι
3109 1313 3224 1386 ἅμα
3278 1318 3426 1388 πρωῖ
3455 1307 3787 1386 συμϐαλεῖν.
3816 1314 3873 1371 Ὀ

2227 1393 2284 1452 δὲ
2337 1397 2656 1474 Ἡράκλειος
2709 1399 2916 1478 ἀπάρας
2969 1402 3059 1480 ἀφ’
3109 1400 3336 1476 ἑσπέρας
3391 1398 3593 1458 ὥδευσε
3632 1399 3708 1456 δι’
3741 1399 3875 1474 ὅλης

2224 1489 2326 1552 τῆς
2357 1488 2570 1559 νυκτὸς,
2633 1491 2840 1563 μακράν
2897 1511 2957 1547 τε
3009 1491 3302 1568 γενόμενος
3342 1492 3434 1548 ἀπ’
3463 1493 3671 1563 αὐτῶν,
3705 1492 3872 1569 εὑρὼν

2225 1573 2410 1632 πεδίον
2466 1575 2819 1657 χλοηφόρον,
2877 1578 3195 1652 ἥπλήκευσε
3249 1583 3382 1657 (46).
3439 1580 3788 1656 Νομίσαντες
3819 1580 3872 1638 δὲ

2226 1666 2280 1751 οἱ
2337 1661 2613 1744 Βάρϐαροι
2697 1666 2856 1725 αυτὸν
2923 1667 2984 1728 ἐκ
3057 1667 3265 1734 δειλίας
3333 1671 3544 1751 φεύγειν
3611 1671 3870 1746 ἀκόσμως

2225 1750 2472 1810 ἐδίωκον·
2539 1755 2700 1818 αὐτὸς
2793 1753 2851 1813 δὲ
2943 1757 3267 1821 ὑπαντιάσας
3349 1750 3538 1821 αὐτοῖς
3611 1757 3871 1835 ἐκρότησε

2225 1841 2496 1918 πόλεμον,
2558 1845 2650 1901 καὶ
2714 1848 2784 1920 τῇ
2849 1850 2946 1902 τοῦ
3007 1851 3140 1903 Θεοῦ
3207 1847 3460 1924 συνεργίᾳ
3508 1849 3702 1924 τρέπει
3751 1849 3872 1913 τοὺς

2227 1927 2567 2007 Βαρϐάρους,
2599 1933 2690 1990 καὶ
2719 1936 2948 1998 τούτους
3009 1939 3096 2010 [Ρ.
3126 1939 3255 2011 413]
3309 1933 3397 1992 διὰ
3433 1941 3541 1992 τῶν
3573 1939 3872 2018 φαράγγων

2227 2018 2423 2092 διώξας
2453 2021 2644 2095 πλήθη
2676 2022 2864 2080 πολλά
2918 2024 3152 2083 ἀνεῖλεν.
3212 2027 3304 2084 Ἐν
3349 2031 3429 2099 τῷ
3459 2026 3658 2100 μεταξὺ
3691 2025 3750 2084 δέ
3777 2031 3878 2084 τῶν

2227 2111 2450 2185 ἀγώνων
2502 2107 2672 2167 ὄντων
2729 2108 2922 2192 ἔφθασε
2978 2114 3068 2170 καὶ
3122 2115 3152 2169 6
3208 2116 3338 2170 Σαῒν
3398 2116 3489 2170 σὺν
3544 2119 3628 2188 τῷ
3683 2117 3871 2172 ἑαυτοῦ

2227 2196 2810 2276 στρατῷ.-Συμ6αλὼν
2841 2200 2901 2258 δὲ
2940 2203 3028 2258 καὶ
3069 2205 3184 2277 μετ’
3213 2204 3380 2260 αὐτοῦ
3411 2206 3440 2260 6
3474 2203 3756 2281 βασιλεὺς,
3787 2205 3874 2261 καὶ

2225 2295 2418 2346 τοῦτον
2443 2293 2642 2368 τρέψας
2696 2292 2944 2356 πολλοὺς
2999 2293 3185 2350 ἀνεῖλε
3235 2295 3327 2350 καὶ
3368 2294 3496 2360 τοὺς
3525 2293 3761 2359 λοιποὺς
3793 2293 3873 2351 δι-

2227 2378 2440 2455 έσπειρε
2469 2381 2788 2458 φεύγοντας,
2845 2379 3120 2459 παρέλαϐε
3176 2383 3235 2440 δὶ
3283 2386 3375 2441 καὶ
3402 2385 3466 2440 τὸ
3493 2382 3731 2442 τοῦλδον
3775 2385 3872 2442 αὖ·

2225 2491 2358 2529 των.

2297 2563 2360 2622 Ὀ
2426 2559 2484 2620 δὲ
2551 2559 2905 2640 Σαρὸαραζᾶς
2971 2565 3187 2632 ἒνωθεές
3247 2571 3332 2640 τῷ
3395 2564 3523 2624 Σαῒν
3590 2565 3868 2641 ἒπισυνῆξε

2224 2651 2352 2716 τοὺς
2383 2652 2810 2733 ὅπολειφθέντας
2867 2651 3202 2732 Βαρϐάρους,
3251 2658 3344 2714 καὶ
3373 2655 3542 2714 πάλιν
3573 2654 3864 2714 διενοοῦντο

2226 2743 2363 2798 κατὰ
2415 2748 2516 2798 τοῦ
2575 2741 2848 2818 βασιλέως
2903 2751 3132 2826 χωρεῖν.
3185 2747 3248 2805 Ὁ
3305 2744 3365 2802 δὲ
3417 2746 3738 2824 Ἡράκλειος
3777 2745 3860 2802 ἐπὶ

2225 2832 2325 2902 τὴν
2355 2836 2464 2889 τῶν
2493 2834 2718 2892 Οὕννων
2769 2835 2958 2910 χώραν
3008 2837 3099 2892 καὶ
3145 2841 3266 2899 ταῖς
3291 2837 3502 2896 τούτων
3535 2835 3856 2916 δυσχωρίαις

2226 2923 2458 2994 ἤλαυνεν
2520 2923 2575 2980 ἐν
2629 2927 2823 2990 τόποις
2889 2927 3116 3003 τραχέσι
3171 2928 3263 2984 καὶ
3319 2925 3624 2993 δυσϐάτοις.
3679 2930 3743 2988 Οἱ
3794 2927 3849 2985 δὲ

2227 3008 2500 3090 Βάρϐαροι
2549 3014 2726 3070 ὀπισω
2772 3015 2938 3071 αὐτοῦ
2983 3016 3343 3087 ἠκολούθουν.
3385 3018 3454 3076 Οἱ
3487 3020 3667 3094 μέντοι
3695 3016 3853 3088 Λαζοὶ

2226 3104 2342 3177 ’ἅμα
2397 3109 2516 3167 τοῖς
2573 3100 2863 3182 Ἀϐασγοῖς
2921 3105 3286 3172 δειλιάσαντες
3313 3107 3620 3164 ἀπέσπασαν
3647 3109 3856 3170 ἑαυτοὺς

2225 3199 2328 3262 τῆς
2370 3197 2478 3248 τῶν
2531 3194 2820 3268 Ῥωμαίων
2853 3195 3176 3270 συμμαχίας
3230 3197 3324 3252 καὶ
3369 3193 3550 3252 οἴκαδε
3585 3197 3862 3272 ἀνεχώρη-

2225 3302 2342 3338 σαν.
2373 3283 2436 3340 '0
2482 3279 2541 3338 δὶ
2598 3285 2728 3338 Σαῒν
2773 3285 2958 3354 ἡσθεὶς
3016 3283 3102 3340 ἐπὶ
3159 3287 3340 3358 τούτῷ
3366 3288 3516 3358 θυμῷ
3542 3283 3736 3357 πολλῷ
3765 3285 3857 3339 σὺν

2223 3375 2340 3434 τοῖς
2371 3367 2675 3448 Βαρϐάροις
2731 3370 2932 3448 ἐχώρει
2988 3373 3124 3428 κατὰ
3160 3373 3497 3449 Ἡρακλείου.
3525 3374 3589 3432 Ὁ
3615 3371 3670 3429 δέ
3698 3375 3853 3448 βασι-

2225 3457 2351 3524 λεὺς
2381 3459 2567 3535 λόγοις
2591 3461 2683 3516 τὸν
2737 3462 2964 3538 στρατὸν
3017 3461 3400 3538 ἀναπτερώσας
3429 3463 3656 3538 παρῄνει
3686 3461 3850 3540 λέγον

2219 3549 2298 3606 Τὸ
2325 3548 2542 3618 πλῆθος
2574 3550 2732 3623 ὑμᾶς,
2788 3549 3036 3630 ἀδελφοὶ,
3101 3553 3178 3624 μή
3234 3552 3563 3626 ταραττέτω’
3596 3556 3727 3609 Θεοῦ
3751 3551 3852 3626 γὰρ

2221 3635 2476 3702 θέλοντος
2533 3642 2611 3702 εἷς
2667 3637 2847 3710 διώξει
2897 3639 3140 3720 χιλίους.
3199 3643 3456 3716 Θύσωμεν
3488 3641 3584 3698 οὖν
3621 3647 3702 3715 τῷ
3744 3645 3854 3714 Θεῷ

2219 3727 2440 3790 ἑαυτοὺς
2505 3729 2638 3804 ὑπὲρ
2701 3735 2802 3799 τῆς
2864 3734 2972 3785 τῶν
3037 3727 3285 3808 ἀδελφῶν
3351 3733 3515 3806 ἡμῶν
3565 3731 3850 3806 σωτηρίας.

2219 3810 2485 3888 Λᾶὅωμεν
2515 3817 2681 3894 στέφη
2717 3817 3028 3893 μαρτύρων,
3053 3815 3144 3872 *ἱνα
3190 3819 3219 3872 6
3269 3816 3489 3892 μέλλων
3531 3821 3680 3892 ἡμᾶς
3709 3819 3855 3874 ἐπαι-

2215 3907 2340 3981 νέσῃ
2371 3908 2590 3981 χρόνος.
2618 3906 2852 3968 Τούτοις
2893 3907 2983 3962 καὶ
3032 3905 3228 3970 ἄλλοις
3262 3905 3478 3963 πλείοσι
3516 3907 3856 3985 παραθαῤῥύ-

2214 4017 2309 4057 νας
2334 3997 2427 4052 τὸν
2483 3997 2708 4071 στρατὸν
2765 3994 2979 4075 φαιδρῷ
3032 4001 3113 4068 τῷ
3167 3998 3450 4072 προσώπῳ
3501 3997 3741 4074 ἐξαρτύει
3771 3997 3853 4052 τὸν

2213 4085 2478 4159 πόλεμον.
2514 4085 2616 4142 Καὶ
2649 4085 2865 4150 στάντες
2913 4084 2996 4140 ἐπ’
3051 4085 3327 4157 ἀλλήλοις
3362 4086 3468 4143 ἀπὸ
3503 4092 3706 4163 μικροῦ
3735 4085 3850 4142 δια-

2213 4177 2495 4250 στήματος
2549 4174 2714 4238 ἓωθεν
2767 4176 2965 4250 μέχρις
3019 4173 3244 4251 ἑσπέρας
3299 4173 3577 4246 ἀλλήλοις
3631 4177 3698 4232 οὗ
3735 4197 3851 4232 συν-

2214 4259 2432 4323 έϐαλον.
2473 4264 2736 4339 Ἑσπέρας
2795 4261 2852 4319 δὲ
2907 4260 3324 4336 καταλαϐούσης
3373 4266 3401 4320 6
3461 4267 3723 4340 βασιλεὺς
3757 4272 3848 4334 τῆς

2211 4351 2526 4427 ὁδοιπορίας
2558 4351 2886 4433 εἴχετοικαὶ
2923 4355 2976 4409 οἱ
3043 4349 3314 4430 Βάρϐαροι
3351 4353 3516 4410 πάλιν
3547 4356 3728 4412 ὀπισω
3757 4355 3849 4410 αὐ-

466 4455 666 4508 autem
695 4462 831 4503 cum
870 4445 1042 4518 juxta
1085 4442 1564 4498 Persarmeniam
1609 4443 1872 4509 duceret,
1917 4461 2105 4516 eaque

2222 4446 2307 4498 τοῦ
2336 4441 2696 4513 ἠκολούθουν.
2755 4441 3174 4513 Ἐναλλάξαντες
3231 4441 3289 4499 δὲ
3331 4447 3432 4515 τήν
3464 4442 3614 4514 ὁδὸν,
3644 4443 3848 4521 προλα-

465 4537 627 4609 regio
656 4533 854 4590 Persis
883 4530 1176 4595 subesset,
1205 4527 1378 4584 multi
1409 4543 1482 4583 ex
1512 4545 1582 4584 ea
1621 4529 1696 4585 ad
1727 4530 2104 4588 Sarbarazam

2222 4528 2324 4587 δεῖν
2355 4537 2546 4588 τοῦτον
2604 4530 2958 4606 βουλόμενοι,
3017 4530 3378 4606 ἐμπίπτουσιν
3425 4533 3504 4596 εἲς
3532 4533 3704 4592 τόπον
3733 4531 3845 4590 τελ-

460 4599 708 4698 protecti
732 4619 932 4691 copias
948 4616 1080 4689 ejus
1095 4621 1388 4672 auxerunt
1411 4633 1423 4670 :
1447 4617 1551 4672 sed
1573 4617 1769 4673 hieme
1790 4626 2106 4690 appetente

2222 4619 2468 4694 ματώδη,
2523 4599 2615 4676 καῖ
2672 4599 3081 4696 ἠναχκάσθησάν
3147 4621 3402 4693 ἐξελθεῖν.
3459 4624 3521 4680 Ὁ
3579 4621 3635 4680 δὲ
3701 4626 3844 4701 βασι-

461 4714 708 4771 domum
737 4709 992 4780 quisque
1029 4721 1197 4762 suam
1240 4704 1661 4761 discesserunt.
1693 4709 1773 4761 Eo
1803 4715 2105 4779 comperto

417 4803 770 4862 -lieraclius
825 4804 1010 4855 noctu
1065 4797 1273 4853 statuit
1325 4797 1527 4853 hostes
1582 4800 1839 4870 aggredi.
1900 4802 2106 4873 Itaque

463 4886 726 4954 delectos
747 4891 978 4964 equites
993 4888 1748 4960 robore-prmatantisslmos
1769 4894 1828 4945 et
1847 4891 2105 4948 militum

460 4985 818 5045 fortissimos
867 4977 1204 5052 praecedere
1243 4977 1438 5048 jubet,
1486 4977 1629 5048 ipse,
1667 4993 1802 5034 cum
1856 4980 2104 5052 reliquis

2216 4710 2342 4774 λεὺς
2370 4713 2470 4782 τήν
2524 4716 2630 4785 γῆν
2689 4711 3091 4785 Περσαρμενίας
3142 4713 3467 4790 παρέτρεχε.
3518 4715 3628 4782 Τῆς
3666 4719 3765 4787 γῆς
3795 4707 3846 4764 δέ

2214 4800 2422 4870 ἐκείνης
2473 4801 2576 4856 ὑπὸ
2623 4803 2729 4854 τῶν
2776 4803 2996 4873 Περσῶν
3048 4801 3424 4874 κρατουμένης
3471 4800 3683 4857 πολλοὶ
3734 4820 3844 4855 συν-

2211 4891 2434 4964 έτρεχον
2491 4893 2572 4961 τῷ
2631 4883 2974 4963 Σαρϐαραζᾷ,
3029 4887 3118 4944 καὶ
3175 4889 3388 4962 ηὐξεῖτο
3447 4893 3476 4946 ὁ
3505 4889 3638 4953 λαὸς
3671 4890 3842 4946 αὐτοῦ’

2211 4982 2491 5054 χειμῶνος
2549 4975 2608 5033 δὶ
2663 4976 3049 5051 ἐπιγενομένου
3107 4975 3437 5051 ἐσκορπίσθη
3493 4976 3719 5043 ἕκαστος
3775 4976 3842 5037 εἷς

461 5075 865 5156 subsequitur.
925 5071 1009 5124 Ita
1066 5067 1312 5156 Romani
1381 5065 1733 5124 festinantes
1791 5071 2100 5128 castellum

2222 5071 2300 5126 τὸν
2328 5067 2471 5125 ’ἰδιον
2503 5070 2694 5127 τόπον.
2743 5073 2915 5126 Τοῦτο
2973 5069 3157 5142 μαθὼν
3217 5071 3246 5125 6
3307 5069 3564 5147 βασιλεὺς
3595 5071 3840 5128 διενοεῖτο

455 5149 821 5226 Albanorum
833 5159 980 5216 hora
999 5149 1190 5212 noctis
1211 5171 1371 5211 nona
1391 5161 1702 5228 occupant.
1725 5157 1948 5223 Quibus
1964 5177 2100 5217 cum

452 5262 670 5326 Persea,
703 5249 960 5312 adventu
988 5262 1194 5303 eorum
1227 5245 1484 5319 cognito,
1509 5253 1907 5316 occurrerent,
1941 5251 2098 5306 occi-

2211 5159 2263 5217 ἐν
2321 5158 2471 5215 νυκτῖ
2529 5157 2728 5233 κλέψαι
2817 5157 2910 5214 τὸν
2980 5158 3248 5231 πόΛεμον.
3306 5159 3402 5215 Καὶ
3469 5160 3840 5235 ἒπιλέξάμενος

2203 5248 2409 5312 ἵππους
2459 5248 2746 5318 εὐσθενεῖς,
2803 5247 2894 5303 καὶ
2947 5251 3046 5302 τοῦ
3104 5253 3334 5324 στρατοῦ
3379 5249 3510 5314 τοὺς
3550 5247 3838 5330 ἀνδρειοτέ·

1649 5374 2012 5434 XYLANDRI
2049 5379 2136 5434 ET
2175 5378 2390 5436 GOARI
2428 5379 2652 5435 ΝΟΤᾹΞ.

521 5505 648 5582 (4ο)-
662 5503 855 5560 Castra
881 5501 1102 5582 _po_suit.
1134 5497 1296 5582 Hanc
1339 5513 1468 5580 esse
1513 5495 1692 5570 hujus
1721 5501 1880 5582 vocis
1909 5500 2091 5582 signi.

2201 5503 2340 5571 cuit,
2372 5505 2636 5572 admovit,
2681 5505 2889 5572 posuit,
2945 5503 3092 5572 ﬁxit.
3151 5506 3234 5560 [ta
3279 5506 3499 5563 Paulus
3531 5508 3832 5564 Diaconus.

450 5567 812 5648 ﬁcatio'nem,
845 5567 915 5628 ei
962 5571 1271 5648 frequente
1313 5567 1445 5648 ejus
1465 5567 1609 5648 .usu’
1632 5571 1788 5642 apud
1819 5567 2090 5648 nostrum
2203 5567 2458 5648 Verbum
2487 5592 2523 5632 θ.
2553 5567 2758 5630 Latina
2787 5567 2989 5648 lingua
3019 5575 3355 5634 traductum
3400 5584 3491 5634 est
3544 5579 3604 5634 τὸ
3658 5576 3833 5646 ἀπλη-

450 5639 840 5722 deprehendi,
865 5642 993 5722 __rei
1067 5639 1279 5722 notitia

450 5706 837 5794 duplicante.’
865 5713 1006 5771 ΧΠ..
1063 5741 1133 5753 -
1189 5706 1568 5782 ’Βπλήκευση
1641 5714 1835 5772 Castra
1899 5716 2089 5787 app“-

1393 5639 1687 5717 arbarum:
1737 5641 2088 5717 vocabulum
2197 5645 2364 5717 χεύω,
2393 5653 2576 5705 castra
2603 5652 2795 5703 metor.
2839 5639 3012 5702 Gbss.
