4108 6300
488 453 607 514 793
1626 437 2131 505 HISTORIA-lim

2242 438 2768 506 ὩΜΡΕΝΟΙΠΜ.
3760 481 3763 484 ν
3793 444 3909 504 τοι

492 600 621 658 ρους
653 577 874 647 διελὼν,
923 577 1184 655 προάγειν
1239 577 1368 639 τοὺς
1432 575 1527 649 μὲν
1579 572 1829 632 ἐκέλευσε
1886 572 2021 627 κατά
2048 574 2131 625 τοί

2259 572 2435 629 dione
2468 591 2502 631 a
2530 576 2811 633 Romanis
2831 577 2969 633 caesi
2996 580 3153 644 sunt,
3187 576 3336 645 solo,
3358 578 3425 631 ut
3453 574 3763 647 proverbio
3786 572 3907 632 dici

490 657 802 746 Βαρϐάρου,
833 667 996 728 αὐτὸς
1056 664 1115 722 ὀὶ
1175 663 1267 720 σὺν
1326 669 1447 727 τοῖς
1499 663 1705 739 ἑτέροις
1736 661 1912 717 ὀπίσω
1937 657 2147 746 τούτων

489 744 693 817 εἴιιετο.
757 756 1092 821 Σπεύσαντες
1152 752 1211 810 δὲ
1266 749 1568 810 κατέλαϐον
1618 750 1826 828 χωρίον
1857 744 2141 806 Ἀλϐανῶν

490 849 608 926 ὥρᾳ
658 850 701 905 θ’
750 854 850 917 τῆς
907 845 1122 906 νυκτός.
1183 848 1302 899 Τῶν
1364 839 1423 898 δὶ
1479 846 1699 917 Περσῶν
1750 839 1991 918 γνόντων
2039 838 2139 908 τὴν

490 934 686 1017 ἔφοδον
745 935 834 991 καὶ
896 933 1258 1010 ὁρμησάντων
1314 935 1434 988 κατ’
1489 930 1690 999 αὐτῶν,
1757 931 1809 985 οἱ
1874 932 2143 1000 Ῥωμαῖοι

490 1016 719 1088 τούτους
760 1025 966 1087 πάντας
1009 1020 1249 1078 ἀνεῖλον.
1296 1021 1462 1097 πάρεξ
1507 1019 1645 1092 ἐνὸς,
1694 1018 1758 1074 τὸ
1804 1022 1901 1074 τοῦ
1946 1016 2140 1091 λόγου,

490 1117 798 1193 πυρφόρου,
831 1114 890 1177 ὅς
921 1112 1012 1169 καὶ
1059 1117 1138 1185 τῷ
1190 1106 1459 1186 Βαρϐάρῳ
1509 1108 1789 1183 ἐμήνυσεν.
1820 1108 1882 1193 Ὁ
1913 1104 1970 1161 δὲ
2000 1108 2142 1180 Βάρ-

493 1190 659 1281 ϐαρος
716 1204 926 1280 γυμνὸς
974 1201 1064 1258 καὶ
1117 1196 1450 1262 ἀνυπόδετος
1514 1197 1672 1271 ἳππῳ
1736 1190 1927 1258 ἐπιϐάς
1991 1198 2141 1275 φυγῇ

484 1300 586 1367 τήν
623 1297 899 1372 σωτηρίαν
958 1294 1268 1369 ἐπορίζετο.
1325 1293 1538 1351 Τούτου
1588 1291 1684 1354 τάς
1740 1293 1999 1364 γυναῖκας
2050 1286 2141 1340 καὶ

489 1392 593 1450 πᾶς
634 1388 695 1443 τὸ
755 1384 1015 1461 Περσικὸν
1068 1382 1253 1452 ἄνθος,
1311 1379 1582 1457 ἄρχοντάς
1616 1401 1676 1437 τε
1719 1379 1810 1434 καὶ
1865 1377 2141 1452 σατράπας

485 1476 576 1533 καὶ
638 1494 973 1550 στρατιωτας
1040 1471 1359 1534 ἐπιλέκτους
1426 1465 1747 1527 καταλαϐὼν
1815 1465 2139 1529 ἀνελθόντας

489 1563 579 1620 ἐπὶ
606 1568 717 1618 τῶν
748 1559 1017 1633 δωμάτων
1069 1558 1160 1615 καὶ
1207 1557 1457 1631 πόλεμον
1505 1562 1856 1633 κροτοῦντας,
1908 1552 1998 1609 διὰ
2028 1574 2140 1609 πυ-

488 1654 583 1729 ρὸς
613 1649 852 1719 καθεῖλε,
901 1649 995 1705 καὶ
1043 1648 1137 1711 οὕς
1190 1648 1286 1720 μὶν
1343 1640 1598 1715 ἔκτεινεν,
1648 1646 1744 1708 οὕς
1776 1643 1834 1700 δὲ
1861 1643 1993 1718 πυρὶ
2023 1643 2144 1697 ἀνά-

488 1742 683 1808 λωσεν,
735 1738 828 1802 οὕς
887 1737 944 1794 δὲ
1000 1734 1398 1812 αἰχμαλωτους
1455 1730 1665 1792 ἔλαϐεν·
1700 1733 1881 1810 ὀλίγοι
1914 1731 1973 1788 δὶ
1999 1734 2140 1788 πάνυ

2260 664 2431 735 solet,
2464 666 2717 739 facigero
2749 668 3088 740 superstite.
3121 668 3223 739 qui
3253 667 3485 723 cladem
3523 667 3779 723 Barbare
3810 667 3907 722 in—

2252 752 2487 809 dicavit.
2524 756 2815 810 Barbarus
2844 756 3037 812 nudus
3069 762 3128 810 et
3157 757 3287 811 sine
3318 756 3535 811 calceis
3567 773 3718 827 equo
3752 756 3904 811 insi-

2251 841 2380 909 luit,
2410 842 2667 914 fugaque
2696 844 2807 899 sibi
2839 844 3156 900 consuluit.
3190 844 3375 916 Hujus
3396 861 3609 901 uxores
3632 851 3690 900 et
3711 846 3903 900 Persi-

2252 949 2388 988 cum
2418 933 2624 988 ﬂorem
2676 950 2940 1000 omnem,
2989 933 3409 1004 principesque
3459 938 3516 988 et
3544 938 3810 1006 satrapas
3842 940 3902 990 et

2251 1022 2514 1079 delectos
2546 1023 2790 1091 milites,
2825 1039 2959 1078 cum
2991 1040 3170 1093 super
3204 1028 3361 1078 tecta
3398 1023 3710 1079 domorum
3746 1024 3894 1081 725

2251 1111 2587 1184 confugisse
2644 1129 2713 1169 ac
2769 1111 3177 1168 defensionem
3228 1112 3424 1166 moliri
3474 1113 3717 1181 videret,
3765 1114 3899 1185 igne

2251 1200 2521 1271 conjecto
2589 1200 2837 1272 depulit,
2899 1201 3165 1272 aliosque
3234 1200 3550 1265 interfecit,
3611 1201 3900 1271 quosdam

2254 1289 2554 1358 cremavit,
2603 1289 2868 1360 reliquos
2918 1290 3092 1361 cepit,
3127 1289 3441 1361 perpaucis
3480 1288 3621 1361 fuga
3661 1289 3900 1361 elapsis.

2251 1378 2480 1436 Potitus
2528 1386 2621 1435 est
2662 1379 2842 1435 etiam
2889 1379 3071 1435 armis
3124 1379 3387 1448 Barbari,
3420 1395 3600 1435 aureo
3646 1386 3811 1435 scuto
3843 1386 3902 1435 et

2251 1467 2447 1540 gladio
2477 1472 2536 1523 et
2564 1468 2734 1523 hasta
2761 1485 2831 1524 ac
2860 1467 3099 1539 cingulo
3140 1483 3320 1523 aureo
3362 1472 3657 1539 gemmato
3691 1473 3748 1522 et
3778 1468 3903 1523 cal~

2252 1556 2393 1611 ceis.
2426 1556 2568 1611 Inde
2588 1556 2651 1613 in
2673 1573 2774 1612 eos
2797 1556 2963 1612 duxit
2983 1556 3085 1628 qui
3102 1573 3209 1628 per
3231 1573 3401 1628 agros
3423 1555 3672 1627 dispersi
3692 1562 3896 1625 erant;

2253 1660 2472 1715 eosque
2517 1644 2822 1701 insecutus
2877 1645 3099 1701 multos
3155 1645 3392 1713 occidit,
3443 1645 3661 1700 multos
3720 1647 3897 1717 cepit.

2248 1734 2399 1788 Exin
2428 1734 2748 1789 contractis
2779 1733 2955 1789 hilari
3004 1734 3203 1790 animo
3250 1734 3438 1804 copiis
3468 1733 3549 1788 ibi
3593 1734 3893 1791 hiemavit.

486 1830 749 1911 φυγόντες
778 1827 1078 1896 ἐσωθησαν.
1111 1821 1319 1882 Ἔλαϐε
1372 1823 1429 1881 δὲ
1482 1827 1573 1881 καὶ
1630 1826 1698 1881 τὰ
1753 1823 1898 1879 ’ὁπλα
1956 1825 2039 1896 [Ρ.
2088 1823 2217 1911 4ί4]
2253 1824 2366 1911 Ῠτοιῖ
2422 1815 2730 1911 βαρϐάρου,
2759 1824 2861 1893 τήν
2892 1842 2951 1876 τε
2980 1818 3446 1911 χρυσῆνᾲὼπίδα,
3476 1821 3567 1876 καὶ
3601 1822 3893 1897 μέχαιραν,

481 1905 575 1976 καὶ
606 1915 759 1993 δόρυ,
790 1916 881 1971 καὶ
936 1919 1037 1986 τήν
1093 1922 1305 1991 χρυσῆν
1357 1913 1447 1970 καὶ
1508 1911 1758 1969 διάλιθον
1817 1918 2014 1983 ζωνην,
2067 1909 2158 1966 καὶ
2212 1910 2278 1964 τὰ
2322 1906 2649 1983 ὑποδήματα
2679 1910 2863 1966 αὐτοῦ.
2897 1913 3081 1967 Ταῦτα
3113 1908 3169 1965 δὲ
3200 1905 3384 1966 λαϐὼν
3414 1915 3590 1985 χωρεῖ
3617 1912 3754 1965 κατά
3781 1915 3890 1966 τῶν

484 2005 898 2081 διεσπαρμένων
928 2004 980 2059 ἐν
1005 2008 1122 2065 τοῖς
1154 2004 1409 2080 χωρίοις,
1442 2001 1535 2067 οὕς
1561 2004 1649 2058 καὶ
1685 2000 1884 2075 διωξας
1911 1996 2161 2061 πολλοὺς
2190 1994 2390 2054 ἔκτεινε
2427 1999 2514 2054 καὶ
2571 1995 2815 2071 δειμίους
2847 1994 3062 2056 ἔλαϐεν.
3097 1999 3231 2055 Εἶτα
3260 1997 3576 2070 ἐπισυνάξας
3603 1999 3665 2052 τὸ
3695 2000 3892 2054 ἑαυτοῦ

477 2093 846 2170 στρατόπεδον
883 2094 1017 2168 μετὰ
1046 2098 1221 2168 χαρᾶς
1250 2091 1304 2148 ἐν
1335 2091 1558 2155 ἐκείνοις
1587 2098 1707 2157 τοῖς
1727 2091 1924 2153 τόποις
1953 2087 2348 2164 παρεχείμασε.

546 2187 642 2257 Τῷ
676 2184 732 2240 ιε’
760 2178 890 2253 ἔτει,
941 2184 969 2238 6
1023 2180 1280 2257 βασιλεὺς
1329 2180 1648 2257 Ἡράκλειος
1681 2181 1815 2254 μετά
1837 2183 1935 2235 τοῦ
1964 2198 2130 2253 στρα-

2305 2179 2476 2233 Anno
2512 2181 2599 2245 15,
2634 2178 2939 2235 Heraclius
2981 2195 3115 2234 cum
3164 2179 3447 2247 exercitu,
3484 2178 3696 2233 itinere
3726 2180 3888 2249 quod

477 2270 720 2329 τοπύδου
778 2272 946 2327 αὐτοῦ
999 2273 1099 2340 τὴν
1149 2273 1258 2326 τῶν
1316 2270 1508 2347 Σύρων
1577 2266 1704 2325 ὁδὸν
1759 2269 1860 2337 τὴν
1911 2267 2000 2322 ἐπὶ
2056 2272 2137 2340 τῷ

462 2364 677 2435 Ταύρῳ
710 2355 970 2436 ὑπερϐὰς,
1002 2359 1056 2416 ἐν
1085 2360 1220 2415 ἑπτὰ
1237 2359 1470 2434 ἡμέραις
1502 2359 1660 2430 κόπῳ
1724 2355 1925 2429 πολλῷ
1968 2375 2139 2411 κατα-

483 2444 758 2524 λαμϐάνει
802 2449 896 2506 τὸν
948 2449 1136 2523 Τίγριν
1193 2448 1463 2521 ποταμὸν,
1493 2447 1611 2502 εἶτα
1637 2448 1735 2516 τήν
1770 2445 2139 2527 Μαρτυρόποέ-

483 2537 576 2595 λιν
605 2539 696 2593 καὶ
736 2540 836 2608 τὴν
889 2533 1147 2610 Ἅμιδαν·
1204 2537 1292 2592 καὶ
1356 2533 1780 2591 διαναπαύονται
1811 2534 1842 2589 6'
1867 2554 1927 2589 τε
1977 2551 2136 2608 στρα-

481 2630 578 2691 τὸς
612 2629 703 2682 καὶ
731 2630 768 2696 ἡ
797 2626 1176 2702 αἰχμαλωσία.
1227 2627 1496 2684 Ἐντεῦθεν
1548 2644 1845 2702 γραμματα
1882 2623 2021 2699 πρὸς
2073 2623 2137 2678 τὸ

487 2718 784 2786 Βυζάντιον
832 2715 1195 2788 ἐξαπέστειλεν
1247 2716 1277 2771 6
1330 2713 1603 2790 βασιλεὺς,
1651 2713 1744 2768 καὶ
1770 2713 1839 2769 τὰ
1865 2714 1983 2777 καθ’
2013 2714 2134 2768 ἔαυ-

481 2808 577 2862 τὸν
621 2806 790 2861 πάντα
842 2803 1110 2877 ἐδήλωσε,
1141 2805 1233 2860 καὶ
1273 2804 1446 2880 χαρὰν
1494 2807 1563 2869 τῆ
1608 2802 1771 2860 πολει
1801 2802 2134 2873 ἐνεποίησεν.

483 2895 551 2953 Ὁ
580 2893 637 2951 δὲ
664 2890 1018 2971 Σαρϐαραζᾶς
1061 2892 1271 2964 ἐπῆλθε
1313 2895 1437 2949 κάκ’
1482 2893 1668 2950 αὐτοῦ.
1714 2890 2137 2965 Ἐπιλεξάμενος

483 2983 543 3040 δὲ
573 2986 601 3040 ὁ
634 2982 890 3060 βασιλεὺς
936 2983 1068 3053 ἲλην
1121 2987 1468 3059 στρατιωτῶν
1512 2980 1798 3038 ἀπέστειλε
1846 2979 2135 3060 φυλάττειν

482 3074 582 3136 τὰς
631 3073 772 3148 πρός
816 3073 980 3128 αὐτὸν
1030 3071 1265 3150 ἀγούσας
1312 3070 1658 3147 κλεισούρας,
1705 3070 1797 3126 καὶ
1848 3070 2009 3132 αὐτὸς
2038 3071 2134 3131 τὰς

480 3162 624 3237 πρὸς
672 3160 979 3231 Ἀνατολήν
1040 3159 1326 3236 ἐκδραμὼν
1381 3157 1655 3231 διεξόδους
1720 3159 2135 3234 ἀντιπρόσωπος

481 3247 573 3327 ᾔει
601 3255 717 3313 τοῖς
750 3245 1080 3325 Βαρϐάροις,
1128 3248 1218 3305 καὶ
1268 3251 1503 3325 περάσας
1547 3249 1641 3305 τὸν
1686 3249 1938 3325 Νυμφίον
1965 3268 2133 3303 ποτα-

485 3340 587 3414 μὸν
614 3333 885 3396 κατέλαϐε
920 3340 1014 3394 τὸν
1060 3338 1363 3415 Εὐφράτην,
1414 3336 1467 3393 ἐν
1514 3337 1561 3412 ᾦ
1605 3340 1640 3407 ἡ
1689 3336 1898 3407 πλεκτὴ
1930 3337 2136 3416 γέφυρα

480 3426 542 3484 ἐκ
589 3428 849 3504 σχοινίων
899 3427 988 3482 καὶ
1032 3427 1192 3503 ἐρίων
1237 3427 1330 3496 ἦν,
1370 3427 1438 3497 ἢν
1491 3427 1520 3482 6
1570 3421 1921 3503 Σαρϐαραζᾶς
1967 3424 2133 3488 λύσας

2243 2283 2351 2338 per
2378 2270 2633 2322 Taurum
2680 2273 2947 2323 montem
2991 2268 3052 2323 in
3105 2268 3333 2339 Syriam
3387 2267 3551 2322 ducit
3589 2274 3890 2338 superato,

2247 2355 2498 2427 septimo
2531 2356 2626 2411 die
2656 2361 2791 2427 post
2819 2358 3171 2413 exhaustum
3203 2373 3484 2428 maguum
3523 2356 3789 2411 laborem
3820 2358 3895 2412 ad

2243 2446 2462 2519 Tigrim
2492 2447 2739 2502 ﬂuvium
2769 2446 3059 2518 pervenit.
3094 2446 3241 2501 Inde
3267 2461 3375 2516 per
3397 2445 3817 2515 Martyropolin
3842 2451 3902 2502 et

2244 2539 2514 2595 Amidam
2547 2539 2728 2595 urbes
2758 2540 2974 2595 itinere
3001 2540 3158 2595 facto
3192 2540 3520 2595 exercitum
3551 2544 3609 2593 et
3637 2540 3897 2610 captivos

2245 2628 2445 2699 quiete
2469 2629 2698 2686 refecit.
2730 2630 2993 2701 Indeque
3037 2630 3268 2684 litteras
3297 2629 3371 2683 de
3419 2628 3598 2684 rebus
3630 2628 3753 2685 suis
3783 2631 3897 2701 By-

2242 2720 2501 2775 zantium
2553 2720 2735 2788 misit,
2789 2738 2920 2791 qum
2976 2736 3256 2792 magnum
3315 2720 3379 2774 in
3422 2718 3566 2774 urbe
3615 2719 3894 2791 gaudium

2246 2809 2667 2864 excitaverunt.
2702 2810 3016 2865 Sabarazas
3046 2826 3222 2881 porro
3273 2809 3552 2864 adversus
3599 2825 3733 2864 eum
3764 2814 3899 2864 ten-

2243 2897 2439 2954 debat.
2475 2898 2611 2953 Ideo
2633 2899 2935 2954 Heraclius
2959 2898 3136 2954 misso
3160 2898 3422 2953 militum
3446 2898 3678 2969 agmine
3701 2898 3896 2953 claus-

2245 2991 2354 3055 tra,
2390 2986 2607 3058 quibus
2655 2987 2730 3041 ad
2780 3004 2916 3042 eum
2966 2987 3081 3042 iter
3124 2990 3270 3053 erat,
3323 3002 3554 3041 servare
3600 2985 3808 3057 jubet;
3842 2991 3901 3041 et

2243 3074 2370 3144 ipse
2420 3089 2528 3144 per
2585 3074 2780 3129 exitus
2839 3073 3141 3145 profectus
3191 3074 3292 3144 qui
3340 3089 3543 3127 versus
3593 3073 3897 3128 Orientem

2244 3166 2402 3229 sunt,
2431 3162 2743 3218 adversum
2790 3179 2853 3217 se
2906 3162 3178 3218 Barbaris
3227 3162 3361 3216 fert.
3415 3163 3561 3216 Tum
3600 3162 3892 3233 Nymphio

2241 3267 2417 3306 amne
2448 3252 2557 3324 traj
2568 3258 2695 3306 ecto
2715 3251 2791 3306 ad
2812 3253 3151 3323 Euphraten
3177 3251 3463 3323 pervenit.
3484 3252 3623 3305 Erat
3642 3251 3691 3305 is
3712 3256 3892 3322 ponte

2242 3358 2313 3397 ex
2340 3340 2580 3397 funibus
2609 3346 2669 3396 et
2714 3341 2853 3397 lana
2900 3346 3175 3396 contexto
3219 3341 3511 3407 intratus;
3547 3356 3725 3410 quem
3758 3341 3891 3395 Sar-

2240 3430 2483 3487 barazas
2500 3430 2762 3486 solutum
2782 3430 2841 3485 in
2856 3432 3103 3487 alteram
3120 3434 3351 3502 partem
3364 3434 3552 3484 totum
3568 3430 3893 3487 transtulit.

479 3517 570 3574 ἐπὶ
606 3520 707 3588 τήν
747 3516 931 3592 ἑτέραν
991 3524 1095 3592 γῆν
1155 3520 1329 3571 πᾶσαν
1393 3518 1690 3593 μετήγαγε.
1757 3512 2131 3612 Παραδραμὼν

2245 3521 2536 3576 Castorum
2570 3521 2875 3576 Heraclius
2903 3521 3117 3575 vadum
3168 3519 3434 3576 ﬂuminis
3478 3519 3717 3590 reperit,
3750 3519 3893 3575 dum

480 3603 540 3661 δὶ
569 3607 597 3661 6
631 3605 886 3682 βασιλεὺς
916 3607 1008 3662 τὸν
1040 3607 1286 3678 ποταμὸν
1316 3602 1438 3680 εὗρε
1467 3604 1660 3681 πόρον,
1691 3605 1783 3659 καὶ
1831 3601 2132 3667 ἀκινδύνως

468 3699 663 3750 τοῦτον
697 3693 921 3770 ἐπέρασε
949 3690 1268 3770 παραδόξως
1307 3697 1387 3765 τῷ
1440 3693 1669 3769 Μαρτίῳ
1718 3691 1873 3766 μηνί.
1906 3693 2011 3749 Καὶ
2039 3713 2129 3749 κα-

471 3781 729 3841 ταλαϐὼν
759 3785 827 3840 τά
851 3784 1165 3857 Σαμόσατα,
1219 3782 1388 3839 πάλιν
1437 3784 1529 3838 τὸν
1576 3786 1788 3857 Ταῦρον
1835 3778 2027 3847 διαϐάς
2052 3780 2129 3846 εἷς

475 3875 870 3947 Γερμανίκειαν
938 3872 1180 3954 ἀφίκετο,
1248 3872 1339 3927 καὶ
1413 3872 1649 3947 περάσας
1722 3873 1820 3942 τήν
1896 3869 2126 3928 ’Άδαναν

470 3963 642 4033 ἦλθεν
711 3962 789 4025 εἷς
856 3964 947 4017 τὸν
1012 3964 1225 4037 Ταῦρον
1288 3962 1556 4034 ποταμόν.
1598 3962 1660 4018 Ὁ
1691 3959 1748 4016 δί
1778 3955 2126 4036 Σαρϐαραζᾶς

466 4054 571 4122 τὴν
620 4051 857 4130 γέφυραν
915 4050 1080 4107 πάλιν
1128 4049 1361 4113 ἐκτείνας
1417 4051 1508 4105 τὸν
1558 4049 1843 4127 Εὐφράτην
1903 4049 2128 4124 ἐπέρασε

471 4142 564 4197 καὶ
595 4142 898 4212 ἠκολούθει
927 4140 1102 4197 ὀπίσω
1148 4139 1332 4197 αὐτοῦ.
1383 4141 1444 4197 Ὁ
1498 4137 1556 4195 δε
1605 4138 1860 4215 βασιλεὺς
1888 4140 2125 4214 περάσας

470 4232 565 4286 τὸν
635 4233 812 4308 Σάρον
872 4228 1194 4286 διανέπαυσε
1248 4230 1340 4285 τὸν
1401 4229 1646 4304 στρατὸν.
1704 4224 2124 4301 Καταλαμϐάνει

470 4318 530 4375 δὲ
581 4321 669 4375 καὶ
726 4321 754 4375 6
813 4315 1095 4396 Βάρϐαρος
1154 4319 1229 4381 εἷς
1279 4319 1342 4373 τὸ
1392 4317 1676 4391 ἀντίπεραν
1718 4315 1901 4392 μέρος.
1937 4316 2122 4392 Εὐρων

472 4406 530 4464 δὶ
595 4410 688 4464 τὸν
752 4410 998 4481 ποταμὸν
1066 4408 1157 4463 καὶ
1221 4410 1320 4478 τὴν
1361 4407 1596 4483 γέφυραν
1632 4405 1723 4461 καὶ
1760 4406 1828 4461 τὰ
1865 4404 1918 4460 ἐν
1976 4405 2126 4479 αὐτῷ

472 4497 789 4575 προπύργια
853 4499 1189 4574 κρατηθέντα
1255 4495 1360 4552 ὑπὸ
1418 4501 1527 4552 τῶν
1582 4495 1872 4569 Ῥωμαίων
1936 4495 2123 4567 ἠπλή-

471 4608 681 4646 κευσεν.
752 4588 820 4646 Οἱ
887 4584 946 4642 δὶ
1010 4588 1275 4659 Ῥωμαῖοι
1339 4585 1583 4646 ἀτάκτως
1653 4584 1996 4660 ἐκτρέχοντες
2036 4583 2126 4640 διά

465 4683 571 4746 τῆς
629 4676 864 4752 γεφύρας
921 4674 1097 4731 πολὺν
1156 4675 1319 4753 φόνον
1371 4673 1655 4729 ἐποιοῦντο
1710 4679 1950 4747 Περσῶνο
1985 4674 2063 4735 οἷς
2096 4675 2124 4729 6

473 4764 732 4841 βασιλεὺς
798 4764 1030 4839 παρῄνει
1104 4766 1179 4838 μή
1248 4763 1523 4838 ἐκτρέχειν
1590 4763 1854 4832 ἀτάκτως,
1927 4765 2126 4836 μήπῶς

2246 3610 2320 3665 ad
2352 3610 2544 3682 ripam
2587 3610 2717 3681 ejus
2766 3610 3064 3666 decurrit:
3108 3610 3307 3680 itaque
3362 3614 3578 3679 printer
3625 3609 3893 3663 omnium

2245 3701 2590 3772 opinionem
2620 3701 2962 3772 Euphraten
3008 3700 3219 3754 transit
3257 3715 3457 3753 mense
3490 3699 3712 3752 Martio.
3752 3699 3893 3754 Inde

2243 3792 2544 3863 occupatis
2575 3791 2897 3847 Samosatis
2926 3807 3164 3846 rursum
3206 3791 3460 3845 Taurum
3495 3789 3644 3844 726
3678 3790 3893 3844 transit

2245 3887 2302 3935 et
2333 3881 2764 3937 Germaniciam
2794 3880 3082 3951 pervenit,
3115 3879 3438 3949 Adanaque
3478 3881 3785 3949 peragrata
3812 3879 3890 3933 ad

2242 3970 2496 4024 Taurum
2568 3986 2807 4024 amnem
2881 3968 3129 4024 accedit.
3212 3968 3457 4022 Interim
3542 3966 3888 4022 Sarbarazas

2244 4075 2502 4126 rursum,
2534 4064 2713 4129 ponte
2744 4064 3002 4127 extento,
3034 4057 3373 4128 Euphraten
3417 4057 3634 4128 trajicit
3674 4060 3889 4113 Roma-

2242 4163 2469 4218 nosque
2528 4148 2884 4217 insequitur.
2947 4147 3275 4218 Imperator
3335 4146 3475 4200 Saro
3542 4148 3890 4202 transmisso

2242 4235 2566 4291 exercitum
2616 4236 2814 4306 quiete
2866 4235 3109 4290 relaxat.
3164 4236 3334 4289 Venit
3382 4240 3441 4289 et
3482 4235 3772 4289 Barbarus
3816 4237 3889 4291 ad

2239 4325 2488 4381 alteram
2511 4326 2776 4381 ﬂuminis
2793 4332 3043 4397 partem,
3064 4341 3318 4395 cumque
3341 4328 3611 4378 cerneret
3625 4340 3887 4392 amnem,

2239 4419 2483 4486 pontem
2515 4420 2574 4470 et
2590 4414 3033 4487 propugnacula
3052 4415 3114 4469 in
3136 4430 3203 4468 eo
3225 4429 3259 4468 a
3280 4412 3559 4467 Romanis
3581 4419 3885 4483 occupata,

2238 4507 2433 4557 castra
2462 4502 2677 4574 posuit.
2712 4503 2960 4559 Romani
2996 4520 3173 4575 porro
3223 4502 3618 4573 incomposito
3649 4504 3887 4573 agmine

2239 4609 2346 4663 per
2376 4597 2616 4663 pontem
2649 4596 3030 4648 excurrentes
3060 4592 3280 4647 multos
3333 4593 3542 4646 Persas
3574 4590 3888 4647 interfece-

2236 4686 2398 4748 runt,
2419 4680 2823 4752 nequidquam
2844 4682 3199 4753 imperatore
3221 4685 3499 4736 monente
3523 4697 3596 4736 ne
3620 4681 3702 4736 ita
3721 4682 3886 4738 nullo

2238 4770 2445 4826 ordine
2476 4776 2859 4843 evagarentur
2888 4777 3065 4842 atque
3113 4769 3349 4827 insidiis
3380 4787 3441 4826 se
3491 4771 3751 4825 hostium
3784 4788 3887 4826 ex—

465 4853 721 4929 γένωνται
749 4858 870 4915 τοῖς
903 4851 1164 4915 ἐναντίοις
1196 4850 1343 4915 ὁδός.
1379 4852 1448 4910 Οἱ
1479 4849 1526 4906 δ’
1575 4850 1674 4907 οὐκ
1702 4850 2001 4922 ἐπείθοντο,
2031 4853 2121 4908 καὶ

2242 4866 2543 4930 ponerent.
2576 4862 2596 4914 l
2608 4866 2781 4932 taque
2812 4877 2934 4917 non
2965 4861 3153 4916 multo
3178 4866 3310 4932 post
3336 4877 3371 4914 a
3392 4861 3586 4915 Persis
3618 4876 3723 4930 per
3742 4859 3885 4914 insi-

473 4944 592 5013 μετ’
622 4942 684 4997 οὐ
714 4942 859 4997 πολὺ
884 4941 1034 5007 δίκον
1056 4938 1236 4998 ἔτισαν
1257 4949 1359 5013 τῆς
1384 4949 1688 5018 παρακοῆς,
1710 4947 1808 4997 τοῦ
1835 4937 2121 5018 Βαρϐάρου

465 5028 686 5102 ἐνέδρας
717 5032 832 5086 κατ’
882 5032 1058 5087 αὐτῶν
1109 5032 1504 5105 ποιησαμένου.
1537 5031 1645 5095 Οξὶς
1674 5032 1702 5086 6
1732 5030 1989 5109 βασιλεὺς
2021 5032 2122 5088 ἓω-

466 5120 652 5194 ρακὼς
706 5117 1135 5199 ἀναιρουμένους
1212 5119 1645 5194 συνεπημύνατο.
1706 5122 1871 5195 Ἀνήρ
1929 5118 1987 5175 δὲ
2037 5142 2119 5184 τις

460 5213 806 5285 γιγαντιαῖος
839 5208 999 5283 μέσον
1032 5217 1135 5281 τῆς
1184 5210 1421 5290 γεφύρας
1476 5214 1557 5284 τῷ
1619 5208 1836 5286 βασιλεῖ
1864 5212 2120 5282 συναντή-

2231 4946 2362 5005 dias
2393 4950 2780 5006 circumventi
2807 4967 3012 5023 pinnas
3040 4966 3161 5005 sum
3192 4948 3582 5004 contumaciae
3603 4963 3671 5002 ac
3703 4951 3880 5003 teme-

2232 5040 2424 5097 ritatis
2456 5040 2765 5097 dederunt.
2801 5042 2928 5111 Ipse
2964 5045 3100 5095 tunc
3132 5040 3453 5109 imperator
3475 5036 3597 5091 suis
3628 5035 3689 5090 in
3718 5036 3876 5106 peri-

2231 5131 2365 5186 culo
2395 5131 2732 5186 constitutis
2764 5146 2936 5202 opem
2970 5129 3123 5195 tulit,
3158 5146 3225 5183 ac
3265 5125 3579 5198 quemdam
3620 5125 3876 5197 giganti-

2228 5218 2477 5275 formem
2510 5220 2570 5274 in
2605 5219 2791 5274 medio
2826 5218 3021 5289 pontis
3061 5234 3260 5271 secum
3306 5230 3686 5286 congressum
3716 5215 3877 5271 feriit

458 5320 558 5362 σας
612 5294 966 5376 προσέϐαλεν·
1028 5301 1087 5357 ὃν
1144 5302 1232 5356 καὶ
1296 5301 1530 5374 πατάξας
1580 5302 1608 5356 6
1670 5299 1924 5377 βασιλεὺς
1954 5300 2005 5355 ἐν
2038 5304 2118 5374 τῷ

2242 5326 2470 5380 nquem
2494 5310 2887 5381 proﬂuentem
2909 5306 3261 5362 deturbavit.
3286 5303 3465 5375 Cujus
3495 5320 3636 5358 casu
3659 5304 3874 5377 reliqui

459 5389 664 5465 ῥείθρῳ
695 5385 937 5469 ἔρριψεν.
972 5392 1052 5449 OG
1083 5390 1365 5460 πεσόντος,
1423 5391 1477 5445 οἱ
1534 5388 1809 5465 Βάρϐαροι
1836 5390 1912 5453 εἷς
1943 5392 2118 5470 φυγὴν

2242 5398 2405 5453 atiam
2434 5398 2672 5454 Barbari
2704 5396 2893 5452 territi
2925 5413 3059 5452 cum
3107 5395 3305 5467 fugam
3349 5393 3631 5462 facerent,
3673 5393 3871 5450 obsis-

450 5478 780 5557 ἐτράπησαν,
837 5479 930 5535 καὶ
987 5484 1068 5551 τῷ
1129 5484 1394 5552 στενωπῷ
1455 5483 1552 5549 τῆς
1607 5481 1839 5559 γεφύρας
1897 5478 1974 5542 εἴς
2019 5480 2112 5535 τὸν

450 5570 702 5643 ποταμὸν
751 5567 1130 5651 ἐρῥιπτοῦντο.
1185 5568 1389 5627 Ἀλλοι
1449 5567 1506 5625 δὶ
1559 5570 1759 5652 ξίφεσιν
1793 5569 2112 5644 ἀνῃροῦντο,

447 5662 549 5714 τοῦ
606 5657 880 5734 βασιλέως
933 5659 1053 5731 μετ’
1110 5658 1315 5737 ὀλίγων
1368 5663 1529 5722 τινῶν
1564 5657 1847 5739 ¹γενναίως
1891 5660 2109 5739 ἀπομα-

448 5746 702 5825 χομένου
767 5746 902 5821 ὁπὶρ
970 5742 1276 5826 ἄνθρωπον,
1342 5749 1417 5813 ὡς
1483 5748 1575 5808 καὶ
1628 5747 1720 5807 τᾶν
1753 5743 2105 5828 Σαμϐαραζᾷν

2225 5491 2384 5542 tente
2411 5487 2608 5558 pontis
2637 5487 2930 5560 angustia,
2961 5486 3060 5542 alii
3101 5485 3163 5539 in
3207 5501 3446 5540 amnem
3495 5483 3730 5555 dejecti,
3764 5486 3868 5541 alii

2220 5575 2432 5648 gladiis
2487 5576 2784 5633 interfecti
2855 5580 3013 5630 sunt.
3076 5576 3403 5646 Imperator
3472 5590 3540 5628 eo
3594 5579 3862 5646 tempore

2215 5665 2420 5737 paucis
2453 5664 2805 5739 quibusdam
2834 5665 3084 5737 stipatus
3128 5679 3383 5737 pugnam
3428 5662 3592 5733 obiit,
3626 5662 3864 5719 fortitu-

2216 5755 2355 5817 dine
2402 5770 2594 5829 quam
2638 5772 2754 5830 pro
2819 5754 3078 5819 hominis
3134 5757 3349 5815 natura
3405 5754 3652 5827 majore,
3708 5751 3856 5810 adeo
