4052 6316
363 395 484 456 Ἶ95

1751 389 2073 453 GEORGII
2117 393 2454 457 CEDRENI

3665 397 3774 458 796

373 526 615 598 quidem
679 525 746 579 ut
810 521 1158 578 Sarbarazas
1240 519 1635 578 admiratione
1710 521 2018 594 perculsus

2144 521 2468 601 ἐκπλαγῆναι
2495 527 2584 580 καὶ
2613 527 2753 603 πρὸς
2781 545 2902 582 τινα
2929 526 3252 602 Μαγαρίτην
3281 525 3457 581 εἰπεῖν
3485 526 3618 596 (ιηο
3650 529 3780 599 Θρᾷς

372 616 607 673 cuidam
639 613 932 682 Magaritze
955 613 1169 668 dixerit
1195 630 1207 668 :
1241 613 1516 682 Videsne,
1541 632 1574 669 ο
1593 614 2024 683 Cosma,Caasa-

369 722 496 760 rem
516 702 992 776 ?Agnoscebatur
1015 709 1214 757 autem
1245 704 1578 776 insignibus
1600 704 2020 776 imperatoriis.

368 794 599 859 Quanta
654 793 704 846 is
761 791 1011 847 audacia
1069 792 1342 862 praelium
1403 793 1692 860 subsistit,
1742 794 2024 864 solusque

368 890 577 942 contra
608 890 833 940 tantam
864 885 1310 940 multitudinem
1342 889 1574 941 certat?
1601 888 1721 941 Nox
1753 903 2026 958 superve-

369 976 545 1032 niens
577 974 850 1046 praelium
885 975 1025 1030 727
1064 974 1322 1030 diremit.
1360 975 1650 1030 Barbarus
1679 981 1878 1032 autem
1907 979 2019 1034 sibi

370 1069 644 1119 metuens
701 1067 860 1116 retro
919 1061 1084 1116 abiit.
1142 1063 1471 1134 Imperator
1522 1080 1697 1134 porro
1755 1081 1892 1120 suos
1950 1066 2026 1122 ad

371 1153 713 1208 Sebasteam
767 1149 1028 1216 adducit,
1065 1168 1132 1206 ac
1188 1153 1436 1222 trajecto
1470 1153 1614 1224 Haly
1644 1153 1913 1224 ﬂumine,
1942 1156 2024 1210 ibi

371 1241 617 1295 hiemat.
673 1241 748 1292 At
800 1238 1089 1294 Chosroes
1153 1239 1387 1296 insania
1459 1242 1720 1312 percitus
1777 1241 2028 1300 donaria

371 1329 640 1384 omnium
664 1327 1048 1384 ecclesiarum
1071 1344 1202 1398 qua)
1224 1329 1332 1384 sub
1352 1329 1549 1384 Persis
1570 1335 1739 1386 erant
1758 1329 2023 1399 abstulit;

365 1424 548 1490 utque
581 1419 850 1475 Heraclio
871 1435 1025 1490 aegre
1051 1418 1294 1485 faceret,
1315 1418 1682 1476 Christianos
1711 1437 1920 1477 omnes
1949 1421 2025 1477 ad

361 1509 707 1564 societatem
737 1507 1099 1563 Nestorianaa
1131 1507 1438 1580 religionis
1469 1508 1714 1580 redegit.

445 1685 616 1740 Anno
648 1683 878 1739 decimo
911 1688 1098 1750 sexto,
1130 1684 1419 1740 Chosroes
1458 1701 1676 1740 novum
1707 1685 2030 1741 conscribit

377 1776 702 1831 exercitum
752 1774 826 1830 de
870 1774 1223 1846 peregrinis,
1257 1773 1481 1830 civibus
1511 1781 1570 1831 et
1597 1777 1802 1842 servis,
1834 1776 2030 1832 omni-

2125 612 2218 668 τὸν
2249 613 2513 692 Καίσαρα,
2571 616 2617 670 ὧ
2673 620 2892 690 Κοσμᾶ,
2947 619 3069 678 πῶς
3120 614 3315 690 θρασὺς
3372 613 3518 688 πρὸς
3550 612 3648 681 τήν
3683 612 3777 685 μὲ-

2127 700 2480 778 χηνῖστασαι
2531 705 2618 760 καὶ
2679 704 2816 780 πρὸς
2868 707 3126 760 τοσοῦτον
3185 704 3408 772 πλῆθος
3445 701 3616 774 μόνος
3645 700 3780 775 ἀγω-

2125 790 2323 861 νίζεται
2355 812 2370 862 ;
2403 795 2498 850 Ἐκ
2526 794 2632 870 γὰρ
2677 799 2788 850 τῶν
2822 793 3123 868 βασιλικῶν
3157 793 3243 866 [Ρ.
3275 794 3408 866 415]
3440 793 3777 865 παρασήμων

2129 878 2472 956 ἐγνωρίζετο.
2531 877 2966 953 Καταλαϐούσης
3027 879 3085 937 δὲ
3140 885 3241 946 τῆς
3299 876 3536 954 ἑσπέρας
3572 878 3776 934 ἀπ’ἆλ-

2131 967 2322 1040 λήλων
2355 969 2659 1041 διέστησαν,
2715 971 2806 1026 καὶ
2865 973 2893 1028 6
2950 967 3235 1044 Βάρϐαρος
3270 965 3544 1046 φοϐηθεὶς
3575 966 3663 1024 διὰ
3690 975 3780 1038 τῆς

2127 1061 2316 1124 νυκτὸς
2368 1061 2446 1124 εἵς
2501 1059 2746 1117 τοὺπίσω
2803 1059 3148 1136 ὑπέστρεψεν,
3181 1061 3211 1114 6
3245 1057 3299 1114 δὲ
3355 1057 3620 1134 βασιλεὺς
3655 1059 3781 1132 μετὰ

2126 1155 2224 1206 τοῦ
2282 1149 2418 1207 λαοῦ
2465 1151 2631 1207 αὐτοῦ
2681 1153 2818 1227 πρὸς
2873 1145 3196 1206 Σεϐάστειαν
3253 1150 3513 1225 ὥρμησε,
3558 1149 3646 1204 καὶ
3701 1149 3784 1204 τὸν

2128 1239 2302 1296 ’Ἀλυν
2350 1241 2587 1316 περάσας
2653 1243 2767 1296 ἓκει
2821 1239 3245 1316 παρεχείμασεν.
3299 1239 3364 1297 Ὀ
3425 1235 3486 1294 δὲ
3545 1237 3785 1312 Χοσρόης

2133 1331 2318 1402 μανεὶς
2349 1325 2514 1386 ἔλαϐε
2566 1331 2634 1386 τὰ
2688 1327 2956 1404 κειμήλια
3014 1332 3202 1384 πασῶν
3259 1332 3372 1384 τῶν
3429 1327 3538 1382 ὓπὸ
3590 1326 3783 1401 Πέρσας

2131 1417 2465 1492 ἐκκλησιῶν,
2504 1419 2595 1475 καὶ
2651 1420 2926 1493 ἠνάγκαζε
2980 1419 3108 1481 τοὺς
3171 1415 3543 1493 Χριστιανοὺς
3598 1435 3783 1469 κοινω-

2129 1515 2290 1578 νῆσαι
2344 1514 2414 1584 τῇ
2481 1513 2580 1565 τοῦ
2655 1507 2948 1582 Νεστορίου
3009 1507 3273 1582 θρησκείᾳ
3529 1505 3668 1581 πρὸς
3716 1503 3772 1558 τὸ

2130 1597 2336 1669 πλῆξαι
2367 1599 2460 1654 τὸν
2497 1596 2742 1674 βασιλέα.

2201 1692 2293 1761 Τῷ
2328 1689 2392 1752 ις’
2443 1681 2572 1757 ἔτει,
2631 1689 2660 1743 6
2716 1685 2968 1763 Χοσρύης
3025 1685 3145 1742 νέαν
3203 1683 3509 1756 ἐποιήσατο
3541 1683 3780 1756 στρατιὰν

2131 1779 2238 1834 ἀπό
2289 1799 2349 1834 τε
2396 1779 2560 1848 ξὲνων
2619 1779 2706 1833 καὶ
2761 1776 3010 1834 πολιτῶν
3061 1775 3153 1832 καὶ
3211 1775 3439 1831 οἰκετῶν
3471 1773 3564 1829 καὶ
3592 1771 3776 1833 παντὸς

375 1882 488 1938 que
511 1867 820 1921 hominum
869 1871 1046 1921 sorte.
1081 1867 1162 1920 Ex
1191 1865 1284 1920 his
1329 1864 1592 1921 delectos
1617 1867 1794 1922 Saino
1812 1867 2030 1923 ducen-

2144 1864 2346 1945 γένους,
2413 1868 2515 1926 Καὶ
2575 1865 2637 1922 ἒκ
2691 1867 2904 1923 τούτων
2969 1861 3320 1938 ἔκλεξάμενος
3373 1863 3470 1964 καὶ
3526 1865 3608 1964 τῆξ
3658 1860 3774 1914 Σαῗν

375 1953 481 2010 dos
513 1954 777 2024 mandat,
808 1953 1024 2010 additis
1063 1953 1136 2010 de
1184 1955 1420 2010 Sarbari
1451 1955 1714 2010 exercitu
1743 1957 1812 2010 50
1840 1956 2025 2011 milli—

371 2044 504 2111 bus,
537 2060 686 2115 quos
718 2047 778 2098 et
806 2043 1235 2116 Chrysolochas
1266 2045 1557 2113 nominat,
1586 2045 1756 2116 quasi
1776 2062 2022 2102 aureum

374 2151 606 2207 agmen,
635 2150 890 2205 eumque
912 2134 1192 2190 adversus
1215 2135 1552 2190 Heraclium
1574 2137 1775 2190 mittit.
1809 2136 2022 2192 Sarba~

371 2240 502 2278 rum
536 2239 674 2278 eum
703 2223 954 2293 reliquis
983 2223 1169 2295 copiis
1189 2222 1262 2279 ad
1285 2224 1494 2296 Cpolin
1521 2225 1816 2296 proﬁcisci
1831 2223 2024 2295 jubet,

371 2317 440 2367 ut
469 2312 632 2366 initis
662 2312 850 2382 pactis
881 2327 1016 2366 cum
1062 2313 1290 2368 Hunnis
1321 2313 1807 2382 occidentalibus,
1839 2313 1939 2384 qui
1970 2319 2030 2368 et

371 2403 592 2456 Avares
617 2399 1026 2468 nominantur,
1051 2418 1120 2456 ac
1151 2401 1402 2457 Slavinis
1437 2407 1496 2456 et
1523 2403 1782 2474 Gepidis,
1815 2402 2024 2458 urbem

375 2489 649 2547 obsidere
707 2493 884 2560 atque
936 2507 1278 2562 oppugnare
1335 2498 1519 2548 curet.
1575 2493 1677 2548 His
1731 2492 2028 2565 perceptis

377 2577 684 2634 Heraclius
710 2579 774 2633 in
805 2584 924 2634 tres
978 2585 1178 2652 partes
1233 2597 1406 2636 suum
1439 2583 1766 2638 exercitum
1799 2582 2025 2638 dividit.

377 2671 600 2725 Harum
625 2685 810 2726 unam
838 2670 972 2725 urbi
1001 2671 1279 2742 praesidio
1321 2671 1526 2742 mittit,
1559 2672 1809 2728 alteram
1837 2673 2026 2727 Theo-

377 2758 522 2816 doro
555 2759 735 2815 fratre
767 2777 874 2814 suo
905 2759 1054 2816 duce
1083 2760 1366 2817 adversus
1395 2763 1636 2818 Sainum
1666 2778 1794 2818 rem
1823 2778 2028 2835 gerere

371 2848 582 2920 jubet:
623 2849 750 2920 ipse
809 2865 946 2904 eum
1005 2851 1183 2906 tertia
1235 2851 1512 2907 Lazarum
1569 2851 1858 2907 ditionem
1879 2851 2030 2923 petit

379 2939 822 3008 Turcorumque
855 2939 1255 3009 orientalium,
1291 2957 1439 3011 quos
1487 2946 1546 2995 et
1592 2941 1878 2997 Chazaros
1926 2957 2028 3013 ap-

380 3027 629 3098 pellant,
671 3027 895 3083 auxilia
950 3027 1154 3084 ambit.
1212 3030 1420 3085 Sainus
1477 3047 1612 3085 cum
1665 3031 1891 3086 recenti
1924 3047 2030 3086 suo

381 3117 646 3172 exercitu
676 3116 739 3171 in
769 3116 1138 3172 Theodorum
1185 3119 1438 3174 Heraclii
1485 3120 1728 3175 fratrem
1760 3119 2032 3176 incidens

2133 1955 2409 2032 παραδοὺς
2467 1961 2782 2034 στρατηγῷ,
2843 1953 3021 2017 ἄλλας
3074 1975 3134 2010 τε
3181 1955 3222 2009 ν’
3271 1947 3538 2028 χιλιάδας
3590 1948 3648 2004 ἐκ
3687 1951 3778 2012 τῆς

2135 2044 2416 2126 φάλαγγος
2474 2045 2572 2101 τοῦ
2632 2039 2918 2121 Σαρϐάρου
2963 2043 3180 2105 τούτοις
3235 2044 3493 2116 συνῆψεν,
3553 2036 3645 2126 οὕς
3695 2035 3776 2092 καὶ

2133 2125 2503 2210 Χρυσολὸχας
2555 2135 2834 2208 ὠνόμασε,
2883 2131 2972 2188 καὶ
3023 2133 3160 2188 κατὰ
3215 2135 3314 2187 τοῦ
3369 2125 3641 2206 βασιλέως
3681 2127 3773 2180 ἀπ-

2135 2225 2363 2282 έστειλε·
2395 2225 2502 2281 Τὸν
2564 2222 2622 2280 δὲ
2675 2219 2956 2298 Σάρϐαρον
3009 2221 3102 2276 σὺν
3158 2225 3277 2283 τοῖς
3341 2219 3570 2281 λοιποῖς
3623 2213 3770 2272 αὐτοῦ

2135 2313 2497 2390 στρατεύματι
2588 2313 2726 2370 κατὰ
2813 2309 3448 2371 Κωνσταντινουπόλεως
3535 2301 3772 2380 ἔπεμψεν,

2135 2406 2285 2467 ’ὁπως
2311 2409 2430 2466 τοῖς
2460 2404 2522 2459 ἐκ
2561 2403 2772 2466 Δύσεως
2825 2400 3071 2473 Οῧννοις,
3131 2399 3224 2462 οὕς
3281 2399 3375 2454 καὶ
3433 2392 3666 2469 Ἀϐαρας
3689 2413 3770 2447 xa-

2137 2491 2319 2562 λοῦσι,
2353 2492 2488 2566 μετᾶ
2513 2491 2605 2547 καὶ
2638 2485 2959 2546 Σθλαϐίνων
2987 2487 3079 2545 καὶ
3125 2485 3391 2558 Γηπὲδών
3423 2485 3769 2562 συμφωνήσας

2135 2583 2274 2637 κατὰ
2301 2587 2402 2650 τῆς
2455 2578 2675 2642 πόλεως
2731 2581 3036 2656 χωρήσωσι
3093 2577 3182 2632 καὶ
3234 2575 3442 2646 ταύτην
3475 2570 3760 2646 πολιορκή-

2139 2693 2296 2730 σωσι.
2327 2669 2494 2732 Γνοὺς
2526 2666 2583 2724 δὲ
2609 2673 2773 2724 τοῦτο
2831 2669 2860 2723 6
2923 2665 3178 2744 βασιλεὺς
3214 2665 3310 2721 τὸν
3344 2666 3543 2720 ἑαυτοῦ
3573 2659 3765 2735 στρατὸν

2139 2759 2216 2823 εἷς
2267 2763 2414 2835 τρεῖς
2469 2755 2758 2832 διαιρέσεις
2805 2755 3060 2832 ἐχώρισε,
3117 2755 3208 2811 καὶ
3262 2755 3403 2816 τοὺς
3441 2753 3536 2826 μὲν
3565 2746 3766 2835 ἔπεμψεν

2139 2847 2216 2912 εἷς
2245 2833 2496 2924 φυλακὴν
2524 2851 2627 2914 τῆς
2657 2843 2897 2913 πόλεως,
2924 2842 3053 2904 τοὺς
3099 2838 3158 2897 δὲ
3205 2837 3498 2915 παραδοὺς
3539 2833 3760 2924 Θεοδώρῳ

2139 2939 2219 3008 τῷ
2248 2921 2470 3014 ἀδελφῷ
2513 2933 2680 2990 αὐτοῦ
2731 2932 2868 2988 κατά
2919 2931 3017 2988 τοῦ
3075 2931 3201 2986 Σαῒν
3232 2928 3513 3004 πολεμεῖν
3543 2921 3752 3014 ἐκέλευσε.

2137 3026 2215 3084 Τὸ
2247 3023 2305 3080 δὲ
2329 3013 2514 3098 τρῖτον
2547 3021 2710 3096 μέρος
2750 3021 2910 3082 αὐτὸς
2943 3015 3126 3076 λαϐὼν
3178 3019 3266 3074 ἐπὶ
3297 3017 3552 3088 Λαζικὴν
3579 3013 3760 3091 ἐχώρει,

2139 3114 2232 3171 καὶ
2286 3114 2414 3175 τοὺς
2468 3112 2750 3188 Τούρκους
2803 3117 2904 3181 τῆς
2967 3109 3160 3182 Ἐῷας,
3221 3107 3314 3170 οὕς
3385 3105 3476 3164 καὶ
3531 3100 3768 3188 Χαζάρους

380 3204 454 3260 ad
484 3221 743 3276 pugnam
775 3221 838 3260 se
867 3211 1054 3276 parat.
1078 3207 1204 3272 Qua
1232 3213 1506 3264 conserta
1528 3208 1911 3280 impetratum
1942 3211 2034 3262 est

2145 3203 2527 3276 ὀνομάζουσιν,
2584 3187 2664 3262 εἷς
2721 3199 3042 3278 συμμαχίαν
3094 3196 3298 3252 ἐκάλει.
3330 3197 3407 3254 Ὁ
3456 3193 3513 3250 δὲ
3554 3187 3768 3280 suasu

382 3294 483 3349 Dei
514 3293 801 3348 auxilium
829 3295 1095 3364 Deiparae
1128 3295 1575 3366 intercessione,
1607 3297 1690 3352 ita
1717 3303 1782 3352 ut
1809 3296 2034 3369 grando

2145 3297 2224 3365 τῷ
2247 3269 2526 3364 νεολέκτῴ
2555 3293 2768 3366 στρατῷ
2919 3269 3036 3343 ’τοῦ
3087 3283 3358 3363 βασιλέως
3411 3281 3637 3360 ἀδελφὸν
3665 3275 3771 3369 656-

383 3382 696 3452 inopinata
717 3382 778 3436 in
801 3381 1088 3437 Barbaros
1109 3383 1440 3440 deferretur
1459 3384 1799 3457 multosque
1829 3400 2035 3441 eorum

388 3470 540 3528 728
570 3471 796 3536 feriret,
831 3487 966 3527 cum
996 3472 1239 3527 interim
1291 3474 1487 3528 omnis
1526 3475 1896 3546 tempestatis
1927 3491 2033 3530 ex-

384 3577 522 3632 pers
552 3565 710 3616 esset
739 3563 1040 3622 Romanus
1065 3561 1380 3618 exercitus.
1403 3563 1542 3618 Fusi
1563 3580 1632 3618 eo
1653 3563 1860 3635 prmlio
1896 3569 2038 3619 sunt

383 3665 420 3705 a
449 3649 732 3705 Romanis
761 3652 976 3716 Persas,
1010 3667 1344 3724 magnaque
1400 3652 1568 3708 clade
1609 3653 1827 3708 aﬂ'ecti.
1861 3653 2038 3709 Cbos-

385 3755 522 3794 roes
553 3755 622 3794 ea
651 3738 722 3794 de
747 3755 929 3794 causa
943 3755 1180 3812 gravem
1203 3741 1265 3796 in
1287 3741 1529 3796 Sainum
1559 3741 1706 3797 iram
1740 3743 2034 3815 concepit;

388 3833 566 3899 atque
596 3828 692 3883 hic
722 3846 844 3900 prm
875 3845 1127 3884 maerore
1169 3831 1232 3885 in
1279 3831 1552 3886 morbum
1585 3831 1815 3900 incidit,
1850 3847 2038 3902 eoque

398 3926 492 3976 est
519 3921 912 3977 exanimatus.
940 3923 1004 3978 In
1031 3923 1280 3980 cadaver
1321 3925 1610 3980 Chosroes
1629 3925 1806 3980 variis
1837 3929 2040 3980 contu-

387 4009 585 4064 meliis
610 4009 878 4066 desaaviit
905 4013 1196 4068 Caeterum
1219 4012 1794 4086 Chazari,perruptis
1815 4013 2038 4084 Caspiis

361 4098 597 4170 portis,
629 4099 692 4154 in
719 4099 1028 4156 Persidem
1060 4100 1516 4172 impressionem
1550 4103 1798 4172 faciunt,
1828 4103 1892 4158 in
1920 4104 2037 4157 Au-

341 4243 344 4246 .
389 4187 621 4261 droegas
651 4189 975 4262 regionem,
1009 4190 1157 4247 duce
1187 4191 1452 4254 Zebeelo.
1475 4192 1577 4263 qui
1607 4191 1892 4265 dignitate
1913 4196 2041 4248 erat

389 4295 422 4332 a
443 4279 718 4351 Chagano
739 4281 1064 4352 proximus.
1090 4282 1454 4352 Quacunque
1477 4297 1578 4337 eos
1598 4282 1858 4353 impetus
1878 4281 2036 4350 tulit,

387 4370 598 4424 Persas
627 4371 888 4441 captivos
926 4370 1249 4438 abducunt,
1281 4387 1461 4443 pagos
1507 4371 1803 4443 urbesque
1829 4372 2036 4427 incen-

391 4457 557 4512 dunt.
593 4459 694 4514 His
725 4458 1029 4514 Heraclius
1055 4475 1125 4514 ex
1158 4460 1315 4516 Lazis
1345 4476 1586 4516 movens
1615 4461 1895 4529 occurrit,
1919 4465 2040 4516 est-

391 4561 506 4618 que
564 4563 700 4602 eum
760 4564 866 4602 suo
925 4549 1185 4604 exercitu
1239 4550 1536 4622 peramice
1585 4555 1645 4606 et
1691 4551 1962 4606 hilariter
2003 4566 2038 4605 a

2146 3361 2322 3458 δώρον
2375 3361 2630 3436 καταλὼν
2683 3361 2822 3454 πρὸς
2877 3361 3122 3450 πόλεμον
3191 3375 3506 3431 ὡπλίσατο.
3572 3373 3674 3428 Τοῦ
3723 3361 3771 3418 δὲ

2144 3475 2278 3526 Θεοῦ
2329 3469 2422 3526 διὰ
2475 3465 2776 3545 πρεσϐειῶν
2837 3473 2939 3537 τῆς
2997 3465 3264 3522 Θεοτόκου
3348 3461 3764 3538 συνεργήσαντος,

2141 3558 2395 3633 πολέμου
2450 3555 2818 3631 κροτηθέντος
2873 3555 3094 3630 χάλαζα
3147 3551 3475 3628 παραδόξως
3517 3547 3644 3604 κατὰ
3670 3546 3762 3598 τῶν

2144 3643 2442 3725 Βαρϐάρων
2472 3647 2786 3721 κατηνέχθη
2833 3644 2925 3699 καὶ
2971 3642 3220 3704 πολλοὺς
3279 3642 3457 3698 αὐτῶν
3509 3635 3759 3725 ἐπάταξεν,

2143 3741 2180 3810 ἡ
2229 3723 2299 3794 Ἴδε
2337 3723 2460 3793 τῶν
2515 3734 2810 3810 Ῥωμαίων
2860 3733 3154 3811 παράταξις
3207 3731 3461 3806 γαλήνης
3489 3723 3762 3798 ἀπήλαυσε.

2147 3828 2420 3900 Τρέπουσι
2484 3823 2542 3882 δὲ
2595 3827 2866 3898 Ῥωμαῖοι
2918 3822 3048 3884 τοὺς
3107 3821 3333 3896 Πέρσας,
3380 3821 3472 3876 καὶ
3514 3814 3765 3890 ἀναιροῦσι

2146 3917 2336 3989 πλήθη
2375 3913 2584 3972 πολλά.
2642 3915 2818 3988 Ὅπερ
2875 3910 3063 3988 μαθὼν
3119 3911 3148 3965 ὁ
3208 3909 3464 3984 Χοσρόης
3520 3900 3766 3979 ὅργίζεται

2145 4006 2281 4064 κατᾶ
2313 4009 2412 4060 τοῦ
2446 4004 2595 4074 Σαῖν,
2645 4003 2706 4066 ὃς
2761 4001 2822 4057 ἐκ
2849 3997 3071 4070 πολλῆς
3129 3996 3366 4072 ἀθυμίας
3406 3995 3549 4067 νόσῳ
3570 4004 3767 4074 περιπε-

2147 4097 2256 4152 σὼν
2311 4093 2558 4164 τελευτᾷ.
2615 4091 2832 4150 Τούτου
2885 4088 2978 4145 τὸν
3033 4087 3219 4162 νεκρὸν
3267 4085 3518 4161 Χοσρόης
3553 4073 3767 4164 πολλαῖς

2147 4185 2351 4247 αἰκίαις
2409 4159 2700 4238 ὑπέϐαλεν.
2756 4179 2820 4233 Οἱ
2869 4175 2928 4232 δὲ
2983 4159 3221 4252 Χάζαροι
3277 4159 3655 4250 διαβρήξαντες
3684 4159 3766 4218 τὰς

2146 4273 2390 4336 Κασπίας
2417 4272 2594 4334 πύλας
2643 4273 2712 4346 τῇ
2769 4265 2990 4344 Περσίδι
3045 4262 3428 4322 εἰσϐάλλουσιν
3456 4261 3513 4346 ἐν
3538 4261 3604 4346 τῇ
3633 4253 3771 4346 χύρᾳ

2143 4367 2240 4419 τοῦ
2270 4359 2572 4438 Ἀνδροηγᾶ
2609 4339 2704 4415 σὺν
2750 4339 3152 4433 τῷνστρατηγῷ
3209 4355 3390 4410 αὐτῶν
3421 4339 3770 4438 Ζεϐεήλὶδευ·

2143 4453 2286 4528 τέρῳ
2314 4433 2427 4508 ὄντι
2463 4433 2562 4506 τοῦ
2591 4449 2839 4524 Χαγάνου
2887 4451 2958 4522 τῇ
2997 4447 3140 4534 ἀξιαο
3188 4444 3277 4500 καὶ
3312 4443 3366 4534 εν
3395 4444 3478 4502 οἷς
3519 4437 3576 4494 ἄν
3601 4433 3769 4534 τιόποὶις

2148 4523 2438 4609 διέϐαινον,
2503 4538 2630 4600 τούς
2689 4523 2772 4593 τε
2831 4535 3037 4611 Πέρσας
3088 4531 3496 4610 ᾗχμαλώτευον
3553 4523 3770 4611 καὶ-τᾲς

389 4604 638 4691 iebeelo
668 4636 957 4694 salutatus
981 4655 996 4705 ;
1029 4639 1129 4710 qui
1633 4604 2034 4696 rbevl‘liiﬁlsocium

2149 4633 2342 4705 κώμας
2397 4604 2487 4685 καὶ
2539 4626 2732 4691 πόλεις
2785 4604 2919 4700 πυρί
2974 4604 3413 4699 παρεδίδουν.¹0
3455 4617 3512 4710 δε
3543 4604 3772 4710 Boisil-55¢

390 4725 738 4796 imperatori
769 4726 1118 4799 relinquens
1147 4728 1390 4784 domum
1419 4746 1624 4785 versus
1653 4729 1818 4785 abiit.
1853 4729 2044 4800 lmpe‘

389 4817 555 4868 rator
583 4810 675 4866 his
705 4817 914 4868 auctus
939 4813 1176 4870 auxiliis
1225 4816 1288 4871 in
1344 4817 1664 4871 Cbosroem
1717 4813 2044 4870 contendit.

391 4903 638 4959 Interim
669 4904 955 4960 Sarbauus
1001 4906 1437 4962 Cbalcedonem
1485 4905 1773 4962 adoritur.
1807 4905 1877 4960 Et
1904 4906 2048 4960 Ava~

2153 4699 2365 4795 ἀπάρας
2415 4718 2523 4774 ἀπὸ
2580 4722 2820 4786 Λαζικῆς
2867 4699 3082 4776 τούτοις
3123 4713 3462 4783 συνήντησεν.
3494 4707 3550 4797 ’φ
3593 4699 3646 4756 δὲ
3690 4700 3768 4797 lt:-

2155 4806 2296 4879 ϐεὴλ
2331 4809 2467 4882 μετᾶ
2492 4805 2714 4876 πολλῆς
2773 4805 2988 4880 ἀγάπης
3044 4801 3136 4859 καὶ
3192 4805 3366 4878 χαρᾶς
3393 4795 3665 4886 ἠσπάσατο
3689 4795 3768 4886 {fw

2159 4877 2386 4976 βασιλέα
2412 4897 2503 4952 καὶ
2551 4896 2681 4958 τοὺς
2738 4877 2832 4950 σὺν
2883 4893 3049 4966 αὐτῷ.
3111 4891 3450 4967 Προσήνεγκε
3495 4882 3552 4940 δὲ
3579 4877 3772 4936 καὶτὸν

1597 5030 1963 5086 XYLANDRI
1999 5029 2087 5085 ET
2116 5024 2333 5084 GOARl
2371 5025 2592 5080 ΝΟΤΛΕ.

463 5161 572 5228 (47)
628 5159 814 5222 Quem
869 5156 1143 5213 moderni
1201 5157 1386 5229 Graaci
1440 5155 1766 5229 ἀρνόπιστον
1813 5163 2044 5228 vocant,

395 5230 446 5302 is
478 5235 570 5302 est
587 5230 1013 5302 quirabnegata
1037 5229 1152 5286 [ide
1201 5227 1353 5284 Γωᾶο
1386 5227 1737 5302 gentilitatis
1763 5230 1882 5286 ritu
1917 5246 2046 5286 sese

394 5301 730 5370 inquinavit
787 5307 845 5356 et
882 5301 1157 5374 polluit,
1185 5301 1482 5374 Μαγαρίζω
1527 5317 1786 5374 namque
1819 5308 1928 5368 est,
1961 5303 2050 5368 in-

436 5375 590 5438 uino,
622 5376 953 5441 contamina,
987 5373 1238 5428 sordibus
1284 5373 1508 5442 impleo.
1541 5381 1600 5429 et
1645 5373 2052 5442 metaphorice

419 5459 570 5516 egem
592 5443 736 5516 υξοιο
765 5451 816 5498 et
830 5445 992 5516 turpi
1012 5446 1316 5516 desertiogze
1341 5445 1713 5516 Christianam
1731 5443 2056 5516 refigionem

393 5512 560 5589 fmdo.
597 5512 1028 5589 “Theophanes.
1096 5513 1403 5589 Ἐκώλυσεν
1463 5513 1656 5589 Οὗμαρ
1733 5512 1906 5589 οἶνον
1947 5513 2054 5589 άπὸ

395 5587 506 5639 τῶν
540 5581 898 5660 πόλεωνίκαὶ
927 5587 1248 5658 μαγαρίζειν
1296 5585 1424 5648 τοὺς
1474 5581 1852 5660 Χριστιανοὺς,
1885 5585 2055 5658 ἠνάγι-

397 5659 580 5724 καζεν.
644 5656 863 5712 Paulus
933 5656 1241 5730 Diaconus
1300 5675 1420 5730 uno
1479 5656 1656 5715 verbo
1712 5656 2060 5730 complexus

401 5733 513 5796 est,
575 5732 909 5800 apostatare.
981 5727 1128 5784 Hinc
1188 5729 1497 5805 μαγαρίτης
1585 5731 1686 5802 qui
1733 5727 1896 5804 ﬁdem
1967 5729 2063 5784 ab-

2153 5155 2376 5226 negavit
2401 5169 2428 5227 ,‘_
2468 5168 2648 5224 quam
2686 5165 2900 5227 vocem
2949 5146 3230 5227 ad_eum_
3258 5138 3770 5227 quoque‘quinpig:

2158 5209 2617 5296 fanorvetito‘que
2649 5222 2780 5278 cibo
2823 5236 2886 5276 se
2934 5217 3151 5292 polluit
3189 5209 3448 5272 Ecclesia
3474 5211 3660 5266 Graaca
3686 5209 3774 5249 ex-

2161 5298 2370 5355 tendit.
2405 5298 2576 5352 GOAR.

2233 5347 2617 5455 (t‘élvPErs-am
2644 5363 2996 5455 Nestoriano
3029 5358 3215 5416 errori
3241 5347 3774 5455 Ξοοίιιὲἕαᾞιῗθαξιζ

2163 5415 2401 5497 ιι·οῆἶῖῐῆ
2639 5415 2957 5508 éiidi'déiii"
2974 5415 3096 5490 non
3147 5429 3350 5508 credet
3403 5423 3502 5499 qui
3539 5415 3729 5508 veli}:

2165 5483 2957 5599 ἔιῖέέὶῑῖοῑέἐῖιέῖ
2995 5483 3780 5599 8.2pestitioseltssrﬁiitz;

2166 5559 2700 5664 suassuas.
2712 5559 2790 5634 "ii:
2817 5559 2979 5664 ἐξήιε
3005 5559 3358 5664 misenus
3383 5559 3777 5664 εοξξξξξηξςὲξὲζ

2167 5630 2414 5712 E11395
2415 5630 2893 5710 'ﬁZoiEéiaIni‘sﬁB
2899 5630 3184 5704 —Chosroa
3201 5643 3382 5703 fuisse
3402 5659 3437 5699 a
3453 5639 3496 5696 Ν
3501 5630 3751 5692 estorianl

2171 5731 2540 5800 occupatam.
2573 5725 2713 5783 XYL.
