4108 6300
347 437 469 500 797

1469 422 2044 490 HISTORIABUM
2087 416 2631 484 COMPENDIUM.

3660 416 3777 479 798

347 572 469 628 υἱὸν
498 569 663 626 αὐτοῦ
718 571 797 643 τῷ
852 567 1070 646 βασιλεῖ
1123 567 1260 642 πρὸς
1311 565 1655 641 συμμαχίαν,
1713 562 1800 617 καὶ
1848 557 2005 619 αύτὸς

2120 572 2215 612 res
2246 572 2315 612 ex
2337 558 2585 615 Thracia
2615 560 2786 617 effusi
2818 562 3029 634 Cpolin
3061 559 3361 629 obsident,
3390 558 3774 621 machinisad

357 659 685 736 ὑπέστρεψεν
719 658 794 721 εἷς
833 659 932 727 τὴν
968 656 1108 713 ίδίαν
1173 658 1386 737 χώραν.
1442 649 1636 710 Λαϐὼν
1700 650 1757 737 δὲ
1787 650 2016 709 τούτους

354 753 388 807 ὁ
424 749 680 827 βασιλεὺς
707 749 843 804 κατά
870 748 1119 822 Χοσρόου
1143 736 1368 826 ἕχώρει.
1402 747 1466 802 Ὀ
1499 741 1556 799 δὲ
1605 736 1887 827 ξάρϐαρος
1943 740 2014 811 τῇ

360 835 682 909 Χαλκηδόνι
706 831 1058 912 προσϐαλὼν,
1090 834 1234 891 ἀλλὰ
1291 834 1379 888 καὶ
1439 834 1491 887 οἱ
1535 826 1771 905 ’Ἄϐαρες
1801 827 1861 883 ἐκ
1914 832 2015 895 τῆς

353 929 575 1004 Θράκης
610 929 682 1001 τῇ
704 924 866 981 πόλει
898 924 1322 995 πλησιάσαντες,
1380 922 1584 990 ταύτην
1646 918 1791 975 ἑλεῖν
1845 913 2013 972 ἐϐού-

363 1016 554 1086 λοντο,
613 1015 868 1094 μηχανὰς
926 1014 1044 1069 κατ’
1085 1016 1168 1087 [Ρ.
1225 1014 1352 1086 416]
1419 1012 1588 1080 αὐτῆς
1665 1009 2013 1078 ποιήσαντες.

359 1105 581 1176 Πλῆθός
674 1125 733 1160 τε
788 1105 1009 1180 ἄπειρον
1062 1103 1152 1157 καὶ
1209 1103 1444 1178 ἀριθμοῦ
1501 1103 1744 1174 κρεῖττον
1808 1096 1869 1151 ἐκ
1919 1099 2016 1150 τοῦ

353 1200 575 1270 Ἴστρου
601 1192 908 1269 ἐνέγκαντες
941 1197 1161 1267 σκαφῶν
1190 1191 1449 1267 γλυπτῶν
1509 1190 1630 1265 (49)
1685 1187 1777 1241 τὸν
1808 1184 2018 1241 κόλπον

348 1290 453 1342 τοῦ
492 1283 734 1360 Κέρατος
795 1285 911 1358 (50)
960 1280 1312 1356 ἐπλήρωσαν.
1372 1279 1508 1334 Δέκα
1565 1276 1624 1333 δὶ
1678 1276 1889 1350 ἡμέρας
1944 1276 2013 1347 τῇ

350 1371 518 1429 πόλει
552 1370 992 1446 παραταξάμενοι
1053 1366 1142 1424 διά
1185 1389 1244 1424 τε
1300 1374 1406 1445 γῆς
1465 1367 1556 1421 και
1612 1364 1889 1434 θαλάσσης
1944 1363 2013 1434 τῇ

359 1467 461 1520 τοῦ
490 1466 626 1519 Θεοῦ
649 1458 874 1535 δυνάμει
906 1461 997 1514 καὶ
1027 1460 1283 1534 συνεργίᾳ
1309 1458 1401 1513 καὶ
1455 1460 1526 1531 τῇ
1582 1461 1683 1526 τῆς
1740 1452 2015 1529 ἀχράντου

369 1559 639 1610 Θεοτόκου
658 1551 749 1606 καὶ
794 1550 1180 1622 Ἀειπαρθένου
1226 1542 1482 1624 πρεσϐεία
1531 1546 1866 1616 ἡττήθησαν,
1923 1541 2016 1597 καὶ

374 1642 566 1712 πλήθη
622 1637 811 1695 πολλὰ
865 1635 1235 1700 ἀποϐαλόντες
1293 1630 1346 1691 ἕν
1402 1655 1462 1690 τε
1506 1638 1579 1709 γῇ
1631 1633 1721 1687 καὶ
1771 1630 2014 1706 θαλάσσῃ

365 1729 506 1807 μετὰ
561 1727 810 1805 μεγᾶλης
866 1727 1129 1802 αἰσχύνης
1185 1723 1536 1801 ὑπέστρεψαν.
1595 1725 1865 1780 Τοιοῦτον
1915 1720 2015 1795 γὰρ

343 1815 552 1888 συνέϐη
592 1818 806 1882 αὐτοῖς’
849 1815 992 1872 εἶδον
1052 1817 1104 1871 οἱ
1155 1810 1453 1891 Βάρϐαροι,
1485 1814 1694 1890 πρω³ιας
1727 1810 1894 1881 οὔσης
1925 1808 2015 1865 καὶ

2124 648 2587 721 oppugnandum
2621 653 2873 722 aptatis;
2907 653 3213 724 accitaque
3266 653 3586 707 innumera
3618 653 3778 708 scul-

2122 742 2358 809 ptarum
2389 739 2627 795 navium
2660 756 2729 795 ex
2758 743 2908 796 Istro
2934 741 3316 796 multitudine
3348 742 3546 797 sinum
3583 743 3682 813 qui
3711 743 3772 797 in

2123 827 2318 882 Cornu
2348 834 2475 883 erat
2498 829 2570 883 iis
2601 830 3025 900 Opplent.Cum
3061 835 3256 885 autem
3290 847 3395 901 per
3425 832 3626 887 decem
3648 832 3776 886 dies

2124 920 2280 971 terra
2303 917 2574 988 marique
2623 917 2836 972 urbem
2871 925 3331 990 oppugnassent,
3364 920 3418 973 vi
3468 925 3527 974 et
3555 921 3777 975 auxilio

2122 1007 2224 1061 Dei
2259 1023 2325 1062 ac
2384 1007 2680 1063 inviolatus
2732 1008 2986 1080 Virginis
3032 1007 3294 1079 Deiparm
3350 1009 3777 1065 intercessione

2123 1096 2287 1166 victi,
2319 1096 2553 1151 amissis
2586 1101 2743 1151 terra
2772 1097 3053 1167 manique
3098 1097 3321 1169 ingenti
3351 1114 3599 1152 numero
3633 1099 3775 1167 suis,

2124 1199 2339 1257 magno
2372 1201 2505 1239 cum
2538 1184 2826 1240 dedecore
2860 1185 3283 1241 discesserunt.
3325 1185 3461 1240 Tale
3495 1186 3655 1241 enim
3689 1188 3776 1243 eis

2124 1272 2433 1345 quidpiam
2462 1289 2574 1328 usu
2605 1274 2787 1329 venit.
2825 1274 3113 1329 Viderunt
3131 1273 3368 1329 Barbari
3403 1274 3552 1330 729
3582 1276 3776 1345 prima

2124 1361 2278 1429 luce,
2311 1379 2445 1418 cum
2470 1363 2560 1418 sol
2589 1363 2865 1433 oriretur,
2897 1363 3209 1419 mulierem
3270 1362 3591 1434 quamdam
3634 1364 3776 1418 illu-

2125 1457 2307 1508 strem
2338 1453 2629 1507 eunuchis
2682 1453 3025 1508 comitatam
3082 1456 3250 1524 porta
3310 1453 3772 1509 Blachernarum

2123 1547 2440 1598 exeuntem
2475 1544 2659 1607 Quam
2690 1559 2824 1598 cum
2852 1543 3242 1615 opinarentur
3257 1543 3775 1598 Heracliiuxorem

2126 1647 2276 1699 esse,
2309 1636 2369 1686 et
2395 1631 2471 1686 ad
2502 1648 2676 1687 suum
2698 1631 3031 1703 principem
3069 1631 3142 1686 ob
3201 1630 3402 1686 mariti
3444 1631 3773 1687 absentiam

2123 1721 2210 1775 ire
2233 1722 2395 1793 pacis
2424 1721 2694 1793 petendas
2725 1738 2924 1790 causa,
2980 1722 3295 1777 transitum
3355 1721 3407 1774 ei
3462 1737 3772 1776 concesse-

2122 1817 2284 1882 runt,
2314 1812 2775 1883 subsequentem
2806 1830 2877 1867 ex
2908 1812 3053 1868 urbe
3068 1812 3381 1867 hominum
3404 1811 3769 1883 turbamipsi

345 1910 449 1966 τοῦ
480 1908 651 1981 ἡλίου
682 1905 1097 1975 ἀνατέλλοντος,
1156 1903 1263 1961 ἄπὸ
1316 1911 1416 1975 τῆς
1474 1906 1681 1980 πόρτης
1729 1906 1836 1956 τῶν
1863 1900 2005 1958 Βλα-

2120 1901 2405 1957 adorturi.
2435 1903 2508 1957 Ut
2536 1918 2673 1957 vero
2720 1902 2892 1957 fossa:
2942 1902 3232 1957 ambitum
3291 1918 3589 1973 egressam
3645 1918 3767 1957 non

357 1999 572 2075 χερνῶν
603 1997 920 2068 ἐξελθοῦσαν
961 2000 1190 2071 γυναῖκα
1244 2000 1535 2072 περιφανῆ,
1595 1991 1729 2066 μετὰ
1773 1990 1864 2045 καὶ
1919 1989 2007 2045 εύ-

356 2087 582 2168 νούχων
611 2091 789 2144 τινῶν.
825 2079 1219 2147 ’Υπολαϐόντες
1259 2081 1317 2139 δὲ
1371 2086 1470 2154 τήν
1528 2079 1842 2159 βασίλισσαν
1875 2078 2006 2137 εἶναι

337 2179 559 2247 τὴντοῦ
590 2174 918 2252 Ἡρακλείου
957 2179 1212 2250 γυναῖκα,
1270 2174 1362 2229 καὶ
1418 2173 1557 2248 πρὸς
1611 2171 1704 2227 τὸν
1763 2170 2002 2245 ἄρχοντα

339 2263 522 2322 αῢτῶν
551 2265 871 2342 ἒξέρχεσθαι
894 2264 1115 2340 εἰρήνης
1142 2258 1297 2317 ἕνεκα
1358 2258 1448 2317 διὰ
1498 2261 1560 2316 τὸ
1615 2262 1690 2334 μὴ
1752 2257 1999 2315 εἶναιτὸν

340 2353 578 2432 βασιλέα
606 2353 659 2409 ἐν
691 2357 761 2428 τῇ
793 2351 976 2422 πόλει,
1006 2348 1240 2427 πάροδον
1272 2351 1414 2425 αὐτῇ
1465 2348 1749 2421 ἐποίησαν,
1777 2349 1865 2404 ἳνα
1912 2347 2001 2403 καὶ

337 2443 477 2506 λαὸς
506 2441 690 2519 ἔτερος
720 2441 949 2514 ἐξελθὼν
984 2439 1307 2516 ὑποχείριος
1353 2439 1538 2502 αὐτοῖς
1593 2438 1837 2516 γένηται.
1871 2440 2004 2495 Εἶτα

345 2533 424 2595 ὡς
457 2529 599 2587 εἶδον
630 2531 798 2603 αὐτὴν
829 2532 930 2601 τὴν
961 2533 1057 2586 τοῦ
1099 2529 1369 2607 φοσσάτου
1425 2529 1698 2604 περιοχὴν
1755 2526 2002 2598 ἐξελθοῦ-

353 2643 453 2677 σαν
506 2622 594 2676 καὶ
663 2621 738 2695 μὴ
787 2617 1123 2677 ἀπελθοῦσαν
1181 2618 1320 2693 πρὸς
1375 2618 1468 2673 τὸν
1525 2615 1765 2693 ἄρχοντα
1808 2616 2002 2691 αὐτῶν,

359 2707 651 2766 διώκουσιν
685 2708 899 2775 επισθεν
945 2709 1139 2778 αὐτῆς·
1201 2706 1293 2763 καὶ
1349 2705 1425 2768 ὠς
1480 2704 1639 2776 δῆθεν
1668 2704 2004 2778 ἒπλησίασαν

350 2798 495 2873 αὐτῇ
524 2798 658 2855 κατά
683 2797 849 2854 τόπον
879 2804 981 2867 τῆς
1010 2794 1317 2872 λεγομένης
1367 2794 1609 2858 ΙΙαλαιᾶς
1638 2796 1836 2872 πέτρας
1866 2797 2005 2871 (51),

349 2888 491 2958 αύτή
526 2890 620 2963 μὲν
653 2887 741 2942 καὶ
775 2887 828 2942 οἱ
861 2884 952 2940 σὺν
1023 2884 1162 2959 αὐτῇ
1221 2881 1449 2962 ἄφαντοι
1490 2884 1797 2961 γεγόνασιν,
1850 2885 2007 2940 αὐτοὶ

351 2975 413 3033 δὲ
433 2975 713 3048 ἀλλήλοις
765 2973 1170 3050 συμπλακέντες
1228 2969 1464 3050 θορύϐου
1539 2972 1729 3047 μεστὸν
1787 2978 2006 3029 ποιοῦσι

352 3068 420 3124 τὸ
450 3067 667 3136 πλῆθος
697 3065 789 3121 καὶ
820 3062 1106 3135 ἀλλήλους
1152 3063 1579 3142 κατασφάξουσιν
1627 3058 1730 3126 ἕως
1763 3063 2008 3139 ἑσπέρας.

356 3157 576 3232 Πρωίας
610 3154 669 3211 δὲ
725 3152 1024 3234 γενομένης
1081 3154 1183 3222 τήν
1243 3150 1416 3207 αἶτίαν
1461 3153 1699 3223 ζητήσας
1750 3153 1777 3208 ὁ
1826 3151 2012 3229 ἅρχων

2119 1991 2205 2046 ire
2239 1990 2313 2047 ad
2345 1991 2676 2062 principem
2724 1991 3017 2059 viderunt,
3076 1992 3329 2047 insecuti
3388 1996 3528 2046 sunt
3579 2007 3770 2062 usque

2118 2080 2275 2153 apud
2306 2081 2501 2136 locum
2524 2082 2618 2137 cui
2647 2082 2875 2137 Veteris
2902 2082 3025 2137 saxi
3066 2098 3288 2137 nomen
3348 2086 3439 2137 est
3470 2098 3483 2136 :
3515 2081 3595 2135 ibi
3627 2098 3761 2136 cum

2110 2170 2234 2227 fere
2261 2171 2386 2241 jam
2419 2174 2619 2226 essent
2648 2171 2927 2238 assecuti,
2947 2170 3052 2226 illa
3081 2188 3216 2226 cum
3242 2171 3365 2225 suis
3396 2187 3465 2225 ex
3494 2170 3685 2226 oculis
3707 2176 3765 2225 et

2111 2262 2431 2329 conspectu
2463 2276 2668 2314 eorum
2702 2259 3093 2331 evanuit.lpsi
3115 2265 3314 2315 autem
3338 2258 3597 2314 tumultu
3621 2276 3764 2314 con-

2111 2349 2291 2404 citato
2322 2349 2477 2404 inter
2506 2365 2568 2404 se
2595 2349 2894 2422 congressi
2927 2349 3001 2404 ad
3021 2364 3326 2420 vesperam
3358 2364 3545 2418 usque
3559 2353 3763 2403 mutuo

2113 2442 2339 2505 strages
2369 2437 2704 2493 ediderunt.
2738 2440 2905 2493 Mane
2934 2437 3306 2508 insequentis
3336 2436 3455 2491 diei
3486 2435 3602 2491 dux
3624 2452 3762 2492 cau-

2114 2542 2240 2582 sam
2272 2526 2605 2598 inquirens,
2632 2526 2792 2598 quod
2814 2526 3101 2597 majorem
3133 2542 3376 2581 suorum
3406 2529 3634 2596 partem
3666 2524 3764 2579 in-

2112 2617 2334 2672 testino
2367 2616 2645 2671 conﬂictu
2682 2617 2932 2687 periisse
2959 2615 3204 2684 videret,
3238 2616 3492 2688 turpiter
3521 2615 3761 2671 domum

2114 2707 2312 2762 rediit.
2337 2706 2544 2762 Statim
2578 2723 2814 2778 quoque
2844 2705 3050 2761 classis
3090 2706 3161 2761 ab
3220 2705 3529 2761 obsidione
3565 2723 3762 2761 reces-

2117 2799 2195 2853 sit
2226 2814 2241 2864 ;
2275 2813 2453 2868 quam
2485 2796 2728 2851 domum
2758 2801 3149 2851 revertentem
3209 2795 3271 2850 in
3326 2796 3552 2851 Euxino
3610 2797 3758 2851 mari

2118 2886 2325 2942 oborta
2354 2886 2779 2957 tempestasita
2835 2885 3047 2940 afﬂixit
3091 2890 3156 2940 ut
3184 2885 3463 2956 perpauci
3492 2885 3566 2939 ad
3623 2900 3762 2941 suos

2117 2975 2428 3031 redierint.
2461 2975 2771 3040 Sarbarus,
2806 2975 3039 3029 tametsi
3072 2975 3197 3029 haec
3222 2974 3276 3029 ei
3307 2974 3562 3029 molesta
3609 2973 3765 3029 acci-

2120 3065 2351 3131 derant,
2382 3070 2582 3120 tamen
2613 3064 2986 3119 obsidionem
3010 3063 3398 3118 Chalcedonis
3427 3080 3549 3119 non
3571 3062 3763 3131 solvit,

2122 3154 2227 3211 sed
2258 3154 2537 3209 hiemavit
2565 3153 2669 3222 ibi,
2700 3152 2995 3225 populans
3052 3153 3454 3208 transmarina
3502 3157 3560 3207 et
3587 3152 3765 3208 urbes

343 3229 546 3315 αύτῶν,
579 3244 696 3303 ἐπεὶ
723 3229 787 3299 τὸ
815 3242 1007 3299 πλεῖον
1039 3245 1136 3297 τοῦ
1165 3239 1305 3296 λαοῦ
1334 3242 1499 3297 αὐτοῦ
1549 3240 1833 3319 ἔμφυλίως
1864 3242 1994 3298 ἀνα-
2025 3229 2069 3296 0
2108 3249 2397 3300 evertens.

344 3335 524 3402 λωθὶν
566 3332 739 3411 εὗρεν,
774 3331 1093 3410 ὑποστρέφει
1133 3331 1247 3406 μετ’
1277 3329 1546 3410 αἰσχύνης
1579 3330 1655 3393 εἷς
1688 3333 1756 3387 τὰ
1792 3328 1925 3388 ἴδια.
1954 3335 2021 3391 Οἱ
2053 3330 2111 3389 δὲ
2138 3329 2235 3387 τοῦ
2265 3328 2513 3402 πλοΐμου
2541 3328 2634 3385 καὶ
2664 3328 2820 3385 αύτοὶ
2848 3327 3074 3391 τούτους
3110 3326 3317 3391 ἰδόντες
3357 3330 3756 3405 ὑποχωρήσαν-

344 3445 446 3488 τας
474 3424 673 3486 εὐθέως
705 3421 1084 3497 ἀνεχώρησαν·
1121 3420 1217 3484 οὕς
1242 3419 1378 3474 κατά
1403 3419 1496 3474 τὸν
1531 3418 1776 3490 Εὔξεινον
1804 3421 2004 3477 πόντον
2068 3420 2207 3492 ζάλη
2267 3414 2650 3474 καταλαϐοῦσα
2711 3418 2937 3494 ὀλίγους
2966 3418 3114 3483 τινὰς
3159 3417 3413 3482 ἀπελθεῖν
3441 3419 3518 3481 εἷς
3549 3419 3616 3473 τὰ
3646 3416 3760 3474 ἴδια

343 3514 587 3592 ἀφίησιν.
616 3512 679 3569 Ὀ
709 3508 767 3567 δὲ
803 3504 1087 3586 Σάρϐαρος
1119 3507 1208 3564 ἐπὶ
1237 3508 1454 3571 τούτοις
1483 3508 1771 3588 ἀχθεσθεὶς
1802 3508 1956 3584 ὅμως
1986 3513 2087 3582 τήν
2117 3507 2446 3579 Χαλκηδόνα
2501 3509 2953 3583 παρακαθήμενος
3013 3509 3077 3564 ού
3130 3509 3384 3581 μετέστη,
3434 3507 3562 3563 ἀλλ’
3594 3507 3759 3564 αὐτοῦ

338 3603 630 3683 ἒχείμασε,
662 3597 982 3683 πραιδεύων
1014 3598 1082 3652 τὰ
1107 3598 1372 3683 περατικᾲ
1400 3598 1539 3672 μέρη
1571 3598 1662 3653 καὶ
1694 3598 1963 3678 ἀφανίζων
1993 3600 2089 3661 τὰς
2110 3597 2303 3662 πόλεις
2332 3598 2530 3654 αὐτῶν.

415 3694 510 3763 Τῷ
547 3691 607 3760 ιζ’
629 3688 734 3745 ἔτει
765 3682 1033 3743 εἰσϐαλὼν
1080 3686 1131 3740 έν
1166 3682 1389 3762 Περσίδι
1456 3685 1484 3739 ὁ
1532 3686 1859 3761 ’Ἡράκλειος
1908 3687 2000 3743 σὺν

338 3784 465 3845 τοῖς
521 3778 787 3854 Τούρκοις
841 3772 1274 3850 ἀπροσδοκήτως
1329 3771 1420 3829 διὰ
1471 3775 1564 3830 τὸν
1620 3780 1873 3855 χειμῶνα
1928 3777 2003 3839 εἷς

342 3867 596 3928 ἔκστασιν
633 3863 851 3924 ἒνέϐαλε
878 3866 971 3922 τὸν
996 3865 1266 3941 Χοσρόην.
1308 3866 1372 3919 Oi.
1431 3862 1489 3920 δὲ
1526 3871 1762 3941 Τοῦρκοι
1825 3869 1916 3923 τόν
1945 3889 2004 3923 τε

343 3961 604 4033 χειμῶνα
660 3959 888 4031 ὁρῶντες
946 3954 1037 4009 καὶ
1103 3954 1202 4016 τὰς
1262 3959 1507 4030 συνεχεῖς
1566 3952 1838 4030 ἐκδρομὰς
1892 3957 2001 4011 τῶν

343 4048 592 4120 Περσῶν,
617 4050 695 4117 τῷ
719 4065 778 4100 τε
804 4041 1022 4119 βασιλεῖ
1063 4043 1140 4114 μή
1201 4041 1455 4116 φέροντες
1513 4048 1834 4118 συγκοπιᾷν,
1901 4045 2001 4118 ἢρ.

338 4139 498 4210 ξαντο
576 4134 696 4190 κατ’
743 4132 929 4209 ὀλίγον
991 4130 1299 4206 ὑπορῥέειν,
1358 4130 1450 4185 καὶ
1508 4131 1702 4196 πάντες
1784 4132 2000 4210 ἀφέντε)

341 4224 510 4282 αὐτὸν
578 4223 935 4297 ὑπέστρεψαν.
991 4220 1051 4273 Ὃ
1109 4216 1167 4275 δὲ
1254 4218 1508 4293 βασιλεὺς
1568 4217 1865 4291 διελάλησε
1919 4225 2000 4293 τῷ

340 4314 469 4385 λαῷ
497 4311 686 4379 αὐτοῦ,
717 4309 913 4383 λέγων’
966 4312 1165 4375 Γνῶτε,
1223 4305 1475 4385 ἀδελφοὶ,
1540 4308 1624 4364 ὅτι
1657 4307 1833 4372 οὐδεὶς
1864 4312 2000 4382 ἡμῖν

345 4406 717 4479 συμμαχῆσαι
747 4396 914 4467 θέλει,
945 4395 1074 4453 ἀλλ’
1103 4398 1139 4466 ἢ
1176 4396 1341 4470 μόνος
1386 4399 1415 4451 ὁ
1463 4397 1591 4460 Θεὸς
1622 4397 1711 4452 καὶ
1743 4399 1778 4467 ἡ
1808 4402 2000 4453 τοῦτον

346 4494 584 4548 τεκοῦσα
614 4487 867 4563 ἀσπόρως
918 4487 1201 4548 Θεοτόκος.
1261 4490 1432 4543 Τοῦτο
1486 4484 1542 4542 δὲ
1590 4487 1793 4564 γίνεται
1852 4482 2001 4550 ὅπως

351 4580 508 4656 δείξῃ
567 4580 620 4634 ἐν
677 4580 814 4651 ἡμῖν
873 4576 964 4632 καὶ
1022 4580 1154 4633 πᾶσι
1206 4576 1422 4639 τούτοις
1477 4577 1577 4646 τὴν
1610 4577 1801 4632 ἑαυτοῦ
1846 4575 2002 4632 δυνα-

350 4670 559 4740 στείαν,
617 4667 973 4741 καταπέμψας
1035 4667 1169 4738 ἡμῖν
1219 4666 1319 4734 τήν
1377 4665 1543 4721 αὐτοῦ
1609 4668 1890 4741 βοήθειαν.
1941 4668 2003 4725 Ὀ

2182 3691 2355 3744 Λιιηο
2387 3687 2618 3744 decimo
2652 3689 3135 3760 septimo,hieme
3168 3689 3229 3741 in
3261 3687 3559 3742 Persidem
3589 3689 3761 3743 Hera-

2112 3777 2262 3833 clius
2293 3794 2427 3833 cum
2457 3776 2660 3832 Turcis
2708 3778 3010 3848 ingressus
3067 3777 3384 3847 improviso
3440 3776 3760 3831 Chosroem

2112 3867 2451 3940 perterruit.
2470 3867 2582 3922 Sed
2612 3868 2778 3922 Turci
2814 3867 3073 3922 hiemem
3092 3883 3159 3921 ac
3188 3866 3427 3922 crebras
3448 3868 3760 3921 Persarum

2113 3956 2492 4012 excursiones
2506 3973 2656 4029 aegre
2686 3955 2965 4024 ferentes,
2981 3972 3176 4027 neque
3206 3955 3529 4011 tolerandis
3545 3972 3761 4011 uarum-

2112 4046 2207 4101 nis
2239 4046 2430 4101 socios
2463 4047 2614 4101 780
2647 4062 2707 4100 se
2766 4046 3107 4117 imperatori
3162 4046 3426 4118 praebere
3472 4047 3765 4102 sustinen-

2114 4139 2224 4200 tes,
2259 4135 2548 4207 paulatim
2573 4153 2641 4190 ex
2674 4136 2883 4191 castris
2908 4135 3477 4207 dilabi,tandemque
3499 4137 3760 4191 universi

2117 4225 2370 4282 desertis
2402 4227 2683 4282 Romanis
2713 4226 2957 4281 domum
3013 4226 3224 4282 reverti
3270 4232 3593 4298 coeperunt.
3616 4229 3763 4281 Tum

2113 4315 2443 4387 imperator
2476 4333 2615 4371 suos
2645 4316 2727 4370 ita
2756 4320 2846 4370 est
2897 4315 3187 4371 allocutus
3211 4332 3222 4369 :
3246 4315 3491 4383 Videtis,
3523 4316 3758 4383 fratres,

2112 4403 2413 4458 neminem
2447 4404 2621 4459 nobis
2653 4403 2859 4458 adesse
2892 4402 3039 4458 velle
3060 4409 3473 4475 praeterunum
3500 4405 3682 4458 Deum
3702 4410 3760 4459 et

2113 4509 2245 4563 qua:
2275 4509 2413 4548 eum
2445 4494 2572 4548 sine
2603 4492 2828 4548 semine
2856 4492 3087 4564 peperit
3117 4492 3431 4565 Virginem.
3450 4493 3587 4548 Ideo
3610 4494 3759 4549 ﬁtut

2115 4581 2347 4637 coalitus
2378 4582 2547 4637 nobis
2568 4581 2750 4637 misso
2781 4581 2995 4637 auxilio
3054 4582 3115 4637 in
3175 4583 3345 4637 nobis
3383 4598 3452 4638 ac
3483 4584 3759 4640 omnibus

2115 4671 2244 4725 istis
2276 4687 2440 4726 suam
2474 4670 2842 4726 demonstret
2869 4672 3214 4743 potentiam.
3248 4673 3538 4729 Chosroes
3567 4675 3758 4729 omni-

358 4759 419 4815 δὶ
447 4758 697 4833 Χοσρόης
751 4753 1074 4827 ἓπισυνάξας
1139 4753 1313 4808 πάντα
1368 4755 1435 4808 τὰ
1493 4755 1866 4830 στρατεύματα
1907 4756 2005 4811 αύ-

2120 4761 2226 4816 bus
2256 4762 2378 4817 suis
2410 4761 2765 4817 exercitibus
2795 4763 3113 4818 contractis
3162 4764 3416 4835 praeﬁcit
3454 4766 3759 4835 Razasten,

355 4852 456 4905 τοῦ
508 4842 880 4922 προϐάλλεται
935 4843 1119 4905 αὐτοῖς
1178 4844 1479 4919 στρατηγὸν
1530 4843 1852 4917 Ῥαζάστην,
1913 4845 2007 4901 ἄν-

359 4934 463 5012 δρα
491 4935 936 5009 πολεμικώτατον
977 4934 1067 4988 καὶ
1096 4929 1367 5006 ἀνδρεῖον,
1392 4932 1483 4988 καὶ
1510 4934 1650 4989 κατά
1677 4933 2006 5011 Ἡρακλείου

354 5027 583 5100 πέμπει.
612 5024 674 5083 '0
728 5021 787 5079 δὲ
844 5021 1101 5099 βασιλεὺς
1154 5022 1251 5083 τάς
1303 5042 1364 5077 τε
1426 5021 1614 5086 πόλεις
1680 5022 1770 5079 καὶ
1811 5025 2004 5099 κώμας

2114 4851 2304 4906 virum
2335 4851 2856 4907 bellicosissimum
2888 4868 2955 4907 ac
2975 4851 3192 4926 insigni
3222 4853 3765 4924 fortitudine,eum-

2115 4957 2229 5012 que
2262 4939 2542 4996 adversus
2595 4940 2933 4997 Heraclium
2988 4942 3189 4997 mittit.
3240 4942 3542 4999 Heraclius
3596 4943 3762 5016 pagis

2113 5030 2480 5102 urbibusque
2511 5030 2769 5086 Persidis
2801 5031 2934 5103 igne
2961 5031 3255 5101 evastatis,
3279 5035 3337 5087 et
3366 5031 3581 5101 Persis,
3610 5048 3758 5104 quos

1546 5124 1912 5181 XYLANDRI
1950 5127 2037 5181 ET
2075 5128 2291 5184 GOARI
2329 5128 2550 5184 NOTE.

427 5242 538 5315 (49)
560 5238 847 5315 Naviculm
877 5237 1188 5294 ﬂuviatiles
1230 5253 1375 5315 uno‘
1408 5237 1570 5315 ligno
1601 5244 1878 5296 excavata
1910 5244 1999 5295 tu-

352 5306 674 5391 multuario
724 5315 1091 5391 prspparatai,
1149 5306 1429 5391 μονόξυλα
1458 5306 1699 5391 'dictse,
1800 5330 1998 5391 σκαωαι

345 5382 607 5459 γλυπταί,
636 5380 971 5459 exs—culpata;
999 5380 1301 5459 nimirum
1353 5386 1419 5459 et
1443 5381 1737 5459 _scalpello
1772 5384 1999 5459 rudiori

347 5452 560 5515 trunco
592 5456 942 5510 elTormataa.
980 5454 1199 5506 Auctor
1223 5452 1296 5505 de
1350 5452 1561 5508 iisdem
1584 5452 1898 5509 sexcentis
1937 5455 1998 5509 in

346 5531 519 5594 locis,
551 5527 655 5582 ubi
687 5526 759 5580 de
790 5524 994 5580 Russis
1024 5529 1083 5577 et
1109 5523 1433 5597 Patzinacis
1476 5526 1839 5580 mentionem
1860 5527 1997 5597 agit.

351 5603 535 5657 Usum
583 5613 815 5668 earum,
861 5600 920 5650 et
976 5610 1092 5668 qua
1135 5595 1364 5668 ratione
1416 5612 1524 5668 per
1568 5602 1788 5651 terram
1847 5595 2000 5652 trahi

352 5672 449 5728 vel
474 5670 785 5727 hominum
806 5664 1072 5721 humeris
1114 5664 1341 5721 soleant
1392 5664 1803 5733 transportari,
1835 5685 1998 5724 enar-

355 5749 451 5802 rat
523 5739 826 5796 fusissime
882 5736 1305 5793 Constantinus
1361 5740 1438 5794 De
1502 5736 1715 5810 admin,
1775 5741 1905 5811 imp.
1944 5757 1997 5796 ο.

2106 5258 2227 5316 vm,
2258 5241 2328 5297 de
2388 5242 2834 5299 Patzinacarum
2892 5240 2944 5295 ἐν
3005 5239 3326 5314 μονοξύλοις
3358 5243 3750 5316 navigatione.

2109 5315 2287 5369 Goan.

2183 5383 2297 5525 $50)
2316 5385 2557 5438 Portum
2583 5384 2979 5509 Cpolitanum.
3009 5386 3183 5440 Goaa.
3388 5425 3394 5431 .

2210 5458 2297 5524 51)
2328 5454 2552 5509 Exinde
2584 5456 2622 5509 il
2654 5472 2725 5511 uc
2756 5456 2867 5510 loci
2900 5456 3394 5512 ﬁebatsecundun

2210 5458 2297 5524 51)
2328 5454 2552 5509 Exinde
2584 5454 2725 5511 illuc
2756 5456 2867 5510 loci
2900 5456 3415 5512 fiebatsecundum
3445 5461 3759 5524 antiquum

2113 5529 2327 5611 typum.
2350 5528 2671 5608 processio,
2705 5527 3106 5611 cujushriturn
3154 5535 3218 5611 et
3262 5546 3470 5611 preces
3518 5527 3760 5611 exhibet

2111 5597 2531 5670 Euchologium
2564 5597 3046 5675 recensieditum.
3067 5601 3241 5675 Petra
3259 5597 3756 5675 illaiprscgrandis

2110 5675 2219 5798 Est,
2252 5686 2455 5725 versus
2484 5675 2715 5744 portam
2764 5671 3179 5744 Adrianopolis
3226 5671 3469 5730 nomine
3513 5671 3752 5731 dictam.

2156 5756 2284 5797 osa.

2156 5756 2284 5797 OAR.
