4108 6300
349 398 469 458 799

1712 391 2031 454 GEORGII
2075 389 2413 453 CEDRENI

3639 400 3764 461 800

347 531 624 603 cepisset;
656 527 847 602 gladio
879 525 1469 596 interfectis,0ctobri
1501 543 1706 584 mense
1727 524 1990 584 Chamai—

2103 519 2370 597 Περσίδος
2400 520 2720 598 ἒπυρπόλει,
2777 523 2869 579 καὶ
2923 523 3052 586 τοὺς
3113 525 3514 601 κρατουμένους
3553 529 3762 606 Πέρσας

346 619 448 674 tha
479 617 780 689 regionem
839 621 1106 686 occupat,
1166 616 1367 686 ibique
1419 619 1450 670 7
1509 616 1742 671 dierum
1800 614 2000 686 quiete

345 707 671 762 exercitum
698 704 907 759 reﬁcit.
945 704 1376 776 Insequebatur
1417 722 1452 760 a
1510 709 1671 776 tergo
1704 706 2000 773 Razastes,

349 795 472 863 sed,
499 793 658 866 quod
699 795 947 849 Romani
1005 794 1287 850 alimenta
1335 794 1535 850 omnia
1587 792 2002 860 absumebant,

342 885 498 940 fame
531 883 871 956 urgebatur,
905 900 1091 954 eaque
1124 884 1313 940 multa
1339 883 1524 954 ipsius
1547 883 1824 954 jumenta
1846 881 1998 952 peri-

349 975 512 1030 bant.
546 975 745 1030 Prima
787 973 1126 1028 Decembris
1179 974 1274 1028 die
1333 973 1638 1028 Heraclius
1681 971 1834 1026 Zaba
1890 970 2000 1024 ilu-

345 1064 505 1118 mine
540 1063 784 1134 trajecto
837 1062 994 1116 haud
1025 1061 1230 1132 procul
1262 1061 1466 1116 Ninive
1497 1065 1952 1115 castrametatur
1983 1093 1998 1118 ν

345 1152 674 1223 eodemque
720 1153 990 1207 Razastes
1054 1150 1411 1222 supervenit.
1473 1151 1618 1204 Tum
1679 1149 2004 1219 imperator

344 1244 600 1297 Boanem
622 1242 918 1297 exercitus
950 1240 1161 1296 ducem
1221 1256 1356 1296 cum
1413 1239 1658 1294 delectis
1708 1238 2002 1294 militibus

347 1333 552 1404 paucis
585 1331 819 1386 emittit.
845 1334 900 1386 Is
935 1330 994 1384 in
1026 1329 1286 1386 bandum
1353 1329 1658 1386 Persicum
1706 1327 1998 1396 incidens;

349 1420 600 1490 reliquis
622 1419 857 1483 occisis,
889 1421 957 1472 26
988 1423 1194 1488 captos
1231 1417 1304 1473 ad
1353 1416 1689 1472 Heraclium
1736 1415 1997 1484 adducit,

349 1511 604 1564 efferens
631 1524 752 1562 una
780 1513 956 1578 caput
987 1506 1219 1564 comitis
1237 1522 1443 1565 eorum
1465 1505 1663 1577 etejus
1685 1504 2000 1578 pugionem

348 1613 419 1652 ex
449 1595 640 1651 solido
671 1611 836 1663 auro,
863 1610 930 1650 ac
960 1595 1217 1649 Razastaa
1247 1593 1627 1664 armigerum.
1661 1591 2002 1646 Hicindicat

341 1685 612 1742 Heraclio
642 1683 976 1741 decrevisse
1005 1686 1314 1740 Razastem
1345 1681 1551 1754 proelio
1598 1681 1902 1753 congredi,
1930 1697 1998 1736 ac

341 1775 454 1830 tria
481 1778 847 1830 armatorum
878 1773 1133 1830 milliaei
1163 1789 1198 1828 a
1227 1774 1483 1828 Chosroe
1514 1771 1995 1838 missa,nondum

339 1869 541 1920 tamen
602 1865 744 1920 731
805 1864 1138 1920 advenisse.
1201 1864 1303 1917 His
1363 1861 1616 1933 cognitis
1677 1861 2074 1964 imperatorB

342 1953 575 2010 tuldum
607 1955 936 2026 przemittit,
959 1959 1136 2025 atque
1194 1953 1320 2025 ipse
1375 1952 1759 2024 subsequitur
1819 1969 1833 2020 ;
1884 1968 1993 2006 na-

348 2049 595 2114 ctusque
617 2043 813 2098 locum
845 2047 1249 2116 opportunum
1294 2042 1501 2098 statuit
1550 2057 1807 2114 pugnam
1839 2057 1996 2096 com-

345 2133 603 2203 mittere,
634 2133 978 2204 priusquam
1033 2132 1107 2187 ad
1147 2134 1448 2187 Razastem
1496 2131 1610 2186 tria
1648 2131 1760 2185 ista
1805 2130 1996 2186 millia

343 2220 714 2277 accederent.
745 2223 833 2276 Ita
860 2225 996 2278 ante
1027 2219 1174 2275 alios
1195 2236 1402 2276 omnes
1424 2218 1740 2291 prosiliens
1757 2218 1990 2274 ductori

339 2310 574 2366 cuidam
607 2312 919 2365 Persarum
946 2315 1106 2365 vasto
1138 2309 1366 2364 homini
1426 2309 1702 2373 occurrit,
1734 2325 1990 2379 eumque

329 2398 430 2452 Dei
453 2403 511 2454 et
544 2399 806 2468 Deiparaa
830 2397 1049 2454 auxilio
1080 2397 1324 2470 dejicit:
1359 2403 1485 2452 tum
1515 2397 1700 2452 alium
1722 2413 1788 2452 ac
1813 2414 1988 2469 porro

336 2489 598 2556 tertium,
633 2489 733 2560 qui
767 2489 821 2543 ei
860 2489 1032 2544 hasta
1079 2488 1305 2544 labium
1364 2488 1677 2544 sauciarat.
1736 2489 1823 2543 lta
1861 2492 1988 2544 tum

340 2581 461 2633 acri
492 2579 698 2650 praelio
746 2583 1039 2644 conserto,
1098 2579 1390 2644 Bazastes,
1445 2593 1513 2633 ac
1572 2577 1673 2648 qui
1735 2594 1870 2632 cum
1917 2593 1986 2632 eo

341 2671 511 2723 erant
535 2667 1018 2739 ductores,prope
1052 2684 1262 2722 omnes
1291 2665 1635 2721 ceciderunt
1674 2665 1985 2736 majorque

342 2757 634 2812 exercitus
691 2773 896 2811 eorum
953 2773 1109 2828 pars.
1170 2757 1249 2810 De
1309 2755 1588 2811 Romanis
1645 2753 1988 2810 ceciderunt

339 2845 869 2918 quinquaginta,ex
900 2845 1117 2918 quibus
1149 2844 1356 2900 decem
1388 2843 1607 2899 mortui
1627 2843 1984 2898 sunt.Dura-

337 2935 415 2989 vit
448 2951 642 3008 pugna
671 2952 708 2990 a
737 2936 1076 3006 primaluce
1109 2951 1296 3007 usque
1329 2933 1403 2988 ad
1426 2949 1824 3003 vesperamac
1838 2948 1986 2986 neu-

332 3023 405 3079 tri
431 3024 558 3080 loco
590 3029 916 3080 cesserunt.
951 3026 1071 3080 Nox
1127 3041 1197 3079 ea
1243 3023 1444 3095 quieta
1500 3022 1628 3077 fuit.
1681 3020 1793 3076 Sed
1825 3021 1983 3076 circa

337 3113 543 3169 horam
575 3113 766 3168 noctis
791 3118 1054 3168 octavam
1086 3113 1278 3167 Persae
1311 3111 1432 3166 suis
1449 3111 1626 3168 rebus
1647 3109 1986 3165 difﬁdentes

337 3201 600 3256 evulsum
627 3201 925 3256 vallumin
948 3201 1166 3256 montis
1197 3201 1391 3272 asperi
1425 3199 1634 3270 pedem
1669 3198 1988 3254 transtule-

2107 611 2316 667 ἀνεῖλεν
2349 610 2400 666 ἐν
2430 611 2694 687 ῥομφαίᾳ.
2729 614 2814 686 [Ρ.
2849 618 2976 690 417]
3031 621 3120 688 Τῷ
3172 613 3492 691 Ὀκτωϐρῖῳ
3524 617 3583 674 δὲ
3624 643 3734 694 μην

2107 695 2402 756 κατέλαϐεν
2455 701 2530 762 εἷς
2589 704 2688 770 τὴν
2753 703 2939 778 χώραν
2987 705 3262 778 Χαμαϊοᾶ,
3326 708 3415 762 καὶ
3447 702 3766 767 διανέπαυσι

2105 789 2196 844 τὸν
2255 788 2384 844 λαὸν
2443 786 2721 863 ἑϐδομάδα
2776 791 2928 864 μίαν.
2977 794 3039 851 Ὁ
3090 794 3387 866 Ῥαζάστης
3443 795 3500 852 δὲ
3585 797 3760 864 ἐλθὼν

2109 877 2402 949 ἠκολούθει
2435 875 2674 950 ὄπισθεν,
2706 881 2796 935 καὶ
2851 885 2958 936 τῶν
3009 883 3302 954 Ῥωμαίων
3357 885 3756 944 ἀναλισκόντων

2105 968 2204 1029 τὰς
2258 970 2462 1046 τροφάς
2517 963 2732 1024 ὄπισθεν
2791 969 2953 1032 αὐτὸς
3010 973 3209 1027 πεινῶν
3294 971 3613 1044 ἠκολούθει,
3685 979 3763 1042 ὡς

2107 1054 2293 1111 πολλὰ
2323 1061 2430 1111 τῶν
2462 1054 2684 1134 ἀλόγων
2718 1058 2882 1113 αὐτοῦ
2931 1056 3316 1142 διαφθαρῆναι.
3381 1065 3436 1116 Ὀ
3490 1061 3546 1118 δὲ
3606 1066 3761 1142 βασι.

2109 1143 2237 1206 λεὺς
2269 1149 2337 1220 τῇ
2369 1147 2562 1222 πρώτῃ
2619 1151 2718 1200 τοῦ
2777 1143 3114 1224 Δεκεμϐρίου
3174 1151 3348 1223 μηνὸς
3406 1148 3598 1217 διαϐάς
3667 1155 3758 1208 τὸν

2107 1229 2283 1288 Ζαϐἆν
2313 1234 2562 1308 ποταμὸν
2595 1233 2833 1304 πλησίον
2865 1243 2963 1307 τῆς
2993 1235 3212 1302 πόλεως
3254 1241 3445 1296 Νινευΐ
3498 1244 3767 1314 κατεσκή-

2106 1345 2263 1379 νωσε.
2300 1318 2574 1381 Κατέλαϐε
2605 1322 2662 1380 δὲ
2691 1327 2781 1380 καὶ
2831 1327 2858 1380 ὁ
2911 1327 3224 1398 Ῥαζάστης.
3273 1331 3334 1387 Ὀ
3389 1329 3447 1386 δὶ
3509 1331 3762 1407 βασιλεὺς

2105 1411 2434 1468 ἀποστέλλει
2467 1414 2676 1484 Βοάνην
2709 1416 2802 1469 τὸν
2851 1415 3230 1490 στρατηλάτην
3295 1419 3410 1492 μετ’
3467 1417 3762 1476 ἐπιλέκτων

2108 1507 2458 1576 στρατιωτῶν
2518 1501 2744 1578 ὀλίγων.
2797 1505 2857 1562 ’0
2914 1502 2973 1560 δὲ
3033 1505 3158 1583 εὗρε
3201 1505 3397 1583 βάνδον
3458 1510 3575 1583 (52)
3651 1516 3760 1566 τῶν

2109 1593 2352 1666 Ηερσῶν,
2385 1589 2436 1662 ἐξ
2468 1593 2542 1646 ὧν
2569 1599 2645 1654 κς¹
2695 1595 2968 1668 κρατήσας
3019 1595 3217 1673 ἤνεγκε
3272 1599 3408 1672 πρὸς
3466 1599 3558 1654 τὸν
3607 1601 3763 1674 βασι-

2108 1677 2226 1750 λέα,
2257 1678 2384 1742 τοὺς
2428 1679 2639 1742 ἄλλους
2697 1682 2976 1760 φονεύσας.
3017 1685 3248 1762 Ἤνεγκε
3297 1683 3356 1742 δὲ
3407 1687 3494 1742 καὶ
3543 1689 3642 1758 τὴν
3673 1709 3760 1744 κε-

2107 1768 2288 1848 φαλὴν
2345 1775 2442 1825 τοῦ
2499 1771 2748 1846 κόμητος
2798 1772 2975 1828 αὐτῶν
3031 1773 3122 1828 καὶ
3178 1775 3242 1830 τὸ
3325 1776 3548 1832 σπαθίον
3599 1776 3760 1833 αὐτοῦ

2106 1859 2418 1935 ὁλόχρυσον
2459 1861 2550 1916 καὶ
2575 1861 2668 1916 τὸν
2713 1861 3012 1936 σπαθάριον
3069 1868 3166 1919 τοῦ
3198 1865 3515 1938 Ῥαζάστου,
3557 1861 3615 1930 ὅς
3669 1868 3757 1923 καὶ

2106 1951 2221 2006 εἶπε
2248 1957 2330 2024 τῷ
2364 1949 2603 2025 βασιλεῖ,
2662 1951 2747 2007 δτι
2809 1953 3127 2028 Ὠρισμένος
3187 1954 3330 2010 ἐστὶν
3385 1957 3413 2012 ὁ
3464 1958 3760 2028 Ῥαζάστης

2106 2039 2429 2113 πολεμῆσαί
2487 2062 2595 2110 σοι,
2651 2041 2741 2098 καὶ
2821 2041 3170 2120 τρισχιλίους
3227 2043 3610 2120 ὡπλισμένους
3654 2047 3761 2103 άπ-

2105 2127 2342 2185 ἐστειλεν
2375 2131 2523 2204 αὐτῷ
2574 2126 2848 2206 Χοσρόης,
2908 2131 3034 2188 ἀλλ’
3115 2133 3297 2207 ἀκμὴν
3356 2135 3456 2191 οὐκ
3505 2134 3754 2215 ἔφθασαν.

2102 2221 2282 2276 Ταῦτα
2327 2221 2512 2292 μαθὼν
2545 2221 2574 2275 ὁ
2639 2219 2894 2296 βασιλεὺς
2952 2221 3354 2296 προαπέστειλε
3403 2225 3467 2280 τὸ
3523 2223 3758 2282 τοῦλδον

2099 2303 2402 2383 ἔμπροσθεν
2433 2309 2519 2364 καί
2553 2309 2718 2372 αὐτὸς
2783 2309 3170 2380 ἐπηκολούθει.
3232 2313 3422 2388 Εύρὼν
3477 2310 3537 2370 δὲ
3592 2317 3756 2371 τόπον

2099 2395 2406 2469 ἐπιτήδειον
2441 2397 2680 2470 ἠθέλησε
2712 2395 3012 2473 συμϐαλεῖν
3065 2399 3311 2474 πόλεμον
3375 2403 3510 2476 μετὰ
3571 2403 3761 2474 Ῥαζά-

2099 2507 2226 2542 στου
2255 2487 2362 2562 πρὸ
2392 2491 2488 2543 τοῦ
2515 2489 2780 2559 ὲνωθῆναι
2810 2495 2926 2552 τοῖς
2980 2489 3344 2566 τρισχιλίοις.
3409 2493 3508 2547 Καὶ
3540 2514 3770 2569 προπη-

2097 2572 2268 2645 δήσας
2298 2575 2510 2632 πάντων
2541 2579 2570 2631 ὁ
2603 2577 2861 2654 βασιλεὺς
2917 2577 3144 2654 ἄρχοντι
3193 2579 3422 2654 μεγάλῳ
3448 2586 3559 2637 τῶν
3622 2587 3760 2656 Περ-

2095 2671 2204 2720 σῶν
2235 2671 2481 2737 συναντᾷ,
2513 2666 2603 2721 καὶ
2642 2669 2710 2737 τῇ
2741 2671 2836 2721 τοῦ
2866 2673 3001 2722 Θεοῦ
3043 2665 3265 2740 δυνάμει
3322 2671 3415 2724 καὶ
3471 2677 3573 2741 τῆς
3629 2679 3752 2728 Θεο-

2093 2754 2259 2810 τόκου
2287 2750 2624 2812 καταϐάλλει
2652 2759 2864 2815 τοῦτον.
2899 2757 3028 2814 Εἶτα
3082 2757 3174 2812 καὶ
3233 2755 3484 2832 δεύτερον
3545 2761 3754 2834 ὁμοίως

2096 2843 2186 2898 καὶ
2215 2843 2421 2918 τρίτον,
2456 2843 2602 2908 ὅστις
2637 2842 2806 2900 ἔδωκε
2835 2851 2916 2918 τῷ
2969 2845 3187 2922 βασιλεῖ
3229 2847 3366 2920 μετὰ
3423 2847 3646 2922 δόρατος
3669 2850 3748 2912 εἷς

2094 2932 2158 2988 τὸ
2187 2931 2398 3008 χεῖλος.
2440 2934 2641 3013 Μάχης
2671 2935 2762 2988 οὖν
2793 2935 3152 3010 κροτηθείσης
3197 2934 3431 3014 σφοδρᾶς
3469 2939 3646 2991 πίπτει
3703 2939 3731 2991 ὁ

2107 3023 2404 3093 Ῥαζάστης
2434 3021 2522 3077 καὶ
2554 3023 2604 3076 oi
2634 3021 2900 3102 ἄρχοντες
2931 3023 3098 3078 αὐτοῦ
3156 3023 3354 3100 σχεδὸν
3411 3025 3593 3087 πάντες
3639 3026 3732 3080 καὶ

2096 3111 2159 3166 τὸ
2189 3109 2447 3166 πλεῖστον
2473 3115 2570 3167 τοῦ
2601 3117 2830 3188 στρατοῦ
2862 3112 3049 3172 αὐτοῦ.
3093 3115 3326 3170 Ἔπεσον
3370 3111 3428 3170 δὲ
3480 3115 3742 3188 Ῥωμαῖοι

2101 3203 2462 3272 πεντήκοντα,
2493 3199 2544 3272 ἐξ
2577 3202 2650 3256 ὧν
2694 3199 2820 3256 δέκα
2845 3202 3133 3268 ἀπέθανον.
3174 3205 3390 3259 ’Ἰστατο
3439 3202 3498 3258 δὲ
3557 3205 3584 3260 ὁ
3648 3203 3744 3258 πό-

338 3297 494 3345 runt.
522 3290 771 3345 Romani
803 3290 1040 3344 invento
1067 3291 1323 3344 Razastas
1381 3288 1665 3344 cadavere
1713 3287 1988 3360 clypeum

2101 3288 2272 3364 λεμος
2299 3290 2404 3344 ἀπὸ
2447 3288 2658 3364 πρωίας
2705 3290 2810 3352 ἓως
2869 3291 3015 3368 ὥρας
3053 3289 3361 3366 ἑνδεκάτης,
3419 3294 3510 3348 καὶ
3567 3294 3747 3370 τροπὴ

337 3378 466 3448 ejus
498 3383 684 3432 totum
707 3394 977 3443 aureum,
1018 3384 1142 3434 tum
1193 3378 1436 3432 loricam
1495 3384 1548 3432 et
1609 3377 1990 3432 brachiorum

338 3466 746 3536 integumenta
774 3483 841 3521 ac
872 3466 1099 3531 sellam,
1133 3467 1333 3522 omnia
1356 3483 1425 3521 ex
1457 3466 1648 3521 solido
1679 3483 1824 3522 auro
1850 3483 1996 3522 con-

333 3553 508 3620 fecta,
567 3554 962 3622 abstulerunt,
1023 3571 1256 3610 necnon
1312 3555 1785 3627 scaramangium
1839 3555 1988 3626 ejus.

341 3643 504 3698 Multi
536 3643 715 3698 etiam
745 3645 939 3698 Persa)
983 3645 1090 3698 vivi
1123 3645 1184 3698 in
1217 3650 1570 3716 potestatem
1596 3645 1857 3700 hostium
1888 3661 1992 3700 ve-

337 3737 574 3786 nerunt.
642 3735 967 3804 Imperator
1022 3739 1339 3805 postquam
1403 3751 1646 3789 suorum
1733 3733 1990 3788 militum

342 3823 574 3878 animos
605 3824 872 3880 oratione
912 3824 1303 3893 conﬁrmavit,
1354 3825 1414 3878 in
1473 3825 1774 3881 Chosroen
1804 3825 1988 3894 ducit,

343 3912 429 3966 uti
463 3912 620 3967 hunc
653 3918 874 3967 terrore
906 3913 1136 3985 objecto
1177 3930 1246 3969 eo
1278 3913 1476 3986 adigat
1530 3920 1597 3970 ut
1643 3914 1694 3969 is
1724 3913 1796 3969 ab
1841 3913 1990 3970 obsi-

345 4003 524 4057 dione
579 4004 835 4074 Byzantii
912 4005 1230 4060 Sarbarum
1281 4010 1534 4061 revocet.
1567 4007 1990 4077 Transgressus

344 4108 480 4162 ergo
508 4093 669 4162 parvi
701 4092 865 4147 laba:
894 4100 1107 4165 pontes
1139 4095 1199 4149 in
1239 4095 1466 4149 aedibus
1507 4094 1878 4150 Jesdemonis
1908 4095 1994 4150 di-

341 4181 536 4248 vertit,
569 4181 772 4252 ibique
791 4184 1004 4238 Christi
1044 4185 1309 4240 Natalem
1366 4185 1702 4240 celebravit.
1739 4185 1885 4240 Hinc
1915 4185 1990 4240 ad

339 4269 502 4325 aliud
524 4271 798 4326 Chosroa)
831 4273 1116 4342 palatium
1151 4274 1328 4340 venit,
1381 4273 1540 4344 quod
1569 4276 1723 4330 Rusa
1751 4273 1992 4328 diceba-

338 4365 455 4426 tur,
491 4359 668 4432 idque
701 4362 924 4418 evertit.
969 4363 1108 4417 lnde
1159 4362 1321 4417 aliud
1375 4368 1623 4434 occupat
1677 4361 1987 4434 palatium,

341 4450 588 4504 nomine
613 4451 762 4506 782
795 4451 1152 4506 Beclamum.
1185 4453 1251 4504 In
1285 4468 1353 4506 eo
1385 4457 1511 4508 erat
1540 4451 1730 4506 circus
1767 4457 1826 4506 et
1855 4451 1986 4506 alti-

2101 3379 2200 3433 οὐκ
2254 3379 2484 3456 ἐγένετο.
2537 3380 2637 3437 Καὶ
2698 3381 2798 3448 τήν
2848 3381 2943 3452 μὶν
3025 3380 3190 3436 νύκτα
3251 3381 3555 3458 ἡσύχασαν,
3629 3385 3748 3460 περὶ

2103 3465 2247 3540 ὥραν
2283 3465 2340 3523 δὲ
2371 3468 2423 3538 η’
2452 3474 2553 3538 τῆς
2583 3469 2770 3531 νυκτὸς
2830 3465 3092 3532 Λαϐόντες
3145 3471 3197 3526 οἱ
3255 3469 3450 3537 Πέρσαι
3499 3473 3562 3527 τὸ
3620 3493 3752 3550 φυσ-

2103 3557 2262 3612 σάτον
2291 3555 2467 3612 αὐτῶν
2496 3556 2848 3628 ἠπλήκευσαν
2886 3557 2962 3620 εἷς
3017 3557 3186 3621 πόδας
3245 3559 3405 3634 ὅρους
3459 3566 3748 3636 τραχεινοῦ

2102 3640 2358 3722 ἔμφοϐοι.
2393 3647 2460 3702 Οἳ
2493 3647 2758 3720 Ῥωμαῖοι
2791 3643 2848 3702 δὲ
2885 3647 3130 3722 εὑρόντες
3179 3648 3272 3703 τὸν
3323 3653 3420 3704 τοῦ
3460 3650 3752 3718 Ῥαζάστου

2101 3735 2290 3809 νεκρὸν
2323 3729 2520 3790 ἔλαϐον
2551 3735 2613 3790 τὸ
2672 3735 2991 3810 σκουτάριον
3024 3735 3188 3792 αὐτοῦ
3229 3736 3540 3816 ὁλόχρυσον
3569 3738 3658 3794 καὶ
3686 3739 3750 3794 τὸ

2103 3822 2304 3899 λωρίον
2481 3825 2661 3880 καὶτὰ
2695 3822 2984 3906 βραχιόνια
3010 3830 3118 3899 (54)
3150 3827 3316 3882 αὐτοῦ
3359 3827 3448 3883 καὶ
3501 3829 3602 3897 τήν
3634 3826 3752 3884 σέλ-

2103 3912 2226 3984 λαν,
2256 3915 2431 3969 πάντα
2461 3913 2744 3989 ὁλόχρυσα
2771 3916 2863 3970 καὶ
2897 3916 2960 3971 τὸ
3019 3918 3424 3992 σκαραμάγγιον
3485 3920 3600 3988 (55)
3650 3917 3747 3971 αὖα

2101 4003 2219 4062 τοῦ,
2253 4001 2647 4078 Κωεσχέθησαν
2682 4001 2738 4059 δὲ
2776 4003 2866 4059 καὶ
2928 4009 3125 4074 ζῶντες
3186 4004 3409 4061 πολλοί.
3453 4007 3514 4061 Ὀ
3556 4004 3613 4061 δὲ
3647 4008 3747 4080 βα-

2101 4089 2284 4154 σιλεὺς
2353 4095 2755 4167 θαρσοποιήσας
2811 4093 2902 4148 τὸν
2987 4095 3210 4168 στρατὸν
3271 4094 3404 4149 κατᾶ
3499 4094 3745 4169 Χοσρόου

2099 4179 2352 4249 ἤλαυνεν,
2403 4182 2554 4243 ’ὁπως
2610 4186 2800 4236 τοῦτον
2855 4177 3162 4258 ἐκφοϐήσας
3209 4183 3368 4259 πείσῃ
3426 4182 3745 4239 ἀποστεῖλαι

2098 4272 2238 4344 πρὸς
2271 4265 2550 4345 Σάρϐαρον
2611 4260 2970 4349 ἀναχωρῆσαι
3026 4275 3124 4325 τοῦ
3175 4271 3484 4341 Βυζαντίου.
3545 4281 3743 4328 Διαπε-

2099 4358 2264 4435 ράσας
2311 4356 2421 4414 δὲὸ
2455 4358 2710 4434 βασιλεὺς
2769 4360 2862 4420 τὰς
2895 4358 3130 4436 γεφύρας
3186 4365 3284 4415 τοῦ
3363 4365 3560 4436 μικροῦ
3604 4356 3746 4416 Ζαϐἇ

2097 4451 2501 4519 κατεσκήνωσεν
2523 4447 2598 4510 εἷς
2644 4447 2772 4511 τοὺς
2805 4446 2990 4512 οἷ’κους
3045 4453 3142 4503 τοῦ
3198 4446 3491 4522 Ἰεσδεμὸν,
3559 4448 3743 4526 ἑορτά-

335 4537 422 4591 les
453 4539 816 4593 struthiones
841 4546 978 4608 tres,
1011 4557 1238 4610 caprea)
1287 4541 1648 4612 quingentas,
1681 4541 1808 4613 apri
1847 4558 1983 4596 cen-

2101 4559 2187 4600 σας
2234 4539 2290 4591 ἓν
2352 4537 2534 4599 αὐτοῖς
2591 4537 2691 4606 τὴν
2749 4540 2987 4611 Χριστοῦ
3067 4538 3336 4612 γέννησιν.
3397 4542 3630 4596 Ἐκεῖθεν
3686 4535 3740 4594 δὲ

1370 4739 1743 4793 XYLANDRI
1775 4739 1860 4794 ET
1893 4739 2109 4794 GOARI
2139 4739 2358 4792 NOTAE.

402 4863 738 4939 (52)Β;ξνδον
795 4865 1128 4939 significare
1199 4867 1462 4921 vexillum
1508 4865 1682 4939 facile
1739 4871 1827 4919 est
1857 4866 1953 4939 Si-

341 4936 652 4996 mocattam
707 4937 918 5008 legenti
981 4953 1324 5007 agnoscere,
1382 4953 1462 5006 ιιι,
1492 4939 1555 5008 ,6.
1616 4936 1710 4993 Sic
1768 4937 1987 5008 Paulus

340 5012 635 5070 Diaconus
659 5005 859 5067 Latine
891 5005 1075 5081 vocat.
1109 5008 1290 5064 Addit
1346 5005 1658 5081 Rigaltius
1692 5008 1872 5081 etiam
1899 5005 1988 5064 τά-

347 5105 460 5159 γμα
494 5085 690 5150 bande,
723 5089 918 5152 troupe
946 5080 1228 5163 indicare.
1259 5079 1580 5162 Asseritiar,
1613 5079 1660 5135 si
1689 5079 1862 5136 modo
1895 5096 1986 5136 co-

341 5158 572 5212 hortem
604 5155 693 5211 vel
721 5170 930 5224 agmen
983 5152 1128 5208 illud
1178 5151 1490 5224 intelligat,
1541 5169 1657 5224 quo
1702 5151 1984 5224 subiuno

344 5172 572 5212 hortem
604 5172 693 5211 vel
721 5172 930 5226 agmen
983 5172 1128 5208 111110.
1178 5172 1490 5224 Πιιθιιιεῑιι,
1541 5172 1656 5222 quo
1702 5172 1809 5207 SllD
1863 5172 1984 5206 uno

341 5230 519 5284 bando
551 5228 669 5283 sive
703 5225 933 5293 vexillo,
975 5225 1134 5280 unde
1185 5241 1406 5280 nomen
1463 5223 1712 5295 accepit,
1745 5223 1984 5293 militat,

339 5317 446 5354 une
476 5301 800 5369 compagnic
815 5299 990 5354 GOAR.

411 5375 522 5439 (53)
547 5367 844 5440 Nusquam
905 5370 1077 5440 lorica
1107 5371 1216 5440 est,
1274 5367 1398 5438 sed,
1460 5367 1688 5436 balteus,
1737 5384 1808 5440 ex
1866 5384 1984 5438 quo

342 5447 574 5496 scutum
607 5439 697 5494 vel
727 5441 887 5496 ensis
915 5439 1156 5512 pendet,
1179 5439 1379 5494 lorum.
1415 5440 1742 5495 Germanus
1782 5439 1842 5493 in
1867 5442 1986 5510 My-

338 5515 595 5580 stagogia
625 5515 794 5566 Cum.

416 5585 528 5652 (54)
558 5583 713 5637 Trito
755 5581 1150 5658 magisveer
1181 5582 1324 5654 legit
1349 5582 1735 5658 Theophanes
1751 5581 1982 5658 βραχιό-

344 5651 460 5722 λια,
490 5651 620 5724 quas
654 5659 792 5708 sunt
833 5651 908 5724 ad
949 5651 1209 5722 brachia,
1245 5651 1528 5724 ἀηηὶιιεῖ
1585 5652 1672 5708 Ad
1729 5651 1986 5712 sarto'ses

342 5721 721 5782 brachiorum
749 5723 1100 5780 indumenta
1121 5721 1430 5796 xylandri.
1455 5725 1630 5780 (ἴση.

2132 4866 2246 4938 (55)
2268 4866 2750 4938 Scaramaugium
2781 4863 2925 4935 quid
2959 4865 3336 4936 sit,cognosci
3370 4883 3544 4936 posse
3572 4871 3739 4938 puto

2095 4953 2164 4990 ex
2196 4937 2270 5010 iis
2299 4937 2727 5010 quihlinguam,
2773 4937 3436 5010 Grmcamucorruptam
3495 4937 3738 5010 callent.

2099 5008 2286 5091 Audio
2315 5026 2386 5063 ea
2410 5007 2610 5091 lingua
2639 5008 2858 5070 editam
2872 5007 3742 5091 esse.lliadem’llomeriguam

2097 5080 2323 5163 utinam
2346 5079 2608 5163 nancisci
2645 5097 2901 5163 possem.
2934 5079 3178 5163 .Utinam‘
3200 5095 3335 5134 vero
3359 5079 3742 5163 lexicon’ejus

2094 5152 2308 5234 linguas
2342 5151 2697 5236 edatur,qu‘o
2726 5151 3122 5236 posteriorum
3165 5151 3745 5236 temporum‘nptitia

2095 5220 2358 5295 apertior
2403 5220 2614 5280 fleret.—
2651 5220 2794 5278 XfL.
2853 5221 2934 5286 (τὸ
2996 5240 3098 5276 σκα
3133 5220 3430 5295 αμάγνιον]
3487 5224 3744 5282 Achmes

2097 5311 2144 5350 c.
2179 5295 2274 5350 131
2304 5295 2730 5367 interpretatur
2757 5285 3038 5367 m66a23_tv.
3101 5240 3442 5367 gistautem
3473 5289 3742 5367 _xa66d8w

2097 5367 2217 5422 sive
2245 5360 2540 5420 καϐϐάδῖον
2571 5369 2761 5422 tunica
2792 5365 3067 5422 exterior.
3123 5363 3329 5420 stricta
3385 5365 3626 5436 quidem
3686 5375 3746 5426 et

2095 5439 2328 5520 corpori
2358 5438 2691 5505 adhaerens,
2723 5436 3042 5520 at_bpevior
3071 5436 3351 5520 etglobis
3379 5442 3742 5520 antepectus

2087 5507 2320 5582 juncta,
2368 5527 2501 5582 nec,
2536 5507 2968 5582 sagofmilitari
3000 5507 3245 5582 omnino
3291 5507 3590 5582 absimilis
3649 5519 3742 5569 est

2095 5579 2269 5638 Con.
2302 5611 2371 5623 —
2403 5581 2543 5636 Vide
2575 5579 2837 5636 Iudicem
2866 5585 3138 5636 nostrum
3175 5579 3250 5636 ad
3280 5579 3738 5640 Constantinum

2089 5653 2664 5780 gorphyrogenitum
2691 5653 2768 5710 De
2806 5653 3156 5722 caerimoniis,
3191 5658 3321 5710 tam.
3371 5651 3536 5712 CXII.
3577 5654 3734 5714 Edit.

2136 5742 2258 5780 ATR.

2136 5742 2258 5784 ATR.
