4108 6300
365 345 494 407 801
1526 337 2073 403 HISTORIARUM
2117 338 2623 404 COMPENDIUM
3662 344 3781 410 802

371 478 603 538 διελθὼν
651 480 679 535 6
717 478 981 555 ,βασιλεὺς
1034 472 1332 534 κατέλαϐεν
1390 474 1571 553 ἕτερον
1630 476 1902 533 παλάτιον
1933 475 2030 528 τοῦ
2065 510 2075 539 Α

2192 478 2620 547 1m,multitudo
2640 480 2954 536 innumera
2968 482 3161 539 ovium
3174 527 3185 546 ,
3200 499 3514 555 porcorum
3533 484 3783 541 etboum

378 571 611 647 κοσρέου
660 568 960 644 λεγόμενον
1024 565 1240 638 Ῥοῦσα,
1292 567 1381 624 καὶ
1437 572 1599 623 τοῦτο
1649 565 2022 641 κατέστρεψεν.

2192 581 2272 619 asc
2302 568 2504 621 omnia
2532 568 2747 639 populo
2792 569 2971 625 dedit.
3021 571 3269 636 Quidam
3300 590 3436 628 vero
3493 575 3782 640 Armenii,

370 663 465 733 Ἐξ
506 661 712 717 ἐκείνου
742 657 801 714 δὲ
832 659 907 720 είς
935 655 1116 733 ἕτερον
1175 653 1441 713 κατέλαϐε
1487 656 1754 713 παλάτιον
1779 657 1842 711 τὸ
1872 654 2027 729 λεγό-

2192 650 2236 705 ai
2269 668 2403 706 cum
2433 654 2629 709 Persis
2658 655 2970 727 degebant,
3005 658 3079 713 ad
3110 660 3443 716 Heraclium
3479 678 3540 716 se
3581 664 3785 719 confe-

378 772 537 826 μενον
569 748 816 821 Βεκλὰμ,
848 747 900 803 ἐν
927 749 974 820 ᾧ
1011 749 1103 802 καί
1156 743 1525 820 ἱπποδρόμιον
1552 747 1619 816 ἦν
1677 746 1767 800 καὶ
1827 763 2028 818 στρου-

2192 748 2296 810 int,
2356 746 2750 816 nuntiantque
2801 748 3119 803 Chosroem
3160 766 3294 805 cum
3325 753 3654 824 elephantis
3686 771 3781 809 c0-

377 844 570 905 θιῶνες
597 843 746 911 τρεῖς
778 839 1009 892 σιτευτοὶ
1038 835 1128 891 καὶ
1180 833 1436 912 δορκάδες
1464 836 1513 912 φ’
1560 834 1651 889 καὶ
1710 834 1936 908 σύαργοι
1966 832 2030 905 ρ’,

2192 833 2370 903 lisque
2428 834 2551 889 suis
2603 839 2957 891 commorari
3036 839 3192 909 apud
3250 841 3529 911 palatium
3588 860 3782 907 suum,

378 924 627 1002 πρόϐατα
658 926 738 992 δὲ,
766 927 857 981 καὶ
886 931 1097 1001 χοῖροι,
1125 925 1216 980 καὶ
1252 925 1374 999 βόες
1414 925 1488 979 ὧν
1545 921 1645 978 οὒκ
1670 924 1739 992 ἦν
1778 919 2032 998 ἀριθμός.

2192 922 2381 976 omine
2414 924 2852 994 Dystagerdam,
2913 942 3290 999 pugnamque
3349 930 3585 986 differre
3645 933 3785 987 dum

382 1018 489 1075 Καὶ
521 1019 605 1089 [Ρ.
639 1017 766 1088 418]
798 1015 971 1069 πάντα
996 1013 1200 1069 δέδωκε
1226 1018 1306 1085 τῷ
1337 1012 1477 1085 λαῷ.
1531 1012 1690 1074 Τινὲς
1718 1007 1777 1065 δὲ
1805 1014 1912 1064 τῶν
1941 1030 2033 1064 συ-

2192 1010 2402 1081 ιΙῘᾳιιοε
2458 1012 2677 1067 milites
2726 1015 3053 1070 contrahat.
3118 1017 3442 1087 Imperator
3498 1036 3635 1092 ergo
3667 1022 3785 1093 igni

380 1104 473 1162 νόν
515 1127 588 1160 ων
616 1109 732 1166 τοῖς
767 1105 992 1177 Πὲρσαις
1025 1102 1324 1177 Ἀρμενίων
1355 1100 1672 1177 προσῆλθον
1702 1104 1783 1171 τῷ
1818 1098 2036 1176 βασιλεῖ

2192 1100 2344 1155 mnia
2375 1101 2574 1155 statim
2605 1107 2841 1158 vastans
2897 1103 2971 1158 ad
3027 1103 3310 1175 palatium
3371 1108 3788 1178 Dystagerdam

382 1194 637 1270 λέγοντες
669 1194 751 1249 ὅτι
774 1194 802 1249 6
834 1192 1093 1267 Χοσρόηςπ
1114 1192 1248 1266 μετὰ
1274 1196 1381 1247 τῶν
1429 1191 1733 1267 ἐλεφάντων
1789 1190 1879 1244 καὶ
1934 1193 2033 1244 τοῦ

2192 1189 2388 1246 :cedit.
2448 1191 2514 1245 In
2572 1209 2641 1247 eo
2698 1191 2925 1248 invenit
2951 1192 3150 1249 banda
3199 1196 3621 1264 Romanorum,
3658 1216 3788 1268 quin

384 1282 527 1339 ἰδίου
550 1285 780 1357 στρατοὺ
828 1281 1067 1352 πλησίον
1130 1286 1228 1336 τοῦ
1281 1280 1551 1336 παλατίου
1606 1279 1773 1334 αὐτοῦ
1831 1287 2037 1333 Δυστα-

2192 1279 2394 1333 iversis
2428 1280 2795 1351 temporibus
2844 1282 3039 1337 Persae
3070 1290 3388 1355 ceperant:
3445 1289 3569 1340 tum
3599 1287 3789 1341 varias

2142 1380 2344 1422 rerum
2374 1369 2623 1439 species,
2646 1375 2713 1424 ut
2741 1369 2915 1425 aloen
2947 1375 3007 1425 et
3034 1387 3251 1444 magna
3281 1373 3441 1428 aloes
3471 1374 3653 1447 ligna,
3681 1392 3791 1430 nec

2142 1472 2264 1512 non
2294 1459 2807 1531 metaxam,piper,
2839 1460 3179 1516 carbasinas
3211 1463 3485 1518 camisias
3516 1464 3795 1519 innume-

384 1371 556 1450 γέρδη
588 1374 997 1442 κασεσκήνωσιν
1055 1367 1418 1446 ἐκδεχόμενος
1477 1374 1813 1443 συναχθῆναι
1864 1366 2036 1423 πάντα

379 1463 475 1518 τὸν
507 1462 734 1536 στρατὸν
797 1460 962 1516 αὐτοῦ
1012 1463 1111 1514 :06
1166 1457 1477 1532 πολεμῆσαί
1527 1479 1614 1513 σοι
1681 1459 1784 1514 Καὶ
1840 1456 2036 1521 εὐθέως

377 1550 743 1625 πυρπολήσας
776 1563 952 1605 παντα
983 1550 1011 1603 6
1064 1547 1321 1623 βασιλεὺς
1375 1546 1592 1623 ἔρχεται
1651 1545 1890 1618 πλησίον
1941 1545 2038 1601 :06

2192 1563 2262 1615 ιε,
2294 1562 2621 1613 saccarum,
2651 1547 2938 1620 gingiber,
2971 1556 3302 1621 argentum,
3339 1557 3529 1608 vestes
3560 1553 3793 1609 holose-

376 1638 655 1695 παλατίου
686 1637 851 1693 αὐτοῦ
909 1635 1278 1714 Δυσταγέρδη,
1338 1636 1390 1692 ὲν
1441 1636 1488 1709 ᾧ
1545 1636 1634 1691 καὶ
1692 1635 1811 1709 εὗρε
1872 1632 2041 1713 βάνδα

2199 1651 2317 1704 cas,
2351 1635 2662 1707 pelliceam
2710 1644 2931 1692 vestem
2964 1640 3304 1712 stragulam,
3334 1644 3561 1713 tapetes
3593 1643 3795 1714 acupi-

383 1727 697 1801 Ῥωμαίων,
739 1728 874 1803 ἅπερ
907 1725 960 1781 ἐν
1001 1723 1286 1804 διαφόροις
1327 1726 1553 1801 χρόνοις
1583 1720 1780 1780 ἔλαϐον
1811 1726 1857 1779 οἳ
1903 1723 2040 1798 Πὲρ-

2192 1731 2509 1797 tos,magna
2528 1727 2716 1798 copia.
2746 1732 2875 1783 Haec
2892 1730 3110 1796 omnia,
3130 1731 3267 1802 quia
3279 1732 3351 1787 ob
3371 1733 3602 1804 pondus
3626 1738 3797 1789 erant

383 1836 496 1886 σαι,
526 1815 617 1871 καὶ
651 1812 770 1885 εἴδη
803 1815 944 1884 τινὰ,
976 1814 1087 1869 οἷον
1124 1812 1298 1884 ἀλόην
1348 1811 1569 1881 πολλὴν
1626 1812 1716 1867 καὶ
1774 1810 1909 1883 ξύλα
1944 1823 2037 1885 p.6-

443 1905 483 1917 ,ς
576 1902 620 1917 ,κ
655 1904 667 1917 ,
801 1905 899 1917 η.-.
1035 1903 1046 1917 .
1126 1904 1175 1917 μ
1282 1905 1384 1917 η.-.
1633 1902 1647 1917 ι
1751 1900 1762 1917 .
2028 1902 2041 1917 .

2192 1814 2399 1869 iolesta
2444 1815 2661 1883 futura,
2722 1817 2855 1889 igne
2912 1826 3340 1878 cremaverunt.
3397 1822 3799 1895 Confugerunt

384 1905 537 1984 γάλα
564 1902 741 1975 ἀλόης
794 1905 929 1977 (56),
986 1903 1211 1977 μὲταξὰν
1277 1905 1388 1976 (57)
1446 1924 1505 1958 τε
1560 1902 1650 1957 καὶ
1702 1900 1917 1977 πέπερι,
1951 1902 2043 1956 καὶ

2193 1904 2334 1959 tiam
2366 1904 2439 1958 ad
2471 1907 2801 1961 Heraclium
2844 1908 3016 1962 multi
3066 1910 3274 1981 captivi
3325 1909 3628 1978 Edesseni,
3662 1912 3797 1967 Ale-

390 1989 664 2070 καρϐάσια
717 1996 829 2067 (58)
907 1992 1140 2067 καμίσια
1214 1992 1346 2068 ὑπὲρ
1405 1991 1655 2067 ἀριθμὸν,
1715 2011 1893 2067 σαχαρ
1950 1991 2043 2046 καὶ

2194 1996 2452 2064 andrini,
2479 1998 2852 2069 aliarumque
2883 2001 3190 2056 nationum
3225 2003 3433 2074 ingens
3451 2003 3794 2059 multitudo.

397 2079 643 2159 ζιγγίϐερ
674 2083 768 2137 καὶ
800 2084 1014 2156 ἄσημον
1047 2087 1181 2157 (59),
1213 2080 1518 2152 ὀλοσηρικά
1545 2102 1602 2137 τε
1626 2083 1839 2154 ἱμάτια,
1892 2083 2239 2153 νακοτάπητά
2268 2087 2381 2159 (60)
2430 2106 2488 2140 τε
2534 2086 2623 2141 καὶ
2677 2088 2924 2158 τάπητας
2955 2088 3060 2142 ἀπὸ
3094 2089 3346 2164 βελόνης,
3379 2091 3593 2161 πλῆθος
3624 2090 3793 2148 πολὺ.

396 2172 575 2228 Ταῦτα
606 2169 695 2227 διὰ
722 2172 787 2227 τὸ
823 2172 987 2248 βάρος
1014 2173 1359 2228 κατὲκατσαν.
1395 2170 1740 2247 Προσὲφυγον
1771 2168 1828 2224 δὲ
1852 2174 1934 2242 τῷ
1991 2168 2210 2246 βασιλεῖ
2254 2170 2461 2227 πολλοὶ
2520 2173 2895 2249 αἰχμάλωτοι,
2929 2174 3229 2247 Ἐδεσηνοὶ,
3258 2178 3347 2233 καὶ
3380 2176 3796 2254 Ἀλεξανδρηνοὶ

409 2262 499 2319 καὶ
532 2262 639 2316 ἀπὸ
669 2258 857 2318 ἄλλων
891 2260 1058 2325 ἐθνῶν
1083 2261 1299 2331 πλῆθος
1328 2258 1496 2318 πολύ.

481 2352 744 2421 Ἐποίησε
774 2348 832 2405 δὲ
872 2352 901 2405 6
964 2348 1218 2426 βασιλεὺς
1276 2351 1497 2404 ἐνταῦθα
1549 2351 1650 2419 τήν
1699 2350 1892 2424 ἑορτὴν
1946 2354 2054 2406 τῶν

2235 2353 2322 2408 lbi
2342 2354 2720 2424 Theophania
2746 2354 2964 2411 festum
2994 2356 3154 2412 diem
3177 2358 3313 2429 egit.
3348 2359 3573 2414 Palatia
3602 2363 3802 2413 autem

411 2441 583 2517 ἁγίων
612 2442 919 2518 Θεοφανίων
954 2444 1086 2514 (61),
1117 2440 1498 2517 καταστρέφων
1558 2441 1626 2496 τὰ
1680 2444 1777 2495 :06
1807 2440 2054 2515 Χοσρόου

2192 2443 2436 2498 lhosroae
2493 2444 2925 2514 pretiosissima
2956 2487 2970 2513 ,
3021 2445 3434 2511 admirabilia,
3490 2452 3550 2503 et
3601 2463 3803 2503 rerum

414 2530 654 2587 παλάτια
684 2532 955 2606 ὑπὲρτιμα
1010 2531 1100 2585 καὶ
1154 2532 1441 2603 θαυμαστὰ
1475 2532 1567 2604 κρὶ
1619 2529 1932 2602 ἐκπλήξεως
1963 2529 2058 2605 γέ·-

2197 2536 2467 2604 tuporem
2513 2533 2929 2589 incutientium
2982 2534 3162 2605 plena
3216 2536 3481 2592 funditus
3515 2537 3714 2605 diruit,
3744 2541 3812 2591 ut

420 2640 593 2692 μοντα
641 2619 745 2682 ἓως
799 2619 1054 2696 ἐδάφους,
1132 2618 1225 2674 ’ίνα
1272 2622 1446 2694 -μαθῃ,
1504 2621 1667 2697 φησὶν
1725 2621 1753 2674 6
1808 2618 2058 2695 Χοσρόης

2192 2621 2527 2692 loceret(sic
2559 2622 2719 2677 enim
2740 2623 2956 2695 aiebat)
2984 2624 3325 2693 Chosroem,
3345 2631 3633 2696 quantum
3657 2625 3815 2680 dolo-

418 2709 538 2763 οἷον
566 2707 729 2763 πόνον
749 2710 905 2784 εἶχον
933 2709 986 2763 οἱ
1007 2711 1275 2782 Ῥωμαῖοι
1304 2712 1411 2762 τῶν
1441 2706 1661 2763 πόλεων
1694 2708 1868 2763 αὐτῶν
1919 2728 2058 2783 πυρ-

2192 2711 2252 2765 is
2282 2711 2527 2766 Romani
2558 2712 2955 2783 percepisseet
2982 2712 3108 2784 ipso
3140 2730 3343 2768 eorum
3382 2714 3559 2770 urbes
3602 2715 3811 2768 incen-

413 2796 765 2872 πολουμένων
822 2798 912 2853 ὐπ’
940 2796 1128 2855 αὺτοῦ.
1154 2789 1225 2855 ³0
1266 2795 1325 2853 δὲ
1375 2797 1624 2871 Χοσρόης
1680 2799 1786 2872 πρὸ
1815 2802 1913 2852 :06
1968 2818 2061 2852 κα-

413 2882 672 2943 ταλαϐεῖν
701 2888 789 2943 τὸν
850 2886 1078 2963 βασιλέα
1135 2886 1213 2949 είς
1271 2884 1639 2962 Δυσταγέρδην
1695 2889 1972 2962 τρυπήσας
1998 2887 2061 2943 τὸ

411 2981 605 3052 τεῖχος
634 2984 733 3047 τῆς
762 2975 979 3039 πόλεως
1008 2976 1227 3049 ἐξῆλθεν
1287 2976 1624 3052 ἀγνοούντων
1677 2976 1890 3032 πάντων
1932 2977 2066 3050 μετὰ

413 3072 525 3123 τῶν
554 3072 817 3143 γυναικῶν
849 3070 941 3122 καὶ
995 3071 1108 3122 τῶν
1167 3063 1369 3122 τέκνων
1425 3067 1608 3123 αὐτοῦ.
1670 3067 1769 3121 Καὶ
1801 3068 1828 3121 ὁ
1862 3068 1940 3141 μὴ
1973 3064 2063 3121 δυ-

416 3157 650 3230 νάμενος
682 3159 909 3227 ποιῆσαι
967 3157 1042 3215 εἰς
1100 3153 1224 3211 ὁδὸν
1284 3155 1445 3229 μίλια
1500 3157 1659 3211 πέντε
1704 3158 1803 3226 τὴν
1858 3156 2067 3229 ἡμέραν

417 3244 636 3315 ἀπῆλθε
729 3247 941 3321 φεύγων
999 3266 1081 3314 κε,
1137 3245 1228 3300 καὶ
1286 3243 1513 3300 διελθὼν
1556 3246 1656 3313 τήν
1706 3247 2068 3320 Κτησιφῶντα

418 3334 586 3409 πέραν
627 3338 725 3390 :06
754 3331 1011 3410 Τίγριδος
1040 3338 1291 3407 ποταμοῦ
1322 3331 1399 3395 εἴς
1454 3355 1508 3388 τι
1568 3333 1790 3408 ωρύριον
1848 3332 2069 3403 εἰσῆλθε

2172 2800 2367 2855 dente.
2400 2805 2473 2855 At
2501 2816 2636 2855 vero
2674 2801 2982 2867 Chosroes,
3014 2807 3333 2872 antequam
3393 2803 3812 2875 Dystagerdam

2172 2889 2474 2944 Heraclius
2503 2890 2886 2960 pervenisset,
2932 2890 3211 2946 omnibus
3254 2891 3457 2946 insciis
3516 2892 3814 2963 perforato

2172 2976 2336 3032 urbis
2362 2994 2531 3032 muro
2562 2994 2698 3033 cum
2725 2978 3009 3033 uxoribus
3041 2984 3099 3033 et
3122 2978 3323 3034 liberis
3356 2979 3631 3034 exiverat.
3663 2980 3814 3034 783

2171 3067 2243 3121 Et
2271 3066 2371 3137 qui
2397 3082 2514 3120 uno
2548 3066 2641 3121 die
2674 3067 2937 3138 quinque
2967 3067 3158 3123 millia
3187 3084 3468 3140 passuum
3492 3069 3607 3122 iter
3625 3069 3819 3123 facere

2173 3155 2538 3227 nequiverat,
2574 3161 2714 3211 tunc
2743 3156 2879 3229 fuga
2904 3157 3106 3228 viginti
3141 3159 3405 3229 quinque
3446 3157 3637 3212 millia
3679 3173 3819 3212 con-

2173 3245 2354 3312 fecit;
2387 3262 2640 3317 cumque
2684 3246 3053 3302 transivisset
3106 3247 3549 3318 Ctesiphontem
3582 3252 3642 3301 et
3670 3245 3825 3300 ultra

2175 3335 2393 3406 Tigrim
2425 3335 2667 3390 fluvium
2688 3336 3075 3407 pervenisset,
3100 3337 3161 3390 in
3192 3337 3501 3391 castellum
3525 3334 3823 3407 quoddam

427 3426 561 3497 μετὰ
589 3430 689 3493 τῆς
719 3424 974 3498 γυναικὸς
1003 3424 1093 3478 καὶ
1131 3428 1239 3478 τῶν
1293 3426 1458 3499 τριῶν
1517 3423 1820 3498 θυγατέρων
1876 3424 2063 3481 αὐτοῦ.

2192 3442 2239 3481 se
2269 3442 2403 3480 cum
2434 3443 2615 3481 uxore
2642 3431 2701 3481 et
2728 3426 2917 3482 tribus
2949 3427 3183 3482 ﬁliabus
3217 3427 3340 3482 suis
3379 3427 3623 3483 abdidit.
3681 3428 3825 3481 Cum

419 3513 573 3573 Τινὲς
604 3508 662 3566 δὲ
690 3517 797 3566 τῶν
842 3514 1062 3585 Περσῶν
1118 3506 1370 3566 διέϐαλον
1444 3511 1536 3566 τὸν
1595 3506 1875 3586 Σάρϐαρον
1931 3512 2069 3586 πρὸς

420 3600 671 3676 Χοσρόην
705 3601 780 3662 ὡς
810 3600 877 3654 τὰ
917 3599 1206 3672 Ῥωμαίων
1278 3604 1599 3679 φρονοῦντα.
1655 3600 1757 3657 Καὶ
1804 3598 2071 3657 ἀποστέλ-

423 3688 507 3745 λει
539 3689 834 3757 σπαοσὶριον
866 3689 1037 3742 αὐτοῦ
1063 3689 1199 3762 πρὸς
1258 3685 1601 3763 Καρδαρίχαν
1659 3690 1751 3745 τὸν
1810 3691 2070 3766 συστράτ-

420 3799 560 3853 ηγον
581 3782 677 3833 τοῦ
710 3772 995 3851 Σαρόάρου
1022 3776 1096 3838 εἷς
1152 3775 1500 3847 Χαλκηδόνα,
1558 3778 1650 3831 ἳνα
1709 3779 1802 3833 τὸν
1857 3773 2069 3852 Σάρϐα-

426 3887 519 3944 ρον
551 3867 843 3940 ἀποκτείνῃ
902 3867 989 3921 καὶ
1041 3866 1134 3921 τὸν
1198 3865 1327 3922 λαὸν
1385 3861 1795 3940 ἀναλαϐόμενος
1848 3867 2074 3942 61:360-9-

426 3956 504 4018 εἰς
536 3952 786 4029 Περσίδα.
817 3957 879 4011 Ὁ
931 3952 989 4010 δὲ
1026 3955 1093 4010 τὰ
1120 3955 1419 4030 γράμματα
1456 3954 1685 4024 κοκίζων
1750 3950 2075 4028 συλλαμϐά-

425 4065 571 4100 νεται
598 4044 723 4119 περὶ
752 4045 850 4114 τὴν
899 4042 1165 4098 Γαλατίαν
1222 4044 1327 4098 ὑπὸ
1372 4047 1480 4098 τῶν
1535 4044 1844 4118 Ῥωμαίων,
1878 4042 2076 4107 οἵτινες

429 4134 506 4196 εἴς
532 4135 596 4189 τὸ
628 4135 920 4203 Βυζάντιον
955 4131 1112 4187 αὐτὸν
1173 4133 1455 4207 ἀπήγαγον
1512 4134 1650 4207 πρὸς
1702 4135 1795 4188 τὸν
1837 4134 1951 4188 υἱὸν
1980 4138 2077 4189 :06

429 4222 725 4299 βασιλέως.
757 4229 816 4280 '0
871 4220 930 4277 δὲ
983 4229 1330 4298 παραχρῆμα
1390 4223 1802 4295 μεταπέμπεται
1853 4218 2078 4299 Σαρδα-

429 4335 545 4391 ρον,
572 4313 660 4368 καὶ
711 4311 975 4368 δείκνυσιν
1014 4311 1163 4383 αὐτῷ
1217 4314 1315 4380 τήν
1377 4313 1511 4385 πρὸς
1562 4310 1903 4388 καρδαρίχαν
1961 4316 2077 4387 (62)

2177 3519 2375 3570 autem
2407 3514 2648 3585 quidam
2676 3517 2869 3571 Persa;
2899 3516 3174 3571 Chosrom
3205 3533 3311 3588 per
3356 3516 3711 3571 calumniam
3745 3515 3826 3569 si-

2178 3604 2529 3676 gnificarent
2557 3605 2870 3660 Sarbarum
2904 3606 3081 3660 rebus
3120 3606 3399 3660 Romanis
3431 3605 3688 3674 studere,
3721 3621 3826 3658 rex

2179 3693 2498 3749 satellitem
2532 3710 2702 3749 suum
2765 3694 2837 3749 ad
2895 3694 3176 3765 collegam
3234 3693 3362 3764 ejus
3413 3693 3830 3748 Cardaricham

2180 3782 2380 3849 mittit,
2414 3783 2511 3853 qui
2572 3787 2695 3837 tum
2753 3782 2911 3854 apud
2967 3782 3400 3838 Chalcedonem
3453 3787 3599 3850 erat,
3658 3782 3831 3851 eique

2181 3870 2504 3926 mandatut
2536 3870 2851 3926 Sarbarum
2874 3870 3107 3925 occidat
3123 3871 3568 3941 exercitumque
3592 3874 3829 3940 recepto

2183 3960 2246 4014 in
2279 3959 2581 4015 Persidem
2612 3960 2932 4015 contendat
2975 3960 3318 4015 tabellarius
3348 3961 3459 4014 iste
3498 3960 3580 4014 ‘in
3612 3958 3832 4014 ﬁnibus

2186 4048 2426 4103 Galatim
2457 4065 2490 4104 a
2520 4050 2803 4104 Romanis
2834 4050 3197 4120 interceptus
3227 4050 3359 4113 fuit,
3401 4055 3459 4105 et
3489 4050 3830 4119 Byzantium

2188 4137 2263 4193 ad
2293 4138 2666 4209 imperatoris
2694 4138 2885 4193 ﬁlium
2917 4138 3226 4194 abductus.
3260 4140 3315 4193 Is
3348 4137 3595 4193 Sarbaro
3629 4137 3831 4192 confe-

2191 4228 2327 4282 stim
2412 4227 2599 4282 accito
2678 4226 2912 4283 litteros
2969 4226 3043 4283 ad
3101 4227 3506 4283 cardaricham
3584 4226 3833 4296 scriptas

2199 4316 2586 4372 demonstrat.
2626 4316 2909 4371 Sarbarus
2957 4333 3020 4369 re
3077 4320 3237 4370 certo
3296 4314 3530 4387 cognita
3560 4330 3694 4369 cum
3728 4315 3832 4369 im-

1627 4456 1990 4513 XYLANDRI
2027 4459 2114 4512 ET
2151 4459 2369 4514 GOARI
2404 4458 2634 4515 ΝΟΤίΕ.

499 4579 610 4663 (56)
638 4573 1126 4663 Eiikuléqvulgno,
1174 4574 1421 4663 medicis
1468 4578 1706 4663 autem“
1727 4575 2075 4663 Agallochon

2192 4576 2504 4663 significat.
2522 4593 2660 4658 χγι..
2676 4606 2741 4663 -τ
2763 4576 3087 4663 Arge‘ntum
3102 4574 3268 4629 nullo
3285 4572 3479 4629 adhuc
3495 4571 3837 4626 charactere

432 4646 773 4719 dictalbei
831 4649 991 4704 enim
1050 4647 1391 4719 Discoridis
1424 4646 1607 4719 codex
1667 4646 1902 4719 Graecus
1957 4647 2082 4719 περὶ

434 4718 786 4804 ᾀγαλλόχοο,
812 4719 1104 4804 marginis
1135 4718 1436 4804 annotatio
1467 4714 1529 4769 :6
1548 4719 1654 4804 νῦν
1680 4714 1921 4804 ξυλαλόη
1947 4714 2087 4774 scri-

437 4740 650 4804 αγαΛΛο
701 4740 786 4789 00,
821 4740 1104 4776 ΠῙᾶΓηΙΙΙΙΒ
1135 4740 1436 4774 ξωιιοιῑιιιυ
1467 4740 1529 4769 το
1560 4740 1651 4768 νυν
1680 4740 1921 4787 ςυΛαΛοη
1947 4740 2085 4774 SCI‘I‘

437 4791 543 4869 bit.
586 4740 764 4869 {milia
812 4762 1153 4869 MattYiiolus
1211 4789 1500 4869 optimum
1534 4803 1567 4869 ε
1616 4788 1854 4869 Calecut
1884 4806 2085 4862 empo-

438 4864 528 4917 rio
589 4865 894 4920 Lusitanos
952 4859 1275 4926 advehere,
1337 4859 1496 4930 quod
1554 4859 1673 4930 igni
1735 4859 2086 4917 succensum

441 4936 858 4991 suavissimum
890 4934 1099 5006 perﬂet
1140 4933 1381 4987 odorem
1415 4933 1588 5006 Cosa.

515 5008 624 5076 (37)
652 5001 907 5063 Mettum-
929 5021 1116 5077 genus
1173 5010 1260 5077 est
1302 5002 1498 5077 panni
1555 5001 1760 5077 serici.
1785 5002 1925 5059 Vide
1957 5020 2089 5077 quae

443 5073 748 5150 annotavit
777 5073 1003 5150 Langus
1028 5078 1087 5150 in
1119 5073 1431 5150 Nicephori
1454 5089 1584 5150 x_vu,
1609 5074 1696 5129 32.
1722 5075 1859 5129 XvL.
1890 5106 1954 5116 -—-
1976 5073 2089 5131 Με-

440 5148 622 5219 ταξαρ,
650 5151 747 5218 ﬁla
796 5146 952 5204 serici
1010 5149 1127 5201 sive
1185 5149 1416 5219 sericum
1436 5146 1756 5219 iinfectum,
1789 5163 1910 5201 non
1941 5164 2087 5219 pan—

439 5218 583 5274 num
616 5237 688 5276 ex
720 5237 787 5275 eo
812 5227 1034 5275 textum
1072 5218 1366 5289 significat
1419 5218 1598 5271 Gem.

507 5294 628 5374 (68)
660 5294 985 5374 Gargasinas
1012 5293 1265 5374 camisias
1296 5290 1719 5374 interpretatur
1767 5289 2086 5374 )tylander.

431 5359 725 5420 Feliciter.
759 5366 834 5418 Iis
878 5370 1080 5418 tamen
1140 5362 1331 5416 lineas
1391 5359 1730 5414 subtiliores
1786 5359 2091 5432 bombyci-

430 5452 682 5508 nasquc,
707 5436 783 5491 ad
814 5436 1083 5508 nitorcmg
1115 5433 1359 5487 delicias
1418 5436 1476 5485 et
1525 5431 2091 5508 ostentationem“th

437 5500 843 5564 Orientalibus
872 5505 1087 5577 gestari
1138 5508 1472 5573 consuetas,
1526 5500 1699 5555 velim
1733 5502 1829 5556 hic
1860 5503 2091 5558 intelle-

437 5584 581 5633 ctas.
632 5581 808 5634 Gem.

508 5653 624 5720 (59)
655 5652 941 5706 Asemum
974 5646 1115 5717 quid
1164 5646 1240 5720 sit
1288 5644 1518 5720 nescio,
1547 5643 1664 5720 nisi
1705 5644 1853 5720 forte
1883 5662 2091 5720 argen.

440 5713 568 5778 tuin
598 5713 722 5780 non
754 5713 1051 5792 signatum
1077 5733 1180 5774 seu
1211 5718 1299 5791 (ut
1316 5719 1472 5773 Maro
1502 5713 1788 5790 loquitur)
1809 5713 2095 5780 infectum

2197 4665 2407 4702 cusum
2447 4653 2505 4720 et
2534 4649 2850 4720 signatum.
2885 4649 3060 4720 Gxaa.

2266 4721 2379 4792 (60)
2410 4713 2861 4790 Natxocvquidem
2890 4718 3062 4792 uellus
3090 4717 3292 4786 refert,
3325 4722 3393 4792 at
3415 4713 3699 4792 n_on__id_eo
3733 4732 3836 4792 να-

2194 4784 2478 4860 κοτάτὲητα
2508 4784 2671 4847 vesti—3
2699 4790 2948 4862 stragula
2979 4796 3088 4858 est,
3121 4796 3187 4844 ut
3242 4784 3484 4862 conjicit
3524 4784 3843 4862 Xylander,

2200 4862 2303 4917 sed
2335 4857 2569 4918 aulaeum
2598 4857 2869 4936 velilapés
2900 4880 2930 4915 e
2963 4862 3150 4936 serico
3182 4861 3275 4936 vel
3316 4857 3451 4914 lana
3478 4857 3723 4936 villosas,
3755 4860 3845 4936 ta—

2196 4951 2300 5006 pes
2328 4936 2600 4990 Persicus
2628 4935 2717 5006 vel
2762 4934 3151 5006 Armeniacus
3182 4932 3641 5006 vulgo_vocatus,
3675 4932 3848 4995 cujus

2196 5003 2318 5061 villi
2350 5006 2536 5079 vellus
2567 5005 3003 5079 quodammodo
3023 5004 3317 5079 referunt.
3351 5003 3555 5079 90163..
3606 5067 3618 5079 '
3731 5066 3740 5076 .

2270 5078 2383 5149 (61)
2413 5067 2793 5151 Theophania
2822 5075 3052 5151 sunt
3071 5072 3433 5151 quodihodie
3458 5067 3845 5151 Epiphaniam

2197 5138 2429 5215 vocant,
2454 5149 2552 5219 der
2575 5138 2820 5217 heiligcn
2851 5150 2984 5216 (lrey
3013 5138 3197 5213 Kzenig
3229 5150 3341 5219 tag,
3370 5142 3453 5219 sic
3485 5138 3848 5219 dictamquod

2199 5210 2428 5273 Christo
2458 5210 2750 5289 baptizato
2783 5225 2839 5273 et
2884 5210 3058 5272 Pater
3088 5233 3148 5289 se
3168 5210 3547 5289 audiendum
3581 5216 3637 5265 et
3664 5210 3849 5289 Spiri—

2200 5296 2302 5344 tuo
2326 5282 2565 5344 sanctus
2588 5290 2647 5342 in
2668 5290 2957 5344 columbm
2981 5288 3176 5357 specie
3199 5286 3561 5357 cernendum
3583 5282 3851 5357 prmbue-

2199 5362 2297 5417 rit.
2332 5361 2755 5432 Dastagerdum
2805 5366 2863 5415 et
2911 5353 3331 5430 Dyétagerdum
3386 5363 3444 5411 et
3490 5353 3851 5428 Dystagerda

2201 5432 2360 5487 idem
2393 5437 2549 5487 sunt.
2584 5436 2725 5485 XYL.

2274 5504 2385 5591 (63)
2419 5499 2778 5591 Ῑςαρδαρῄγαχ
2824 5502 2979 5591 legit,
3020 5496 3850 5591 Theoylianes,‘scribitque.:

2201 5565 2562 5648 Καρδαρήγας
2592 5565 2705 5648 6'3}.-
2748 5570 2857 5628 ἔστι
2884 5565 3103 5644 νκόριον
3164 5565 3359 5641 ἕνοεια,
3418 5565 3547 5624 ’ἀλλ’
3603 5565 3721 5639 ἀξία
3758 5583 3853 5646 με·

2236 5643 2341 5723 ᾀλη
2390 5643 2547 5723 ’παρὰ
2626 5643 2853 5719 Πέρσαις
2913 5648 3011 5700 :06
3065 5647 3175 5699 τῶν
3244 5647 3461 5718 Περσῶν
3520 5643 3849 5715 στρατηγοῦ.

2250 5735 2378 5777 OAR.
