4108 6300
442 327 562 390 803

1801 309 2118 372 GEORGII
2163 311 2504 377 CEDRENI

3729 319 3838 380 804

444 463 738 537 peratoris
763 460 885 516 ﬁlio
917 463 976 513 et
1004 453 1342 529 patriarcha
1385 465 1592 523 pacem
1621 447 1964 537 componit;
1995 442 2085 500 lit-

2207 442 2522 537 ἐπιστολήν.
2593 449 2656 508 Ὁ
2741 447 2800 506 δὲ
2878 447 3258 530 πληφορηθεὶς
3328 456 3504 514 ποιεῖς
3579 453 3839 524 συνθήκας

445 535 706 624 terisque
737 549 1010 604 Chosroaa
1042 541 1414 608 adulteratis,
1445 539 1594 595 alios
1631 536 2085 609 quadringentos

2205 535 2342 606 μετὰ
2370 541 2468 592 τοῦ
2520 540 2646 594 υἱοῦ
2701 544 2798 594 τοῦ
2857 538 3131 615 βασιλέως
3181 541 3271 594 καὶ
3325 545 3426 596 τοῦ
3479 541 3838 615 πατριάρχου,

443 649 708 713 satrapas
735 636 1037 710 principes
1070 649 1138 688 ac
1169 632 1443 687 tribunos
1475 627 1732 683 militum
1798 625 2094 692 inscribit,

440 731 608 803 quasi
639 745 742 784 eos
769 741 971 782 secum
1004 721 1256 778 interﬁci
1297 735 1401 774 rex
1442 717 1743 790 jussisset.
1797 717 1942 770 Tum
1972 718 2094 768 toto

439 802 700 876 exercitu
731 821 792 870 et
817 811 1174 871 Cardaricha
1203 807 1536 864 convocatis
1586 804 1898 876 epistolam
1943 802 2090 858 reci-

438 915 542 977 tat,
635 903 1172 971 Cardarichamque
1253 895 1634 967 interrogavit
1706 893 1894 948 hocne
1976 891 2088 946 sibi

439 997 736 1070 agendum
767 996 1024 1066 putaret.
1071 987 1376 1058 Principes
1407 1001 1538 1040 eam
1575 983 1648 1037 ob
1682 998 1808 1038 rem
1840 982 1928 1036 ira
1956 997 2091 1051 per-

2201 622 2292 677 καὶ
2323 625 2630 702 φαλσεύσας
2667 630 2768 698 τήν
2823 626 3120 698 έπιστολήν
3179 629 3426 702 Χοσρόου
3484 627 3726 699 ἐντίθησι
3756 627 3840 684 σῦν

2203 710 2350 786 αὐτῷ
2383 715 2474 769 καὶ
2505 713 2712 780 ἄλλους
2753 717 3134 792 τετρακοσίους
3190 718 3466 792 σατράπας
3521 717 3613 772 καὶ
3647 714 3843 791 ἄρχον-

2199 823 2294 866 τας
2373 807 2464 860 καί
2543 806 2876 885 χιλιάρχους
2959 808 3278 864 ἀποκτάναι.
3329 809 3699 883 Συναθροίσας
3759 806 3844 862 οῦν

2201 891 2436 958 ἅπαντας
2465 897 2558 952 καὶ
2585 899 2678 954 τὸν
2731 897 3095 976 καρδαρίχαν,
3127 897 3218 954 καί
3275 898 3542 976 ἀναγνοὺς
3571 900 3673 968 τήν
3729 919 3844 953 επι-

2201 983 2429 1056 στολὴν,
2466 987 2572 1061 ἔφη
2603 992 2682 1060 τῷ
2710 985 3041 1067 καρδαρίχᾳ·
3085 993 3322 1064 Συνορᾷς
3353 992 3515 1043 τοῦτο
3573 994 3798 1057 ποιῆσαι
3829 1006 3842 1054 ;

440 1068 540 1143 citi
571 1085 846 1140 Chosroaa
877 1094 1126 1152 regnum
1149 1077 1456 1147 abrogant,
1487 1078 1545 1127 et
1573 1088 1708 1128 cum
1735 1072 2085 1143 imperatore

2200 1073 2265 1125 Οἱ
2291 1068 2349 1128 δὶ
2387 1071 2654 1153 ἄρχοντες
2703 1081 2880 1150 θυμοῦ
2940 1076 3270 1148 πλησθέντες
3295 1077 3388 1132 τὸν
3446 1078 3700 1152 Χοσρόην
3747 1075 3844 1132 ἀκ-

436 1186 645 1244 pacem
677 1169 922 1230 faciunt,
972 1180 1041 1219 ea
1089 1161 1432 1218 conditione
1490 1159 1577 1214 uti
1622 1157 1847 1227 absque
1903 1154 2085 1210 male-

2200 1163 2517 1236 εκήρυττον,
2563 1166 2701 1239 πρὸς
2755 1162 2813 1220 δὲ
2840 1166 2934 1222 τὸν
2975 1161 3202 1242 βασιλέα
3259 1167 3535 1237 συνθήκας
3595 1163 3844 1236 ἐποίησαν

437 1243 574 1314 ficio
606 1258 849 1312 domum
885 1252 1214 1309 discedant.
1258 1247 1529 1304 Heraclio
1559 1251 1760 1302 autem
1787 1261 1894 1316 per
1935 1243 2085 1298 litte-

2201 1248 2605 1324 είρηνικὰς,’ίνα
2663 1256 2750 1326 [Ρ.
2806 1256 2938 1328 410]
2997 1251 3168 1328 μηδὲν
3229 1253 3610 1329 λυμηνάμενοι
3670 1251 3758 1310 ἐπὶ
3783 1255 3844 1310 τὰ

434 1365 533 1402 ras
567 1345 1042 1418 pacificationem
1075 1337 1426 1410 requirenti,
1457 1352 1591 1392 eam
1635 1334 1925 1390 Chosroes
1953 1348 2085 1388 cum

2201 1335 2313 1394 ἴδια
2339 1339 2668 1397 ἀπέλθωσιν.
2701 1343 2763 1400 Ὁ
2793 1339 2852 1398 δὲ
2879 1341 3205 1419 Ἡράκλειος
3263 1340 3468 1421 ἔγραψε
3496 1347 3579 1416 τῷ
3623 1343 3840 1418 Χοσρόῃ

435 1437 778 1509 denegaret,
811 1434 948 1490 odia
977 1431 1070 1487 sui
1100 1429 1304 1502 populi
1349 1428 1411 1482 in
1457 1443 1520 1483 se
1577 1423 1914 1481 concitavit.
1947 1425 2085 1479 Rur-

2197 1427 2321 1502 περὶ
2353 1428 2555 1502 εἷρήνς·
2590 1431 2620 1485 6
2678 1428 2736 1487 δὲ
2789 1429 2853 1486 οὗ
2918 1429 3256 1502 κατεδέξατο,
3316 1431 3410 1487 καὶ
3469 1429 3560 1486 διὰ
3623 1433 3842 1488 τοῦτοὸ

434 1542 568 1582 sum
623 1525 763 1580 inde
823 1523 1198 1580 subditorum
1257 1534 1500 1574 suorum
1557 1515 1881 1572 exercitum
1911 1513 2085 1584 cogit,

2198 1513 2330 1580 λαὸς
2383 1515 2611 1590 ἐμίσησε
2672 1520 2765 1575 τὸν
2823 1521 3094 1596 Χοσρόην.
3153 1523 3249 1582 ‘Oc
3305 1519 3474 1578 πάλιν
3532 1519 3845 1596 ἐστράτευσε

436 1631 690 1686 eumque
716 1613 888 1685 jubet
913 1629 976 1668 se
1015 1627 1150 1666 cum
1182 1607 1442 1664 Razastis
1489 1606 1676 1678 copiis
1725 1603 2085 1675 conjungere

2197 1604 2322 1670 τοὺς
2347 1606 2662 1681 ἀνθρώπους
2727 1614 2834 1665 τῶν
2902 1609 3188 1685 ἀρχόντων
3247 1611 3433 1679 αὐτοῦ,
3483 1609 3572 1665 καὶ
3606 1610 3846 1667 ἀπέστει-

441 1704 594 1759 πει
620 1707 679 1758 et
702 1701 776 1758 ad
807 1699 1065 1756 Narbam
1097 1713 1333 1753 amnem
1365 1694 1714 1760 consistere,
1744 1709 1812 1748 ac
1842 1696 2084 1763 pontem

2197 1692 2286 1749 λεν
2317 1695 2583 1766 ἒνωθῆναι
2641 1701 2722 1771 τῷ
2779 1703 2992 1772 στρατῷ
3038 1703 3138 1754 τοῦ
3185 1699 3481 1768 Ῥαζάστου
3537 1699 3636 1754 καὶ
3668 1707 3852 1769 στῆναν

439 1793 713 1848 simulac
745 1789 1048 1846 Heraclius
1094 1787 1447 1854 transiisset,
1495 1783 1855 1839 rescindere.
1911 1782 2083 1834 Hera-

2197 1783 2270 1887 τίς
2312 1785 2406 1887 τρν
2467 1781 2660 1860 Ναρϐἇ
2714 1787 2984 1860 ποταμὸν,
3035 1787 3128 1842 καὶ
3185 1782 3299 1860 ἅμα
3347 1788 3427 1860 τῷ
3483 1792 3721 1862 περᾶσαι
3767 1787 3852 1842 τὸι

439 1883 590 1938 clius
620 1881 713 1936 his
743 1879 1061 1935 intellectis
1091 1878 1165 1932 ad
1196 1876 1397 1931 Siazur
1424 1875 1442 1943 (
1472 1873 1584 1928 loci
1616 1889 1835 1927 nomen
1867 1869 1927 1924 id
1957 1868 2086 1940 est)

435 1972 608 2041 redit,
666 1969 962 2040 urbesque
1019 1972 1078 2022 et
1135 1970 1320 2020 totam
1411 1962 1716 2033 regionem
1801 1957 2078 2014 incendio

433 2065 644 2117 vastat.
675 2059 759 2115 Ibi
817 2075 878 2113 se
925 2057 977 2112 ei
1019 2055 1331 2127 conjungit
1359 2051 1813 2117 Gondufundus,
1841 2049 1942 2120 qui
1981 2047 2090 2104 sub

436 2151 686 2206 Sarbaro
709 2148 987 2202 tribunus
1008 2145 1267 2200 militum
1287 2143 1500 2208 fuerat,
1534 2157 1671 2196 cum
1702 2139 1836 2194 aliis
1859 2137 2091 2204 multis,

436 2245 496 2295 et
523 2239 748 2294 indicat
774 2238 1094 2292 Chosroem
1139 2233 1416 2289 statuisse
1471 2231 1800 2287 Merdasam
1835 2228 2094 2283 filiorum

437 2343 682 2384 suorum
711 2326 1031 2380 minimum
1062 2339 1240 2394 regno
1272 2323 1668 2393 inaugurare:
1714 2318 1921 2372 Siroen
1953 2321 2097 2371 natu

440 2415 768 2471 maximum
795 2415 856 2468 id
886 2412 1210 2468 concedere
1243 2410 1428 2476 nolle,
1462 2425 1524 2464 se
1568 2407 1836 2476 aliosque
1894 2403 2098 2477 viginti

439 2505 588 2560 duos
622 2503 871 2558 comites
901 2509 958 2558 et
988 2516 1258 2574 magnam
1283 2499 1598 2555 hominum
1648 2495 2097 2550 multitudinem

441 2593 554 2649 sibi
585 2593 950 2664 adjunxisse,
974 2599 1034 2647 et
1059 2593 1334 2646 Chosroaa
1370 2589 1614 2645 exitium
1645 2585 1884 2654 moliri;
1918 2601 2095 2658 quem

438 2685 488 2739 si
527 2685 759 2756 possint
799 2683 1155 2748 interﬁcere,
1206 2684 1546 2752 pergratum
1578 2677 1724 2750 ipsis
1779 2677 1942 2731 fore:
2001 2675 2096 2730 sin

437 2789 594 2843 vero,
664 2773 976 2828 universos
1036 2771 1111 2826 ad
1172 2772 1469 2826 Romanos
1543 2765 1899 2823 defecturos.
1961 2765 2095 2820 Haec

438 2862 742 2918 Heraclius
767 2877 905 2916 cum
923 2859 1236 2932 probasset
1278 2857 1584 2913 hominem
1610 2855 1858 2912 comiter
1879 2859 2092 2909 tracta-

434 2957 562 3008 tum
593 2953 669 3008 ad
700 2952 906 3008 Siroen
962 2949 1215 3016 remisit,
1252 2949 1426 3020 eique
1455 2947 1750 3004 nuntiavit
1776 2951 1843 3001 ut
1870 2944 2092 3018 apertis

437 3043 780 3100 carceribus
828 3045 1124 3098 Romanos
1170 3040 1382 3096 educat
1437 3055 1658 3111 eosque
1714 3043 1972 3094 armatos
2028 3035 2090 3090 in

435 3135 758 3190 Chosroem
791 3132 987 3188 ducat.
1021 3133 1217 3187 Siroes
1247 3131 1330 3186 ita
1359 3131 1443 3186 uti
1475 3129 1740 3185 monitus
1788 3132 1917 3183 erat
1945 3127 2082 3199 egit,

2207 1871 2437 1950 βασιλέα
2464 1875 2676 1949 κόψωσι
2719 1876 2818 1939 τὰς
2875 1877 3136 1955 γεφύρας,
3195 1879 3368 1952 Ὅπερ
3427 1878 3614 1950 μαθὼν
3649 1878 3678 1932 6
3711 1879 3852 1952 βασιο

2204 1959 2332 2027 λευς
2359 1962 2647 2040 ἀνέρχεται
2689 1963 2766 2026 εἷς
2824 1965 2888 2020 τὸ
2947 1967 3207 2040 Σιαζοὺρ,
3264 1965 3355 2020 καὶ
3409 1964 3668 2042 ἐμπιπρᾷ
3695 1971 3850 2022 πᾶσαν

2201 2057 2304 2126 τὴν
2339 2059 2530 2132 χώραν
2559 2057 2652 2114 καὶ
2682 2058 2778 2121 τὰς
2816 2057 3030 2120 πόλεις.
3065 2057 3377 2136 υροσεῤῥύη
3417 2055 3474 2114 δὲ
3511 2057 3670 2132 αὐτῷ
3700 2064 3850 2114 Γουν-

2203 2141 2535 2222 δουφοῦνδος
2567 2149 2596 2202 6
2622 2145 2924 2222 χιλίαρχος
2966 2142 3251 2223 Σαρϐάρου
3282 2146 3374 2202 καὶ
3408 2143 3576 2202 ἄλλοι
3629 2145 3846 2203 πολλοί’

2203 2234 2257 2288 οἳ
2288 2235 2376 2289 καὶ
2401 2237 2556 2290 εἷπον
2587 2241 2668 2309 τῷ
2700 2235 2940 2311 βασιλεῖ,
2968 2236 3053 2292 ὅτι
3075 2237 3136 2294 Ὁ
3167 2236 3417 2311 Χοσρόης
3451 2233 3654 2310 μέλλει
3677 2235 3846 2309 στέψαι
3899 2233 3904 2238 ’

2203 2322 2296 2378 τὸν
2328 2323 2552 2381 ὕστατον
2581 2325 2698 2390 υίὸς
2733 2327 2901 2382 αὐτοῦ
2955 2324 3258 2401 Μερδασάν,
3293 2323 3384 2380 καὶ
3414 2323 3578 2400 γνοὺς
3641 2326 3846 2381 τοῦτοὸ

2205 2416 2425 2488 πρῶτος
2489 2414 2608 2478 υίὸς
2663 2415 2828 2471 αὐτοῦ
2888 2413 3092 2490 Σιρόης
3177 2414 3242 2469 οὗ
3316 2410 3662 2486 κατεδέξατο,
3719 2411 3846 2469 ἀλλὰ

2204 2497 2655 2577 προσλαϐόμενος
2683 2502 2781 2577 έμὶ
2808 2503 2898 2559 καὶ
2923 2501 3135 2565 ἄλλους
3163 2503 3250 2577 ιβ’
3295 2503 3569 2576 κόμητας,
3596 2502 3693 2558 καὶ
3721 2501 3848 2573 πλη-

2206 2591 2299 2654 θος
2357 2591 2494 2646 λαοῦ
2527 2635 2544 2662 ,
2599 2592 2646 2648 εί
2707 2594 2803 2667 μὲν
2857 2589 3174 2666 δυνηθῶμεν
3231 2591 3550 2648 ἀποκτεῖναι
3607 2592 3838 2666 Χοσρόην

2205 2681 2390 2756 χάρις,
2419 2680 2464 2735 εἰ
2496 2678 2543 2734 δ’
2574 2680 2658 2752 οὓ,
2689 2681 2884 2744 πάντες
2933 2685 3294 2758 προσρυῶμεν
3325 2685 3395 2756 τῇ
3454 2681 3708 2756 βασιλείᾳ
3734 2700 3835 2736 σου.

2205 2773 2387 2828 Ταῦτα
2414 2767 2810 2844 ἀποδεξάμενος
2841 2772 2870 2825 6
2914 2769 3170 2847 βασιλεὺς
3209 2769 3300 2826 καὶ
3345 2769 3833 2846 φιλοτιμησάμενος

2203 2859 2366 2914 αὐτὸν
2397 2855 2564 2914 πάλιν
2597 2861 2734 2935 πρὸς
2793 2859 2994 2936 Σιρόην
3055 2858 3363 2930 ἀπέστειλε,
3419 2855 3667 2930 δηλώσας
3687 2855 3820 2928 αὑτῷ

2201 2947 2410 3021 ἀνοῖξαι
2439 2948 2535 3010 τὰς
2587 2947 2833 3026 φυλακὰς
2884 2947 2975 3004 καὶ
3031 2946 3159 3010 τοὺς
3198 2946 3513 3021 Ῥωμαίους
3562 2945 3806 3022 ἐξαγαγεῖν

2200 3037 2288 3092 καὶ
2323 3033 2505 3092 δοῦναι
2537 3035 2720 3099 αὐτοῖς
2753 3037 2898 3093 ὃπλα
2926 3037 3017 3092 καὶ
3038 3035 3182 3092 οὕτω
3209 3038 3348 3092 κατά
3387 3040 3638 3112 Χοσρὸου
3677 3039 3814 3102 κινῆ-

2202 3147 2311 3183 σαι.
2339 3127 2402 3184 Ὀ
2432 3123 2489 3181 δὲ
2547 3125 2751 3201 Σιρόης
2801 3125 2944 3181 οὕτω
2998 3128 3234 3198 ποιήσας
3279 3125 3490 3196 ἰπῆλθε
3543 3130 3621 3198 τῷ
3644 3143 3822 3200 πατρο-

435 3228 784 3293 patremque
833 3237 1006 3276 suum
1062 3222 1382 3276 Chosroem
1439 3218 1789 3291 patricidam
1839 3188 2082 3272 adortus

2197 3217 2374 3290 κτόνῳ
2403 3216 2568 3291 πατρί
2617 3188 2840 3290 δίοσρόῃ
2884 3219 3020 3290 (53),
3069 3188 3160 3271 κάὶ
3221 3188 3500 3290 κρατήσας
3551 3188 3705 3270 αῦτὸν
3745 3188 3828 3267 καὶ

425 3311 603 3381 cepit,
629 3307 1010 3379 numellaque
1043 3307 1326 3379 imposita
1356 3308 1417 3361 in
1450 3307 1834 3362 tenebrosum
1879 3321 2082 3360 carce-

422 3415 553 3454 rem
585 3396 856 3466 includit,
888 3412 1159 3468 paneque
1191 3395 1401 3468 exiguo
1432 3401 1492 3449 et
1519 3411 1672 3466 aqua
1699 3394 1963 3466 praebitis
1992 3393 2080 3449 fa-

427 3503 523 3542 me
546 3491 774 3544 enecat.
808 3488 1066 3556 Satrapaa
1090 3501 1327 3556 quoque
1350 3501 1558 3539 omnes
1578 3501 1612 3538 a
1632 3484 1794 3538 Siroe
1811 3483 1981 3537 acciti
1998 3481 2080 3538 fa-

426 3576 576 3632 ciem
611 3577 884 3632 Chosroaa
929 3577 1350 3646 conspuerunt.
1384 3572 1559 3628 Filios
1589 3577 1649 3627 et
1678 3571 1895 3628 liberos
1926 3571 2076 3643 ejus,

422 3667 553 3738 ipso
599 3666 971 3738 inspiciente,
1033 3665 1230 3719 Siroes
1277 3679 1486 3718 omnes
1535 3661 1849 3734 jugulavit,
1898 3665 2076 3731 atque

422 3757 617 3827 ipsum
652 3755 864 3827 quinto
895 3754 1126 3808 decimo
1175 3757 1308 3824 post
1363 3751 1457 3805 die
1517 3749 1744 3822 sagittis
1799 3748 2072 3803 confecit.

420 3845 564 3902 lnde
593 3845 794 3901 missis
843 3843 918 3900 ad
948 3842 1283 3898 Heraclium
1318 3839 1534 3895 litteris
1562 3837 1636 3893 de
1668 3838 1914 3893 interitu
1958 3853 2078 3892 sce-

419 3933 591 3988 lerati
623 3933 898 3988 Chosroaa
929 3931 1186 3997 nuntiat,
1219 3935 1566 4000 perpetuam
1597 3943 1805 3999 pacem
1837 3942 1972 3981 cum
2003 3943 2072 3981 eo

418 4023 744 4093 componit,
780 4026 839 4076 et
868 4021 1146 4092 captivos,
1180 4023 1472 4090 quotquot
1507 4018 1567 4072 in
1605 4016 1845 4072 Perside
1878 4021 2070 4083 erant,

418 4127 628 4166 omnes
677 4111 891 4177 reddit,
954 4127 1075 4166 una
1127 4126 1261 4164 cum
1321 4107 1658 4180 patriarcha
1708 4105 1983 4161 Zacharia
2013 4109 2074 4160 et

411 4199 766 4255 venerandis
797 4199 997 4271 lignis,
1053 4215 1185 4269 qua:
1239 4197 1587 4252 Sarbarazas
1647 4194 2068 4266 Hierosolymis

415 4291 768 4346 abstulerat.

489 4381 635 4437 785
673 4383 835 4436 Anno
868 4381 932 4433 18
965 4377 1296 4446 Heraclius,
1323 4393 1466 4448 pace
1498 4376 1656 4430 inter
1687 4377 1980 4430 Romanos
2011 4379 2072 4429 et

2186 3303 2353 3360 κλοιᾶ
2381 3305 2620 3380 περιθεὶς
2675 3304 2754 3368 εἰς
2813 3305 3088 3360 σκοτεινὸν
3153 3303 3489 3375 κατέκλεισε,
3546 3303 3639 3359 καί
3687 3300 3832 3377 ἄρτον

2187 3392 2377 3470 ὀλίγον
2409 3393 2499 3448 καὶ
2530 3389 2679 3466 ὕδωρ
2711 3389 2895 3456 διδοὺς
2951 3394 3100 3464 αὗτῷ
3151 3391 3596 3468 έλιμαγχόνησεν
3659 3389 3828 3449 αὐτόν.

2185 3480 2521 3538 Ἀπέστελλε
2550 3479 2608 3536 δὶ
2641 3481 2838 3546 πάντας
2893 3481 3022 3546 τοὺς
3075 3483 3373 3557 σατρᾶπας,
3431 3481 3525 3536 καὶ
3584 3479 3828 3537 ἐνέπτυον

2184 3571 2260 3632 εἷς
2287 3572 2351 3626 τὸ
2382 3572 2677 3646 πρόσωπον
2705 3571 2892 3630 αὐτοῦ.
2943 3570 3086 3632 Τοὺς
3105 3566 3166 3626 δὲ
3221 3569 3376 3633 υἱοὺς
3436 3571 3608 3627 αὐτοῦ
3657 3570 3747 3625 καὶ
3773 3570 3835 3624 τὰ

2183 3656 2353 3714 λοιπὰ
2381 3659 2541 3716 τέκνα
2593 3658 2758 3716 αὐτοῦ
2815 3658 3047 3714 ἐνώπιον
3105 3659 3274 3716 αὐτοῦ
3332 3661 3651 3736 κατεσφαξε.
3711 3659 3834 3716 Μεθ’

2182 3750 2394 3824 ἡμέρας
2427 3747 2486 3804 δὲ
2515 3750 2574 3804 ιε’
2620 3750 2710 3804 καὶ
2767 3747 2927 3804 αὐτὸν
2983 3749 3164 3818 τόξοις
3220 3746 3422 3807 ἀνεῖλε.
3465 3749 3606 3806 Τότε
3643 3749 3835 3825 γράφει

2181 3837 2386 3914 Σιρόης
2435 3839 2574 3912 πρὸς
2631 3836 2952 3913 Ἡράκλειον
3003 3840 3105 3908 τήν
3161 3843 3260 3894 τοῦ
3330 3841 3534 3913 μιαροῦ
3589 3837 3832 3913 Χοσρόου

2178 3926 2470 4001 ἀναίρεςιν,
2501 3927 2594 3982 καὶ
2647 3925 2872 4002 εῒρήνην
2929 3926 3167 4002 ἀειπαγῆ
3216 3927 3356 4001 πρὸς
3415 3927 3578 3984 αὐτὸν
3610 3926 3835 3997 ποιησά-

2181 4037 2342 4090 μενος
2371 4018 2571 4080 πάντας
2600 4013 2730 4080 τοὺς
2759 4013 2810 4071 έν
2843 4013 3060 4092 Περσίδι
3108 4015 3512 4092 αἰχμαλώτους
3560 4015 3832 4073 ἀπέδωκεν

2177 4106 2322 4178 αὖτῷ
2361 4104 2453 4160 σὺν
2497 4109 2578 4178 τῷ
2634 4105 2951 4181 πατριάρχῃ
3005 4105 3254 4182 Ζαχαρία
3308 4106 3402 4160 καὶ
3456 4111 3575 4169 τοῖς
3625 4105 3832 4181 τιμίοις

2179 4196 2364 4267 ξύλοις
2395 4201 2514 4260 τοῖς
2561 4193 2612 4265 ἐξ
2667 4193 3072 4271 Ἱεροσολύμων
3126 4193 3417 4273 ληφθεῖσιν
3477 4196 3581 4252 ὑπὸ
3627 4193 3832 4271 Σαρὸα·

2177 4288 2330 4358 ραζᾶ.

2245 4377 2338 4445 Τῷ
2372 4375 2441 4444 ιη’
2469 4368 2600 4447 ἔτει,
2658 4372 2883 4445 εἰρήνης
2935 4374 3238 4450 γενομένης
3310 4374 3508 4448 μεταξὺ
3538 4373 3828 4448 Ῥωμαίων

413 4471 625 4524 Persas
653 4469 829 4538 facta,
860 4469 1107 4524 fratrem
1139 4483 1313 4522 suum
1343 4465 1714 4521 Theodorum
1745 4481 1880 4520 cum
1911 4463 2069 4520 litte-

2197 4461 2264 4518 ιαὶ
2322 4467 2570 4538 Περσῶν,
2626 4461 2940 4518 ἀπέστειλεν
2998 4464 3028 4518 6
3089 4461 3344 4539 βασιλεὺς
3397 4461 3686 4540 Θεόδωρον
3743 4464 3826 4519 τὸν

412 4558 499 4613 ris
530 4561 589 4612 et
617 4557 832 4625 Persis,
865 4573 1013 4629 quos
1071 4555 1332 4627 captivos
1362 4554 1674 4623 habuerat,
1731 4555 1805 4609 ad
1861 4555 2069 4610 Siroen

2197 4549 2415 4628 ιδελφὸν
2445 4551 2613 4608 αὐτοῦ
2664 4551 2799 4626 μετὰ
2847 4552 3190 4629 γραμμάτων
3246 4553 3414 4630 Σιρόῃ
3471 4557 3554 4626 τῷ
3617 4553 3824 4628 βασιλεῖ

414 4645 620 4710 mittit,
651 4662 849 4717 regem
890 4647 1226 4712 Persarum,
1257 4643 1566 4714 postulans
1597 4643 1658 4698 ui
1716 4643 1930 4711 Persm,
1963 4643 2066 4714 qui

2197 4645 2398 4719 ,Ιερσῶν
2430 4641 2521 4696 καὶ
2569 4641 2870 4717 ἀνθρώπων
2927 4641 3113 4714 αὐτοῦ,
3164 4643 3313 4705 ὅπως
3361 4642 3489 4705 τοὺς
3547 4641 3604 4698 έν
3636 4641 3815 4715 Ἐδέσῃ

414 4734 652 4790 Εάθεεω
684 4741 742 4790 et
763 4735 826 4790 in
851 4735 1164 4790 Palmstina
1184 4733 1436 4804 aliisque
1467 4737 1636 4787 erant
1651 4731 1919 4799 urbibus,
1950 4731 2066 4788 {ide

2197 4730 2263 4786 Lai
2295 4729 2632 4805 Παλαιστίνῃ
2664 4730 2755 4786 καὶ
2775 4735 2894 4792 ταῖς
2945 4728 3168 4796 λοιπαῖς
3215 4730 3412 4788 πόλεσι
3469 4732 3682 4807 Πέρσας
3718 4729 3822 4805 μετ’

415 4827 655 4899 publica
684 4845 790 4900 per
818 4829 1216 4883 Romanorum
1263 4824 1550 4880 ditionem
1580 4823 1821 4878 domum
1869 4841 2065 4879 rever-

2197 4820 2393 4897 ,ἲρήνης
2427 4821 2840 4896 ἀποστρέψωσιν
2873 4819 2927 4875 έν
2962 4818 3184 4896 Περσίδι
3231 4821 3324 4877 καὶ
3390 4816 3656 4883 ἀϐλαϐῶς
3687 4840 3824 4896 παρ-

411 4921 701 4972 terentur.
732 4917 832 4972 His
877 4915 1193 4987 mysticum
1252 4911 1477 4982 aliquid
1528 4910 1906 4966 considerare
1960 4927 2069 4982 par

2197 4909 2376 4974 λθωαι
2410 4911 2509 4980 τὴν
2567 4914 2678 4966 τῶν
2727 4911 3013 4984 Ῥωμαίων
3071 4917 3200 4988 γῆν.
3261 4912 3539 4970 Μυστικὸν
3571 4909 3630 4967 δέ
3647 4933 3703 4967 τι
3743 4911 3828 4965 ἐν·

413 5013 522 5064 est.
584 5004 1094 5072 Quemadmodum
1155 5017 1414 5074 namque
1472 5002 1628 5056 Deus
1679 5017 1780 5055 sex
1836 5000 2066 5056 dierum

2197 5002 2340 5054 ςαῦθα
2400 5001 2704 5074 θεωρεῖται·
2763 4999 2862 5069 τήν
2919 4999 3021 5077 γὰρ
3081 5000 3255 5056 κτίσιν
3314 5007 3487 5056 πᾶσαν
3538 5001 3566 5056 6
3613 5001 3744 5062 Θεὸς
3775 4999 3824 5054 έν

418 5097 608 5167 spatio
641 5095 918 5151 omnibus
948 5092 1127 5148 rebus
1157 5091 1410 5148 conditis
1441 5089 1691 5160 septima
1712 5089 1954 5160 quievit;
1987 5089 2070 5144 ita

2197 5089 2227 5160 με
2258 5087 2490 5164 ἡμέραις
2523 5086 2746 5158 ἐποίησε
2774 5089 2865 5144 καὶ
2923 5093 2992 5164 τῇ
3044 5090 3086 5159 ζ’
3153 5089 3490 5146 ἀνεπαύσατο
3545 5089 3634 5146 καἲ
3667 5091 3698 5144 ὁ
3733 5090 3824 5165 βα-

419 5185 722 5241 Heraclius
774 5183 1057 5240 sexennio
1107 5181 1405 5236 debellata
1450 5178 1688 5234 Perside
1747 5177 2068 5249 septimum

2197 5176 2359 5239 πιλεὺς
2413 5175 2464 5232 ἐν
2521 5173 2570 5246 ἔξ
2631 5171 2771 5232 ἔτεσι
2807 5179 2908 5247 τήν
2968 5175 3206 5254 Ηερσίδα
3258 5178 3722 5252 καταπολεμήσας
3753 5179 3829 5247 τῷ

419 5289 646 5328 annum
707 5280 980 5344 pacatum
1041 5271 1197 5344 egit,
1256 5269 1549 5340 laetusque
1607 5267 1812 5340 Cpolin
1865 5267 2065 5334 rediit,

2197 5268 2220 5336 ζ’
2249 5266 2546 5343 εἷρήνευσε,
2575 5267 2666 5321 καί
2738 5267 2872 5339 μετά
2925 5271 3104 5345 χαρᾶς
3159 5267 3257 5336 τήν
3316 5268 3828 5326 Κωνσταντινούπο-

418 5361 685 5416 Occurrit
706 5364 756 5417 ei
785 5363 1038 5434 populus
1059 5377 1191 5416 cum
1211 5358 1598 5414 Constantino
1614 5360 1864 5426 (lassare,
1890 5359 2069 5413 Hera-

2197 5370 2266 5413 kw
2292 5349 2720 5430 καταλαμϐάνει,
2757 5357 2814 5408 Ὀ
2846 5353 2902 5410 δὲ
2933 5355 3064 5419 λαὸς
3094 5358 3194 5427 τῆς
3247 5355 3490 5425 πόλεως,
3545 5357 3678 5431 μετά
3731 5355 3830 5408 τοῦ

1614 5482 1977 5538 XYLANDRI
2017 5483 2106 5538 ET
2143 5483 2351 5540 GOARl
2390 5481 2610 5537 NOTAE.

489 5608 607 5685 (63)
637 5610 782 5668 Nam
806 5609 1115 5668 Hormisda
1143 5614 1309 5682 patre
1333 5613 1506 5680 capto
1537 5607 1684 5664 etin
1714 5606 1964 5664 vinculis
1995 5613 2206 5669 necato
2235 5623 2490 5682 regnum
2519 5605 2850 5667 obtinuisse
2881 5605 3088 5666 fertur.
3121 5609 3260 5667 Χιι..
