  <div class='ocr_page' id='page_1' title='image "/cluster/home/n/w/nwhite01/storage/ocr_20150623/121/mdp.39015078384289/410.png"; bbox 0 0 4052 6316; ppageno 0'>
   <div class='ocr_carea' id='block_1_1' title="bbox 291 350 412 416">
    <p class='ocr_par' dir='ltr' id='par_1_1' title="bbox 291 350 412 416">
     <span class='ocr_line' id='line_1_1' title="bbox 291 350 412 416; baseline 0.033 -4"><span class='ocrx_word' id='word_1_1' title='bbox 291 350 412 416; x_wconf 69' lang='grc'>801</span> 
     </span>
    </p>
   </div>
   <div class='ocr_carea' id='block_1_2' title="bbox 1355 344 2504 410">
    <p class='ocr_par' dir='ltr' id='par_1_2' title="bbox 1355 344 2504 410">
     <span class='ocr_line' id='line_1_2' title="bbox 1355 344 2504 410; baseline -0.002 -2"><span class='ocrx_word' id='word_1_2' title='bbox 1355 346 1902 410; x_wconf 74' lang='lat' dir='ltr'>HISTORIAHUM</span> <span class='ocrx_word' id='word_1_3' title='bbox 1948 344 2504 408; x_wconf 80' lang='lat' dir='ltr'>COMPENDIUM.</span> 
     </span>
    </p>
   </div>
   <div class='ocr_carea' id='block_1_3' title="bbox 3588 349 3709 411">
    <p class='ocr_par' dir='ltr' id='par_1_3' title="bbox 3588 349 3709 411">
     <span class='ocr_line' id='line_1_3' title="bbox 3588 349 3709 411; baseline 0.025 -3"><span class='ocrx_word' id='word_1_4' title='bbox 3588 349 3709 411; x_wconf 80' lang='lat'>806</span> 
     </span>
    </p>
   </div>
   <div class='ocr_carea' id='block_1_4' title="bbox 298 476 1959 560">
    <p class='ocr_par' dir='ltr' id='par_1_4' title="bbox 298 476 1940 560">
     <span class='ocr_line' id='line_1_4' title="bbox 298 476 1940 560; baseline -0.005 -20"><span class='ocrx_word' id='word_1_5' title='bbox 298 482 571 560; x_wconf 82' lang='grc' dir='ltr'>βασιλέως</span> <span class='ocrx_word' id='word_1_6' title='bbox 602 478 1007 539; x_wconf 86' lang='grc' dir='ltr'>Κωνσταντίνου</span> <span class='ocrx_word' id='word_1_7' title='bbox 1034 483 1132 535; x_wconf 80' lang='grc' dir='ltr'>τοῦ</span> <span class='ocrx_word' id='word_1_8' title='bbox 1185 480 1306 535; x_wconf 71' lang='grc' dir='ltr'>υἱοῦ</span> <span class='ocrx_word' id='word_1_9' title='bbox 1332 483 1431 536; x_wconf 76' lang='grc' dir='ltr'>τοῦ</span> <span class='ocrx_word' id='word_1_10' title='bbox 1480 476 1803 556; x_wconf 73' lang='grc' dir='ltr'>Ἡρακλείου</span> <span class='ocrx_word' id='word_1_11' title='bbox 1848 476 1940 533; x_wconf 74' lang='grc' dir='ltr'>καὶ</span> 
     </span>
    </p>
   </div>
   <div class='ocr_carea' id='block_1_5' title="bbox 2071 476 3707 560">
    <p class='ocr_par' dir='ltr' id='par_1_5' title="bbox 2071 478 3707 557">
     <span class='ocr_line' id='line_1_5' title="bbox 2071 478 3707 557; baseline 0.004 -23"><span class='ocrx_word' id='word_1_12' title='bbox 2071 478 2152 534; x_wconf 82' lang='lat' dir='ltr'>:lii</span> <span class='ocrx_word' id='word_1_13' title='bbox 2184 480 2327 548; x_wconf 83' lang='lat' dir='ltr'>filio,</span> <span class='ocrx_word' id='word_1_14' title='bbox 2361 485 2421 536; x_wconf 90' lang='lat' dir='ltr'>et</span> <span class='ocrx_word' id='word_1_15' title='bbox 2457 481 2794 553; x_wconf 77' lang='lat' dir='ltr'>patriarcha</span> <span class='ocrx_word' id='word_1_16' title='bbox 2824 481 3047 554; x_wconf 86' lang='lat' dir='ltr'>Sergio,</span> <span class='ocrx_word' id='word_1_17' title='bbox 3078 482 3321 539; x_wconf 85' lang='lat' dir='ltr'>frondes</span> <span class='ocrx_word' id='word_1_18' title='bbox 3367 483 3707 557; x_wconf 85' lang='lat' dir='ltr'>oleagineas</span> 
     </span>
    </p>
   </div>
   <div class='ocr_carea' id='block_1_6' title="bbox 297 566 1959 649">
    <p class='ocr_par' dir='ltr' id='par_1_6' title="bbox 297 566 1947 649">
     <span class='ocr_line' id='line_1_6' title="bbox 297 566 1947 649; baseline -0.005 -20"><span class='ocrx_word' id='word_1_19' title='bbox 297 578 395 630; x_wconf 79' lang='grc' dir='ltr'>τοῦ</span> <span class='ocrx_word' id='word_1_20' title='bbox 427 573 772 649; x_wconf 79' lang='grc' dir='ltr'>πατριάρχου</span> <span class='ocrx_word' id='word_1_21' title='bbox 798 570 1051 646; x_wconf 89' lang='grc' dir='ltr'>Σεργίου,</span> <span class='ocrx_word' id='word_1_22' title='bbox 1078 570 1213 644; x_wconf 85' lang='grc' dir='ltr'>μετά</span> <span class='ocrx_word' id='word_1_23' title='bbox 1231 567 1449 625; x_wconf 82' lang='grc' dir='ltr'>κλάδων</span> <span class='ocrx_word' id='word_1_24' title='bbox 1480 572 1566 642; x_wconf 84' lang='grc' dir='ltr'>[Ρ.</span> <span class='ocrx_word' id='word_1_25' title='bbox 1594 571 1723 643; x_wconf 82' lang='grc'>420]</span> <span class='ocrx_word' id='word_1_26' title='bbox 1748 566 1947 623; x_wconf 80' lang='grc' dir='ltr'>ἐλαιῶν</span> 
     </span>
    </p>
   </div>
   <div class='ocr_carea' id='block_1_7' title="bbox 2071 566 3705 649">
    <p class='ocr_par' dir='ltr' id='par_1_7' title="bbox 2071 570 3705 646">
     <span class='ocr_line' id='line_1_7' title="bbox 2071 570 3705 646; baseline 0.002 -23"><span class='ocrx_word' id='word_1_27' title='bbox 2071 574 2293 641; x_wconf 70' lang='lat' dir='ltr'>gestans</span> <span class='ocrx_word' id='word_1_28' title='bbox 2325 575 2383 625; x_wconf 90' lang='lat' dir='ltr'>et</span> <span class='ocrx_word' id='word_1_29' title='bbox 2412 570 2592 636; x_wconf 86' lang='lat' dir='ltr'>faces,</span> <span class='ocrx_word' id='word_1_30' title='bbox 2624 571 2947 643; x_wconf 86' lang='lat' dir='ltr'>gratiisque</span> <span class='ocrx_word' id='word_1_31' title='bbox 2978 574 3097 627; x_wconf 90' lang='lat' dir='ltr'>Deo</span> <span class='ocrx_word' id='word_1_32' title='bbox 3127 574 3273 629; x_wconf 90' lang='lat' dir='ltr'>actis</span> <span class='ocrx_word' id='word_1_33' title='bbox 3305 581 3618 646; x_wconf 84' lang='lat' dir='ltr'>exceptum</span> <span class='ocrx_word' id='word_1_34' title='bbox 3645 575 3705 628; x_wconf 90' lang='lat' dir='ltr'>in</span> 
     </span>
    </p>
   </div>
   <div class='ocr_carea' id='block_1_8' title="bbox 295 657 1959 735">
    <p class='ocr_par' dir='ltr' id='par_1_8' title="bbox 295 657 1950 735">
     <span class='ocr_line' id='line_1_8' title="bbox 295 657 1950 735; baseline -0.005 -16"><span class='ocrx_word' id='word_1_35' title='bbox 295 663 387 719; x_wconf 88' lang='grc' dir='ltr'>καὶ</span> <span class='ocrx_word' id='word_1_36' title='bbox 429 659 737 735; x_wconf 80' lang='grc' dir='ltr'>λαμπάδων</span> <span class='ocrx_word' id='word_1_37' title='bbox 791 665 985 716; x_wconf 80' lang='grc' dir='ltr'>τοῦτον</span> <span class='ocrx_word' id='word_1_38' title='bbox 1053 657 1443 732; x_wconf 78' lang='grc' dir='ltr'>ὑποδεξάμενοι</span> <span class='ocrx_word' id='word_1_39' title='bbox 1499 659 1950 734; x_wconf 77' lang='grc' dir='ltr'>εὐχαριστοῦντες</span> 
     </span>
    </p>
   </div>
   <div class='ocr_carea' id='block_1_9' title="bbox 2071 657 2577 735">
    <p class='ocr_par' dir='ltr' id='par_1_9' title="bbox 2071 658 2577 730">
     <span class='ocr_line' id='line_1_9' title="bbox 2071 658 2577 730; baseline 0.008 -18"><span class='ocrx_word' id='word_1_40' title='bbox 2071 658 2281 730; x_wconf 78' lang='lat' dir='ltr'>regiam</span> <span class='ocrx_word' id='word_1_41' title='bbox 2312 658 2577 716; x_wconf 88' lang='lat' dir='ltr'>deduxit.</span> 
     </span>
    </p>
   </div>
   <div class='ocr_carea' id='block_1_10' title="bbox 299 748 1273 826">
    <p class='ocr_par' dir='ltr' id='par_1_10' title="bbox 299 748 1273 826">
     <span class='ocr_line' id='line_1_10' title="bbox 299 748 1273 826; baseline -0.003 -19"><span class='ocrx_word' id='word_1_42' title='bbox 299 756 381 825; x_wconf 81' lang='grc' dir='ltr'>τῷ</span> <span class='ocrx_word' id='word_1_43' title='bbox 411 756 528 825; x_wconf 88' lang='grc' dir='ltr'>Θεῷ</span> <span class='ocrx_word' id='word_1_44' title='bbox 560 752 637 813; x_wconf 67' lang='grc' dir='ltr'>εἷς</span> <span class='ocrx_word' id='word_1_45' title='bbox 672 748 927 825; x_wconf 86' lang='grc' dir='ltr'>βασίλεια</span> <span class='ocrx_word' id='word_1_46' title='bbox 958 748 1273 826; x_wconf 75' lang='grc' dir='ltr'>εἰσήγαγον.</span> 
     </span>
    </p>
   </div>
   <div class='ocr_carea' id='block_1_11' title="bbox 376 833 1956 914">
    <p class='ocr_par' dir='ltr' id='par_1_11' title="bbox 376 833 1956 914">
     <span class='ocr_line' id='line_1_11' title="bbox 376 833 1956 914; baseline -0.003 -19"><span class='ocrx_word' id='word_1_47' title='bbox 376 844 471 914; x_wconf 79' lang='grc' dir='ltr'>Τῷ</span> <span class='ocrx_word' id='word_1_48' title='bbox 502 843 564 895; x_wconf 79' lang='grc' dir='ltr'>ιϐ’</span> <span class='ocrx_word' id='word_1_49' title='bbox 595 838 700 896; x_wconf 83' lang='grc' dir='ltr'><strong>ἔτει</strong></span> <span class='ocrx_word' id='word_1_50' title='bbox 732 835 845 913; x_wconf 81' lang='grc' dir='ltr'>ἅμα</span> <span class='ocrx_word' id='word_1_51' title='bbox 875 833 991 913; x_wconf 82' lang='grc' dir='ltr'>ἔαρι</span> <span class='ocrx_word' id='word_1_52' title='bbox 1036 837 1245 913; x_wconf 83' lang='grc' dir='ltr'>ἀπάρας</span> <span class='ocrx_word' id='word_1_53' title='bbox 1278 838 1306 892; x_wconf 92' lang='lat'>6</span> <span class='ocrx_word' id='word_1_54' title='bbox 1341 836 1597 911; x_wconf 75' lang='grc' dir='ltr'>βασιλεὺς</span> <span class='ocrx_word' id='word_1_55' title='bbox 1648 845 1747 907; x_wconf 78' lang='grc' dir='ltr'>τῆς</span> <span class='ocrx_word' id='word_1_56' title='bbox 1798 839 1956 909; x_wconf 81' lang='grc' dir='ltr'>βασι-</span> 
     </span>
    </p>
   </div>
   <div class='ocr_carea' id='block_1_12' title="bbox 2127 839 3714 914">
    <p class='ocr_par' dir='ltr' id='par_1_12' title="bbox 2127 839 3714 914">
     <span class='ocr_line' id='line_1_12' title="bbox 2127 839 3714 914; baseline 0.004 -23"><span class='ocrx_word' id='word_1_57' title='bbox 2127 839 2298 892; x_wconf 82' lang='lat' dir='ltr'>Anno</span> <span class='ocrx_word' id='word_1_58' title='bbox 2323 839 2386 892; x_wconf 85' lang='grc'>19</span> <span class='ocrx_word' id='word_1_59' title='bbox 2417 853 2548 892; x_wconf 82' lang='lat' dir='ltr'>vere</span> <span class='ocrx_word' id='word_1_60' title='bbox 2580 854 2713 891; x_wconf 83' lang='lat' dir='ltr'><strong>vere</strong></span> <span class='ocrx_word' id='word_1_61' title='bbox 2731 839 2973 894; x_wconf 79' lang='lat' dir='ltr'>ineunte</span> <span class='ocrx_word' id='word_1_62' title='bbox 2996 840 3298 896; x_wconf 85' lang='lat' dir='ltr'>Heraclius</span> <span class='ocrx_word' id='word_1_63' title='bbox 3319 842 3714 914; x_wconf 86' lang='lat' dir='ltr'>Hierosolyma</span> 
     </span>
    </p>
   </div>
   <div class='ocr_carea' id='block_1_13' title="bbox 299 925 1959 1004">
    <p class='ocr_par' dir='ltr' id='par_1_13' title="bbox 299 926 1956 1004">
     <span class='ocr_line' id='line_1_13' title="bbox 299 926 1956 1004; baseline -0.004 -18"><span class='ocrx_word' id='word_1_64' title='bbox 299 929 456 993; x_wconf 89' lang='grc' dir='ltr'>λίδος</span> <span class='ocrx_word' id='word_1_65' title='bbox 487 929 573 985; x_wconf 81' lang='grc' dir='ltr'>ἐπὶ</span> <span class='ocrx_word' id='word_1_66' title='bbox 608 930 675 985; x_wconf 73' lang='grc' dir='ltr'>τὰ</span> <span class='ocrx_word' id='word_1_67' title='bbox 709 926 1064 1004; x_wconf 86' lang='grc' dir='ltr'>Ἱεροσόλυμα</span> <span class='ocrx_word' id='word_1_68' title='bbox 1112 927 1404 1004; x_wconf 82' lang='grc' dir='ltr'>ἐπορεύθη,</span> <span class='ocrx_word' id='word_1_69' title='bbox 1454 926 1546 981; x_wconf 87' lang='grc' dir='ltr'>καὶ</span> <span class='ocrx_word' id='word_1_70' title='bbox 1596 926 1844 1003; x_wconf 81' lang='grc' dir='ltr'>ἀπήγαγε</span> <span class='ocrx_word' id='word_1_71' title='bbox 1888 926 1956 982; x_wconf 84' lang='grc' dir='ltr'>τὰ</span> 
     </span>
    </p>
   </div>
   <div class='ocr_carea' id='block_1_14' title="bbox 2071 925 3718 1004">
    <p class='ocr_par' dir='ltr' id='par_1_14' title="bbox 2071 925 3718 997">
     <span class='ocr_line' id='line_1_14' title="bbox 2071 925 3718 997; baseline 0.002 -16"><span class='ocrx_word' id='word_1_72' title='bbox 2071 926 2225 997; x_wconf 79' lang='lat' dir='ltr'>Cpoli</span> <span class='ocrx_word' id='word_1_73' title='bbox 2248 925 2664 997; x_wconf 82' lang='lat' dir='ltr'>proﬁciscitur,</span> <span class='ocrx_word' id='word_1_74' title='bbox 2694 931 2752 980; x_wconf 93' lang='lat' dir='ltr'>et</span> <span class='ocrx_word' id='word_1_75' title='bbox 2782 928 2976 981; x_wconf 90' lang='lat' dir='ltr'>avehit</span> <span class='ocrx_word' id='word_1_76' title='bbox 3003 928 3361 985; x_wconf 82' lang='lat' dir='ltr'>venerabilia</span> <span class='ocrx_word' id='word_1_77' title='bbox 3390 947 3458 985; x_wconf 92' lang='lat' dir='ltr'>ac</span> <span class='ocrx_word' id='word_1_78' title='bbox 3488 930 3718 986; x_wconf 83' lang='lat' dir='ltr'>viviﬁca</span> 
     </span>
    </p>
   </div>
   <div class='ocr_carea' id='block_1_15' title="bbox 302 1013 1956 1093">
    <p class='ocr_par' dir='ltr' id='par_1_15' title="bbox 302 1013 1956 1093">
     <span class='ocr_line' id='line_1_15' title="bbox 302 1013 1956 1093; baseline -0.003 -17"><span class='ocrx_word' id='word_1_79' title='bbox 302 1020 464 1093; x_wconf 88' lang='grc' dir='ltr'>τίμια</span> <span class='ocrx_word' id='word_1_80' title='bbox 492 1019 582 1074; x_wconf 75' lang='grc' dir='ltr'>καὶ</span> <span class='ocrx_word' id='word_1_81' title='bbox 617 1018 861 1088; x_wconf 83' lang='grc' dir='ltr'>ζωοποιᾶ</span> <span class='ocrx_word' id='word_1_82' title='bbox 891 1017 1047 1089; x_wconf 83' lang='grc' dir='ltr'>ξύλα,</span> <span class='ocrx_word' id='word_1_83' title='bbox 1097 1017 1187 1072; x_wconf 83' lang='grc' dir='ltr'>καὶ</span> <span class='ocrx_word' id='word_1_84' title='bbox 1245 1013 1486 1078; x_wconf 78' lang='grc' dir='ltr'>ἀποδοὺς</span> <span class='ocrx_word' id='word_1_85' title='bbox 1545 1020 1625 1089; x_wconf 81' lang='grc' dir='ltr'>τῷ</span> <span class='ocrx_word' id='word_1_86' title='bbox 1681 1021 1797 1089; x_wconf 86' lang='grc' dir='ltr'>Θεῷ</span> <span class='ocrx_word' id='word_1_87' title='bbox 1855 1017 1956 1085; x_wconf 74' lang='grc' dir='ltr'>τὴν</span> 
     </span>
    </p>
   </div>
   <div class='ocr_carea' id='block_1_16' title="bbox 300 1105 1957 1188">
    <p class='ocr_par' dir='ltr' id='par_1_16' title="bbox 300 1105 1957 1188">
     <span class='ocr_line' id='line_1_16' title="bbox 300 1105 1957 1188; baseline -0.003 -24"><span class='ocrx_word' id='word_1_88' title='bbox 300 1106 657 1188; x_wconf 73' lang='grc' dir='ltr'>εὐχαριστίαν</span> <span class='ocrx_word' id='word_1_89' title='bbox 715 1105 1121 1175; x_wconf 76' lang='grc' dir='ltr'>ἀποκατέστησε</span> <span class='ocrx_word' id='word_1_90' title='bbox 1183 1105 1278 1161; x_wconf 86' lang='grc' dir='ltr'>τὸν</span> <span class='ocrx_word' id='word_1_91' title='bbox 1340 1107 1688 1181; x_wconf 87' lang='grc' dir='ltr'>πατριάρχην</span> <span class='ocrx_word' id='word_1_92' title='bbox 1776 1112 1957 1183; x_wconf 86' lang='grc' dir='ltr'>Ζαχα-</span> 
     </span>
    </p>
   </div>
   <div class='ocr_carea' id='block_1_17' title="bbox 311 1190 1962 1274">
    <p class='ocr_par' dir='ltr' id='par_1_17' title="bbox 311 1190 1962 1274">
     <span class='ocr_line' id='line_1_17' title="bbox 311 1190 1962 1274; baseline -0.003 -21"><span class='ocrx_word' id='word_1_93' title='bbox 311 1198 447 1274; x_wconf 88' lang='grc' dir='ltr'>ρίαν.</span> <span class='ocrx_word' id='word_1_94' title='bbox 483 1198 766 1267; x_wconf 65' lang='grc' dir='ltr'>Ἀπήλασε</span> <span class='ocrx_word' id='word_1_95' title='bbox 824 1192 881 1250; x_wconf 75' lang='grc' dir='ltr'>δὲ</span> <span class='ocrx_word' id='word_1_96' title='bbox 913 1197 1113 1257; x_wconf 74' lang='grc' dir='ltr'>πάντας</span> <span class='ocrx_word' id='word_1_97' title='bbox 1161 1195 1289 1256; x_wconf 86' lang='grc' dir='ltr'>τοὺς</span> <span class='ocrx_word' id='word_1_98' title='bbox 1334 1190 1621 1270; x_wconf 77' lang='grc' dir='ltr'>Ἐϐραίους</span> <span class='ocrx_word' id='word_1_99' title='bbox 1664 1200 1763 1264; x_wconf 82' lang='grc' dir='ltr'>τῆς</span> <span class='ocrx_word' id='word_1_100' title='bbox 1808 1194 1962 1269; x_wconf 82' lang='grc' dir='ltr'>ἁγίας</span> 
     </span>
    </p>
   </div>
   <div class='ocr_carea' id='block_1_18' title="bbox 298 1281 1958 1364">
    <p class='ocr_par' dir='ltr' id='par_1_18' title="bbox 298 1281 1958 1364">
     <span class='ocr_line' id='line_1_18' title="bbox 298 1281 1958 1364; baseline -0.004 -21"><span class='ocrx_word' id='word_1_101' title='bbox 298 1285 540 1358; x_wconf 88' lang='grc' dir='ltr'>πόλεως,</span> <span class='ocrx_word' id='word_1_102' title='bbox 572 1287 758 1362; x_wconf 82' lang='grc' dir='ltr'>ὁρίσας</span> <span class='ocrx_word' id='word_1_103' title='bbox 799 1287 876 1359; x_wconf 80' lang='grc' dir='ltr'>μή</span> <span class='ocrx_word' id='word_1_104' title='bbox 909 1283 1057 1364; x_wconf 87' lang='grc' dir='ltr'>ἔχειν</span> <span class='ocrx_word' id='word_1_105' title='bbox 1088 1282 1286 1342; x_wconf 69' lang='grc' dir='ltr'>αὐτοὺς</span> <span class='ocrx_word' id='word_1_106' title='bbox 1337 1281 1578 1353; x_wconf 75' lang='grc' dir='ltr'>ἐξουσίαν</span> <span class='ocrx_word' id='word_1_107' title='bbox 1627 1283 1734 1339; x_wconf 85' lang='grc' dir='ltr'>άπὸ</span> <span class='ocrx_word' id='word_1_108' title='bbox 1788 1288 1958 1357; x_wconf 85' lang='grc' dir='ltr'>τριῶν</span> 
     </span>
    </p>
   </div>
   <div class='ocr_carea' id='block_1_19' title="bbox 304 1367 1960 1453">
    <p class='ocr_par' dir='ltr' id='par_1_19' title="bbox 304 1367 1960 1453">
     <span class='ocr_line' id='line_1_19' title="bbox 304 1367 1960 1453; baseline -0.002 -22"><span class='ocrx_word' id='word_1_109' title='bbox 304 1375 511 1453; x_wconf 83' lang='grc' dir='ltr'>μιλίων</span> <span class='ocrx_word' id='word_1_110' title='bbox 544 1374 889 1446; x_wconf 86' lang='grc' dir='ltr'>πλησιάζειν.</span> <span class='ocrx_word' id='word_1_111' title='bbox 922 1376 1035 1443; x_wconf 83' lang='grc' dir='ltr'>Τήν</span> <span class='ocrx_word' id='word_1_112' title='bbox 1068 1371 1292 1429; x_wconf 77' lang='grc' dir='ltr'>’Ἐδεσαν</span> <span class='ocrx_word' id='word_1_113' title='bbox 1343 1370 1400 1427; x_wconf 74' lang='grc' dir='ltr'>δὲ</span> <span class='ocrx_word' id='word_1_114' title='bbox 1452 1367 1777 1428; x_wconf 75' lang='grc' dir='ltr'>καταλαϐὼν</span> <span class='ocrx_word' id='word_1_115' title='bbox 1828 1373 1960 1427; x_wconf 82' lang='grc' dir='ltr'>ἀπο-</span> 
     </span>
    </p>
   </div>
   <div class='ocr_carea' id='block_1_20' title="bbox 298 1461 1961 1538">
    <p class='ocr_par' dir='ltr' id='par_1_20' title="bbox 298 1461 1961 1538">
     <span class='ocr_line' id='line_1_20' title="bbox 298 1461 1961 1538; baseline -0.003 -17"><span class='ocrx_word' id='word_1_116' title='bbox 298 1463 499 1521; x_wconf 77' lang='grc' dir='ltr'>δέδωκε</span> <span class='ocrx_word' id='word_1_117' title='bbox 527 1465 628 1534; x_wconf 77' lang='grc' dir='ltr'>τὴν</span> <span class='ocrx_word' id='word_1_118' title='bbox 660 1463 953 1535; x_wconf 79' lang='grc' dir='ltr'>ἐκκλησίαν</span> <span class='ocrx_word' id='word_1_119' title='bbox 1001 1468 1120 1525; x_wconf 84' lang='grc' dir='ltr'>τοῖς</span> <span class='ocrx_word' id='word_1_120' title='bbox 1152 1461 1489 1537; x_wconf 79' lang='grc' dir='ltr'>όρθόδοξοις,</span> <span class='ocrx_word' id='word_1_121' title='bbox 1528 1462 1631 1518; x_wconf 83' lang='grc' dir='ltr'>ὑπὸ</span> <span class='ocrx_word' id='word_1_122' title='bbox 1661 1468 1961 1538; x_wconf 84' lang='grc' dir='ltr'>Νεστορια-</span> 
     </span>
    </p>
   </div>
   <div class='ocr_carea' id='block_1_21' title="bbox 308 1550 1961 1629">
    <p class='ocr_par' dir='ltr' id='par_1_21' title="bbox 308 1550 1961 1629">
     <span class='ocr_line' id='line_1_21' title="bbox 308 1550 1961 1629; baseline -0.002 -19"><span class='ocrx_word' id='word_1_123' title='bbox 308 1560 416 1610; x_wconf 82' lang='grc' dir='ltr'>νῶν</span> <span class='ocrx_word' id='word_1_124' title='bbox 444 1553 827 1629; x_wconf 77' lang='grc' dir='ltr'>κατεχομένην</span> <span class='ocrx_word' id='word_1_125' title='bbox 856 1552 963 1608; x_wconf 82' lang='grc' dir='ltr'>ἀπὸ</span> <span class='ocrx_word' id='word_1_126' title='bbox 1013 1551 1283 1628; x_wconf 88' lang='grc' dir='ltr'>Χοσρόου.</span> <span class='ocrx_word' id='word_1_127' title='bbox 1337 1550 1554 1608; x_wconf 82' lang='grc' dir='ltr'>Ἐλθὼν</span> <span class='ocrx_word' id='word_1_128' title='bbox 1605 1552 1698 1606; x_wconf 84' lang='grc' dir='ltr'>οὗν</span> <span class='ocrx_word' id='word_1_129' title='bbox 1740 1551 1816 1614; x_wconf 81' lang='grc' dir='ltr'>είς</span> <span class='ocrx_word' id='word_1_130' title='bbox 1864 1552 1961 1608; x_wconf 85' lang='grc' dir='ltr'>Ἱε-</span> 
     </span>
    </p>
   </div>
   <div class='ocr_carea' id='block_1_22' title="bbox 310 1641 1963 1719">
    <p class='ocr_par' dir='ltr' id='par_1_22' title="bbox 310 1641 1963 1719">
     <span class='ocr_line' id='line_1_22' title="bbox 310 1641 1963 1719; baseline -0.003 -19"><span class='ocrx_word' id='word_1_131' title='bbox 310 1642 543 1719; x_wconf 86' lang='grc' dir='ltr'>ράπολιν</span> <span class='ocrx_word' id='word_1_132' title='bbox 574 1645 802 1714; x_wconf 73' lang='grc' dir='ltr'>ἤκουσεν</span> <span class='ocrx_word' id='word_1_133' title='bbox 862 1643 947 1696; x_wconf 81' lang='grc' dir='ltr'>’ὁτι</span> <span class='ocrx_word' id='word_1_134' title='bbox 1002 1642 1208 1716; x_wconf 89' lang='grc' dir='ltr'>Σιρόης</span> <span class='ocrx_word' id='word_1_135' title='bbox 1249 1641 1498 1711; x_wconf 76' lang='grc' dir='ltr'>τέθνηκεν</span> <span class='ocrx_word' id='word_1_136' title='bbox 1528 1642 1557 1696; x_wconf 97' lang='lat'>6</span> <span class='ocrx_word' id='word_1_137' title='bbox 1585 1646 1693 1695; x_wconf 79' lang='grc' dir='ltr'>τῶν</span> <span class='ocrx_word' id='word_1_138' title='bbox 1746 1645 1963 1716; x_wconf 80' lang='grc' dir='ltr'>Περσῶν</span> 
     </span>
    </p>
   </div>
   <div class='ocr_carea' id='block_1_23' title="bbox 306 1728 1964 1809">
    <p class='ocr_par' dir='ltr' id='par_1_23' title="bbox 306 1728 1964 1809">
     <span class='ocr_line' id='line_1_23' title="bbox 306 1728 1964 1809; baseline -0.002 -21"><span class='ocrx_word' id='word_1_139' title='bbox 306 1732 586 1809; x_wconf 81' lang='grc' dir='ltr'>βασιλεὺς,</span> <span class='ocrx_word' id='word_1_140' title='bbox 627 1732 716 1787; x_wconf 80' lang='grc' dir='ltr'>καὶ</span> <span class='ocrx_word' id='word_1_141' title='bbox 768 1730 1059 1807; x_wconf 75' lang='grc' dir='ltr'>ἐκράτησεν</span> <span class='ocrx_word' id='word_1_142' title='bbox 1127 1728 1360 1804; x_wconf 79' lang='grc' dir='ltr'>Ἀδεσήρ</span> <span class='ocrx_word' id='word_1_143' title='bbox 1393 1731 1420 1785; x_wconf 91' lang='grc' dir='ltr'>ὁ</span> <span class='ocrx_word' id='word_1_144' title='bbox 1450 1731 1647 1785; x_wconf 88' lang='grc' dir='ltr'>τούτου</span> <span class='ocrx_word' id='word_1_145' title='bbox 1699 1730 1816 1785; x_wconf 63' lang='grc' dir='ltr'>υἱὸς·</span> <span class='ocrx_word' id='word_1_146' title='bbox 1854 1737 1964 1804; x_wconf 86' lang='grc' dir='ltr'>μῆ-</span> 
     </span>
    </p>
   </div>
   <div class='ocr_carea' id='block_1_24' title="bbox 295 1819 2029 1922">
    <p class='ocr_par' dir='ltr' id='par_1_24' title="bbox 295 1819 2029 1922">
     <span class='ocr_line' id='line_1_24' title="bbox 295 1819 2029 1922; baseline 0.02 -53"><span class='ocrx_word' id='word_1_147' title='bbox 295 1843 393 1887; x_wconf 82' lang='grc' dir='ltr'>νας</span> <span class='ocrx_word' id='word_1_148' title='bbox 425 1827 485 1891; x_wconf 86' lang='grc' dir='ltr'>ζ“,</span> <span class='ocrx_word' id='word_1_149' title='bbox 518 1822 577 1877; x_wconf 88' lang='grc' dir='ltr'>’ὀν</span> <span class='ocrx_word' id='word_1_150' title='bbox 606 1823 693 1877; x_wconf 86' lang='grc' dir='ltr'>καὶ</span> <span class='ocrx_word' id='word_1_151' title='bbox 727 1821 936 1894; x_wconf 82' lang='grc' dir='ltr'>ἀναιρεῖ</span> <span class='ocrx_word' id='word_1_152' title='bbox 994 1824 1234 1895; x_wconf 84' lang='grc' dir='ltr'>Βαραζᾶς</span> <span class='ocrx_word' id='word_1_153' title='bbox 1297 1819 1624 1895; x_wconf 62' lang='grc' dir='ltr'>βασιλεύσας</span> <span class='ocrx_word' id='word_1_154' title='bbox 1675 1826 1847 1893; x_wconf 61' lang='grc' dir='ltr'>μῆνας</span> <span class='ocrx_word' id='word_1_155' title='bbox 1879 1821 1952 1890; x_wconf 68' lang='grc' dir='ltr'>⁷ι”</span> <span class='ocrx_word' id='word_1_156' title='bbox 1982 1857 2029 1922; x_wconf 81' lang='grc' dir='ltr'><strong>Β</strong></span> 
     </span>
    </p>
   </div>
   <div class='ocr_carea' id='block_1_25' title="bbox 297 1907 1951 1985">
    <p class='ocr_par' dir='ltr' id='par_1_25' title="bbox 297 1907 1951 1985">
     <span class='ocr_line' id='line_1_25' title="bbox 297 1907 1951 1985; baseline -0.003 -17"><span class='ocrx_word' id='word_1_157' title='bbox 297 1911 503 1968; x_wconf 71' lang='grc' dir='ltr'>Τοῦτον</span> <span class='ocrx_word' id='word_1_158' title='bbox 535 1909 593 1965; x_wconf 73' lang='grc' dir='ltr'>δὲ</span> <span class='ocrx_word' id='word_1_159' title='bbox 622 1909 896 1972; x_wconf 80' lang='grc' dir='ltr'>ἀνελόντες</span> <span class='ocrx_word' id='word_1_160' title='bbox 927 1911 978 1964; x_wconf 77' lang='grc' dir='ltr'>οἱ</span> <span class='ocrx_word' id='word_1_161' title='bbox 1019 1908 1222 1985; x_wconf 83' lang='grc' dir='ltr'>Πέρσαι</span> <span class='ocrx_word' id='word_1_162' title='bbox 1251 1910 1350 1978; x_wconf 80' lang='grc' dir='ltr'>τήν</span> <span class='ocrx_word' id='word_1_163' title='bbox 1389 1907 1657 1985; x_wconf 75' lang='grc' dir='ltr'>θυγατέρα</span> <span class='ocrx_word' id='word_1_164' title='bbox 1707 1908 1951 1985; x_wconf 86' lang='grc' dir='ltr'>Χοσρόου</span> 
     </span>
    </p>
   </div>
   <div class='ocr_carea' id='block_1_26' title="bbox 303 1994 1957 2075">
    <p class='ocr_par' dir='ltr' id='par_1_26' title="bbox 303 1994 1957 2075">
     <span class='ocr_line' id='line_1_26' title="bbox 303 1994 1957 2075; baseline -0.002 -19"><span class='ocrx_word' id='word_1_165' title='bbox 303 2000 500 2075; x_wconf 76' lang='grc' dir='ltr'>Βαρᾶμ</span> <span class='ocrx_word' id='word_1_166' title='bbox 532 2003 821 2054; x_wconf 84' lang='grc' dir='ltr'>συνιστῶσι</span> <span class='ocrx_word' id='word_1_167' title='bbox 857 1994 1138 2073; x_wconf 81' lang='grc' dir='ltr'>βασιλίδα,</span> <span class='ocrx_word' id='word_1_168' title='bbox 1169 1997 1291 2067; x_wconf 74' lang='grc' dir='ltr'>ἣτις</span> <span class='ocrx_word' id='word_1_169' title='bbox 1353 1998 1444 2053; x_wconf 86' lang='grc' dir='ltr'>καὶ</span> <span class='ocrx_word' id='word_1_170' title='bbox 1477 1997 1738 2074; x_wconf 80' lang='grc' dir='ltr'>ἐκράτησε</span> <span class='ocrx_word' id='word_1_171' title='bbox 1780 2005 1957 2072; x_wconf 80' lang='grc' dir='ltr'>μῆνας</span> 
     </span>
    </p>
   </div>
   <div class='ocr_carea' id='block_1_27' title="bbox 305 2085 1957 2168">
    <p class='ocr_par' dir='ltr' id='par_1_27' title="bbox 305 2085 1957 2168">
     <span class='ocr_line' id='line_1_27' title="bbox 305 2085 1957 2168; baseline -0.001 -22"><span class='ocrx_word' id='word_1_172' title='bbox 305 2091 347 2159; x_wconf 74' lang='grc' dir='ltr'>ζ’</span> <span class='ocrx_word' id='word_1_173' title='bbox 376 2090 464 2145; x_wconf 79' lang='grc' dir='ltr'>καὶ</span> <span class='ocrx_word' id='word_1_174' title='bbox 497 2087 806 2168; x_wconf 79' lang='grc' dir='ltr'>διαδέχεται</span> <span class='ocrx_word' id='word_1_175' title='bbox 838 2089 986 2162; x_wconf 80' lang='grc' dir='ltr'>παρὰ</span> <span class='ocrx_word' id='word_1_176' title='bbox 1021 2085 1307 2164; x_wconf 88' lang='grc' dir='ltr'>Ὁρμίσδα,</span> <span class='ocrx_word' id='word_1_177' title='bbox 1367 2088 1575 2144; x_wconf 77' lang='grc' dir='ltr'>Τούτου</span> <span class='ocrx_word' id='word_1_178' title='bbox 1625 2088 1729 2143; x_wconf 82' lang='grc' dir='ltr'>ὑπὸ</span> <span class='ocrx_word' id='word_1_179' title='bbox 1779 2094 1957 2163; x_wconf 83' lang='grc' dir='ltr'>Σαρα-</span> 
     </span>
    </p>
   </div>
   <div class='ocr_carea' id='block_1_28' title="bbox 306 2174 1956 2253">
    <p class='ocr_par' dir='ltr' id='par_1_28' title="bbox 306 2174 1956 2253">
     <span class='ocr_line' id='line_1_28' title="bbox 306 2174 1956 2253; baseline -0.002 -19"><span class='ocrx_word' id='word_1_180' title='bbox 306 2183 489 2250; x_wconf 82' lang='grc' dir='ltr'>κηνῶν</span> <span class='ocrx_word' id='word_1_181' title='bbox 543 2175 869 2253; x_wconf 83' lang='grc' dir='ltr'>διωχθέντος</span> <span class='ocrx_word' id='word_1_182' title='bbox 921 2176 1124 2253; x_wconf 89' lang='grc' dir='ltr'>γίνεται</span> <span class='ocrx_word' id='word_1_183' title='bbox 1174 2177 1210 2246; x_wconf 82' lang='grc' dir='ltr'><strong>ἡ</strong></span> <span class='ocrx_word' id='word_1_184' title='bbox 1264 2174 1516 2251; x_wconf 87' lang='grc' dir='ltr'>βασιλεία</span> <span class='ocrx_word' id='word_1_185' title='bbox 1570 2182 1678 2232; x_wconf 82' lang='grc' dir='ltr'>τῶν</span> <span class='ocrx_word' id='word_1_186' title='bbox 1740 2180 1956 2253; x_wconf 81' lang='grc' dir='ltr'>Περσῶν</span> 
     </span>
    </p>
   </div>
   <div class='ocr_carea' id='block_1_29' title="bbox 305 2262 1465 2344">
    <p class='ocr_par' dir='ltr' id='par_1_29' title="bbox 305 2262 1465 2344">
     <span class='ocr_line' id='line_1_29' title="bbox 305 2262 1465 2344; baseline -0.003 -20"><span class='ocrx_word' id='word_1_187' title='bbox 305 2268 410 2324; x_wconf 81' lang='grc' dir='ltr'>ὑπὸ</span> <span class='ocrx_word' id='word_1_188' title='bbox 440 2269 569 2330; x_wconf 74' lang='grc' dir='ltr'>τοὺς</span> <span class='ocrx_word' id='word_1_189' title='bbox 601 2262 841 2344; x_wconf 76' lang='grc' dir='ltr'>’Ἄραϐας</span> <span class='ocrx_word' id='word_1_190' title='bbox 877 2264 1045 2343; x_wconf 81' lang='grc' dir='ltr'>μέχρι</span> <span class='ocrx_word' id='word_1_191' title='bbox 1073 2272 1173 2335; x_wconf 86' lang='grc' dir='ltr'>τῆς</span> <span class='ocrx_word' id='word_1_192' title='bbox 1205 2267 1465 2342; x_wconf 82' lang='grc' dir='ltr'>σήμερον.</span> 
     </span>
    </p>
   </div>
   <div class='ocr_carea' id='block_1_30' title="bbox 376 2350 1956 2431">
    <p class='ocr_par' dir='ltr' id='par_1_30' title="bbox 376 2350 1956 2431">
     <span class='ocr_line' id='line_1_30' title="bbox 376 2350 1956 2431; baseline -0.003 -18"><span class='ocrx_word' id='word_1_193' title='bbox 376 2358 472 2429; x_wconf 79' lang='grc' dir='ltr'>Τῷ</span> <span class='ocrx_word' id='word_1_194' title='bbox 505 2357 552 2412; x_wconf 89' lang='grc' dir='ltr'>κ’</span> <span class='ocrx_word' id='word_1_195' title='bbox 609 2350 738 2427; x_wconf 82' lang='grc' dir='ltr'>ἔτει,</span> <span class='ocrx_word' id='word_1_196' title='bbox 798 2351 954 2420; x_wconf 81' lang='grc' dir='ltr'>ὄντος</span> <span class='ocrx_word' id='word_1_197' title='bbox 1007 2354 1333 2429; x_wconf 87' lang='grc' dir='ltr'>Ἡρακλείου</span> <span class='ocrx_word' id='word_1_198' title='bbox 1386 2353 1438 2409; x_wconf 78' lang='grc' dir='ltr'>ἐν</span> <span class='ocrx_word' id='word_1_199' title='bbox 1489 2353 1811 2431; x_wconf 86' lang='grc' dir='ltr'>Ἱεραπόλει,</span> <span class='ocrx_word' id='word_1_200' title='bbox 1867 2351 1956 2430; x_wconf 83' lang='grc' dir='ltr'>ἔρ-</span> 
     </span>
    </p>
   </div>
   <div class='ocr_carea' id='block_1_31' title="bbox 303 2442 1957 2523">
    <p class='ocr_par' dir='ltr' id='par_1_31' title="bbox 303 2442 1957 2523">
     <span class='ocr_line' id='line_1_31' title="bbox 303 2442 1957 2523; baseline -0.002 -21"><span class='ocrx_word' id='word_1_201' title='bbox 303 2466 463 2523; x_wconf 86' lang='grc' dir='ltr'>χεται</span> <span class='ocrx_word' id='word_1_202' title='bbox 512 2446 651 2522; x_wconf 81' lang='grc' dir='ltr'>πρὸς</span> <span class='ocrx_word' id='word_1_203' title='bbox 697 2443 858 2500; x_wconf 81' lang='grc' dir='ltr'>αὐτὸν</span> <span class='ocrx_word' id='word_1_204' title='bbox 894 2445 1214 2508; x_wconf 79' lang='grc' dir='ltr'>’Δθανάσιος</span> <span class='ocrx_word' id='word_1_205' title='bbox 1247 2445 1275 2498; x_wconf 88' lang='lat'>6</span> <span class='ocrx_word' id='word_1_206' title='bbox 1306 2442 1654 2519; x_wconf 83' lang='grc' dir='ltr'>πατριάρχης</span> <span class='ocrx_word' id='word_1_207' title='bbox 1699 2447 1806 2499; x_wconf 80' lang='grc' dir='ltr'>τῶν</span> <span class='ocrx_word' id='word_1_208' title='bbox 1855 2445 1957 2501; x_wconf 87' lang='grc' dir='ltr'>Ἰα-</span> 
     </span>
    </p>
   </div>
   <div class='ocr_carea' id='block_1_32' title="bbox 300 2530 1955 2609">
    <p class='ocr_par' dir='ltr' id='par_1_32' title="bbox 300 2530 1955 2609">
     <span class='ocr_line' id='line_1_32' title="bbox 300 2530 1955 2609; baseline -0.001 -20"><span class='ocrx_word' id='word_1_209' title='bbox 300 2530 566 2590; x_wconf 76' lang='grc' dir='ltr'>κωϐιτῶν</span> <span class='ocrx_word' id='word_1_210' title='bbox 623 2537 756 2609; x_wconf 78' lang='grc'>(64),</span> <span class='ocrx_word' id='word_1_211' title='bbox 818 2531 991 2596; x_wconf 91' lang='grc' dir='ltr'>δεινὸς</span> <span class='ocrx_word' id='word_1_212' title='bbox 1045 2534 1183 2608; x_wconf 78' lang='grc' dir='ltr'>ἀνὴρ</span> <span class='ocrx_word' id='word_1_213' title='bbox 1239 2533 1328 2587; x_wconf 82' lang='grc' dir='ltr'>καὶ</span> <span class='ocrx_word' id='word_1_214' title='bbox 1381 2537 1683 2609; x_wconf 79' lang='grc' dir='ltr'>κακοῦργος</span> <span class='ocrx_word' id='word_1_215' title='bbox 1741 2537 1809 2607; x_wconf 79' lang='grc' dir='ltr'>τῇ</span> <span class='ocrx_word' id='word_1_216' title='bbox 1848 2538 1955 2588; x_wconf 83' lang='grc' dir='ltr'>τῶν</span> 
     </span>
    </p>
   </div>
   <div class='ocr_carea' id='block_1_33' title="bbox 309 2623 1958 2702">
    <p class='ocr_par' dir='ltr' id='par_1_33' title="bbox 309 2623 1958 2702">
     <span class='ocr_line' id='line_1_33' title="bbox 309 2623 1958 2702; baseline -0.001 -24"><span class='ocrx_word' id='word_1_217' title='bbox 309 2625 499 2698; x_wconf 87' lang='grc' dir='ltr'>Σύρων</span> <span class='ocrx_word' id='word_1_218' title='bbox 534 2623 756 2702; x_wconf 80' lang='grc' dir='ltr'>έμφύτῳ</span> <span class='ocrx_word' id='word_1_219' title='bbox 784 2623 1107 2699; x_wconf 80' lang='grc' dir='ltr'>πανουργίᾳ,</span> <span class='ocrx_word' id='word_1_220' title='bbox 1135 2623 1224 2678; x_wconf 86' lang='grc' dir='ltr'>καὶ</span> <span class='ocrx_word' id='word_1_221' title='bbox 1271 2628 1412 2678; x_wconf 86' lang='grc' dir='ltr'>κινεῖ</span> <span class='ocrx_word' id='word_1_222' title='bbox 1460 2624 1596 2698; x_wconf 90' lang='grc' dir='ltr'>πρὸς</span> <span class='ocrx_word' id='word_1_223' title='bbox 1653 2623 1742 2677; x_wconf 90' lang='grc' dir='ltr'>τὸν</span> <span class='ocrx_word' id='word_1_224' title='bbox 1803 2625 1958 2699; x_wconf 85' lang='grc' dir='ltr'>βασι-</span> 
     </span>
    </p>
   </div>
   <div class='ocr_carea' id='block_1_34' title="bbox 317 2708 1959 2788">
    <p class='ocr_par' dir='ltr' id='par_1_34' title="bbox 317 2708 1959 2788">
     <span class='ocr_line' id='line_1_34' title="bbox 317 2708 1959 2788; baseline 0.001 -22"><span class='ocrx_word' id='word_1_225' title='bbox 317 2708 420 2767; x_wconf 85' lang='grc' dir='ltr'>λέα</span> <span class='ocrx_word' id='word_1_226' title='bbox 472 2711 673 2788; x_wconf 85' lang='grc' dir='ltr'>λόγους</span> <span class='ocrx_word' id='word_1_227' title='bbox 725 2713 848 2787; x_wconf 85' lang='grc' dir='ltr'>περὶ</span> <span class='ocrx_word' id='word_1_228' title='bbox 915 2718 1173 2783; x_wconf 83' lang='grc' dir='ltr'>πῖστεως,</span> <span class='ocrx_word' id='word_1_229' title='bbox 1228 2711 1320 2766; x_wconf 89' lang='grc' dir='ltr'>καὶ</span> <span class='ocrx_word' id='word_1_230' title='bbox 1398 2713 1744 2787; x_wconf 83' lang='grc' dir='ltr'>ὑπισχνεῖται</span> <span class='ocrx_word' id='word_1_231' title='bbox 1810 2713 1959 2784; x_wconf 83' lang='grc' dir='ltr'>αὐτῷ</span> 
     </span>
    </p>
   </div>
   <div class='ocr_carea' id='block_1_35' title="bbox 306 2800 1955 2877">
    <p class='ocr_par' dir='ltr' id='par_1_35' title="bbox 306 2800 1955 2877">
     <span class='ocr_line' id='line_1_35' title="bbox 306 2800 1955 2877; baseline 0 -20"><span class='ocrx_word' id='word_1_232' title='bbox 306 2800 648 2877; x_wconf 81' lang='grc' dir='ltr'>Ἡράκλειος,</span> <span class='ocrx_word' id='word_1_233' title='bbox 680 2804 725 2858; x_wconf 84' lang='grc' dir='ltr'>εἰ</span> <span class='ocrx_word' id='word_1_234' title='bbox 752 2804 852 2873; x_wconf 75' lang='grc' dir='ltr'>τήν</span> <span class='ocrx_word' id='word_1_235' title='bbox 885 2802 938 2859; x_wconf 81' lang='grc' dir='ltr'>έν</span> <span class='ocrx_word' id='word_1_236' title='bbox 967 2800 1290 2874; x_wconf 85' lang='grc' dir='ltr'>Χαλκηδόνι</span> <span class='ocrx_word' id='word_1_237' title='bbox 1349 2800 1569 2858; x_wconf 85' lang='grc' dir='ltr'>σύνοδον</span> <span class='ocrx_word' id='word_1_238' title='bbox 1621 2800 1955 2874; x_wconf 70' lang='grc' dir='ltr'>ἀποδέξεται,</span> 
     </span>
    </p>
   </div>
   <div class='ocr_carea' id='block_1_36' title="bbox 308 2888 1958 2970">
    <p class='ocr_par' dir='ltr' id='par_1_36' title="bbox 308 2888 1958 2970">
     <span class='ocr_line' id='line_1_36' title="bbox 308 2888 1958 2970; baseline 0 -24"><span class='ocrx_word' id='word_1_239' title='bbox 308 2893 657 2970; x_wconf 89' lang='grc' dir='ltr'>πατριάρχην</span> <span class='ocrx_word' id='word_1_240' title='bbox 690 2891 851 2948; x_wconf 81' lang='grc' dir='ltr'>αὐτὸν</span> <span class='ocrx_word' id='word_1_241' title='bbox 882 2899 1111 2961; x_wconf 79' lang='grc' dir='ltr'>ποιῆσαι</span> <span class='ocrx_word' id='word_1_242' title='bbox 1144 2892 1508 2966; x_wconf 81' lang='grc' dir='ltr'>Ἀντιοχείας.</span> <span class='ocrx_word' id='word_1_243' title='bbox 1541 2892 1602 2950; x_wconf 86' lang='grc' dir='ltr'>Ὁ</span> <span class='ocrx_word' id='word_1_244' title='bbox 1633 2888 1691 2946; x_wconf 73' lang='grc' dir='ltr'>δὲ</span> <span class='ocrx_word' id='word_1_245' title='bbox 1732 2893 1958 2967; x_wconf 84' lang='grc' dir='ltr'>ὑποκρι-</span> 
     </span>
    </p>
   </div>
   <div class='ocr_carea' id='block_1_37' title="bbox 304 2978 1957 3058">
    <p class='ocr_par' dir='ltr' id='par_1_37' title="bbox 304 2978 1957 3058">
     <span class='ocr_line' id='line_1_37' title="bbox 304 2978 1957 3058; baseline 0 -23"><span class='ocrx_word' id='word_1_246' title='bbox 304 2981 415 3054; x_wconf 66' lang='lat' dir='ltr'>psic</span> <span class='ocrx_word' id='word_1_247' title='bbox 464 2978 677 3052; x_wconf 76' lang='grc' dir='ltr'>ἐδέξατο</span> <span class='ocrx_word' id='word_1_248' title='bbox 736 2984 834 3052; x_wconf 75' lang='grc' dir='ltr'>τὴν</span> <span class='ocrx_word' id='word_1_249' title='bbox 895 2978 1140 3049; x_wconf 77' lang='grc' dir='ltr'>σύνοδον,</span> <span class='ocrx_word' id='word_1_250' title='bbox 1198 2980 1556 3058; x_wconf 77' lang='grc' dir='ltr'>ὁμολογήσας</span> <span class='ocrx_word' id='word_1_251' title='bbox 1611 2981 1709 3043; x_wconf 85' lang='grc' dir='ltr'>τὰς</span> <span class='ocrx_word' id='word_1_252' title='bbox 1751 2979 1845 3035; x_wconf 84' lang='grc' dir='ltr'>δύο</span> <span class='ocrx_word' id='word_1_253' title='bbox 1903 2979 1957 3036; x_wconf 83' lang='grc' dir='ltr'>ἐν</span> 
     </span>
    </p>
   </div>
   <div class='ocr_carea' id='block_1_38' title="bbox 304 3068 1958 3148">
    <p class='ocr_par' dir='ltr' id='par_1_38' title="bbox 304 3068 1958 3148">
     <span class='ocr_line' id='line_1_38' title="bbox 304 3068 1958 3148; baseline 0 -22"><span class='ocrx_word' id='word_1_254' title='bbox 304 3073 527 3145; x_wconf 79' lang='grc' dir='ltr'>Χριστῷ</span> <span class='ocrx_word' id='word_1_255' title='bbox 578 3070 864 3145; x_wconf 73' lang='grc' dir='ltr'>ἡνωμένας</span> <span class='ocrx_word' id='word_1_256' title='bbox 904 3071 1106 3148; x_wconf 76' lang='grc' dir='ltr'>φύσεις·</span> <span class='ocrx_word' id='word_1_257' title='bbox 1166 3068 1415 3144; x_wconf 74' lang='grc' dir='ltr'>ἠρώιησέ</span> <span class='ocrx_word' id='word_1_258' title='bbox 1468 3091 1527 3125; x_wconf 91' lang='grc' dir='ltr'>τε</span> <span class='ocrx_word' id='word_1_259' title='bbox 1576 3071 1671 3126; x_wconf 85' lang='grc' dir='ltr'>τὸν</span> <span class='ocrx_word' id='word_1_260' title='bbox 1732 3068 1958 3146; x_wconf 87' lang='grc' dir='ltr'>βασιλέα</span> 
     </span>
    </p>
   </div>
   <div class='ocr_carea' id='block_1_39' title="bbox 302 3158 1958 3236">
    <p class='ocr_par' dir='ltr' id='par_1_39' title="bbox 302 3158 1958 3236">
     <span class='ocr_line' id='line_1_39' title="bbox 302 3158 1958 3236; baseline 0 -21"><span class='ocrx_word' id='word_1_261' title='bbox 302 3161 430 3236; x_wconf 84' lang='grc' dir='ltr'>περὶ</span> <span class='ocrx_word' id='word_1_262' title='bbox 486 3168 585 3231; x_wconf 82' lang='grc' dir='ltr'>τῆς</span> <span class='ocrx_word' id='word_1_263' title='bbox 644 3160 908 3235; x_wconf 83' lang='grc' dir='ltr'>ἐνεργείας</span> <span class='ocrx_word' id='word_1_264' title='bbox 966 3160 1057 3215; x_wconf 85' lang='grc' dir='ltr'>καὶ</span> <span class='ocrx_word' id='word_1_265' title='bbox 1118 3165 1227 3215; x_wconf 77' lang='grc' dir='ltr'>τῶν</span> <span class='ocrx_word' id='word_1_266' title='bbox 1287 3158 1642 3233; x_wconf 85' lang='grc' dir='ltr'>θελημάτων,</span> <span class='ocrx_word' id='word_1_267' title='bbox 1695 3165 1813 3222; x_wconf 78' lang='grc' dir='ltr'>πῶς</span> <span class='ocrx_word' id='word_1_268' title='bbox 1874 3158 1958 3215; x_wconf 86' lang='grc' dir='ltr'>δεῖ</span> 
     </span>
    </p>
   </div>
   <div class='ocr_carea' id='block_1_40' title="bbox 298 3247 1957 3327">
    <p class='ocr_par' dir='ltr' id='par_1_40' title="bbox 298 3247 1957 3327">
     <span class='ocr_line' id='line_1_40' title="bbox 298 3247 1957 3327; baseline 0.001 -22"><span class='ocrx_word' id='word_1_269' title='bbox 298 3251 498 3312; x_wconf 84' lang='grc' dir='ltr'>ταύτας</span> <span class='ocrx_word' id='word_1_270' title='bbox 542 3249 718 3327; x_wconf 83' lang='grc' dir='ltr'>λέγειν</span> <span class='ocrx_word' id='word_1_271' title='bbox 768 3252 819 3304; x_wconf 87' lang='grc' dir='ltr'>ἐν</span> <span class='ocrx_word' id='word_1_272' title='bbox 876 3251 1114 3323; x_wconf 80' lang='grc' dir='ltr'>Χριστῷ,</span> <span class='ocrx_word' id='word_1_273' title='bbox 1161 3247 1359 3311; x_wconf 81' lang='grc' dir='ltr'>διπλᾶς</span> <span class='ocrx_word' id='word_1_274' title='bbox 1389 3251 1423 3319; x_wconf 73' lang='grc' dir='ltr'><strong>ἢ</strong></span> <span class='ocrx_word' id='word_1_275' title='bbox 1461 3248 1778 3324; x_wconf 86' lang='grc' dir='ltr'>μοναδικάς.</span> <span class='ocrx_word' id='word_1_276' title='bbox 1808 3253 1868 3309; x_wconf 70' lang='grc' dir='ltr'><strong>Ὀ</strong></span> <span class='ocrx_word' id='word_1_277' title='bbox 1900 3249 1957 3307; x_wconf 77' lang='grc' dir='ltr'>δὲ</span> 
     </span>
    </p>
   </div>
   <div class='ocr_carea' id='block_1_41' title="bbox 297 3340 1955 3418">
    <p class='ocr_par' dir='ltr' id='par_1_41' title="bbox 297 3340 1955 3418">
     <span class='ocr_line' id='line_1_41' title="bbox 297 3340 1955 3418; baseline 0.001 -23"><span class='ocrx_word' id='word_1_278' title='bbox 297 3340 553 3416; x_wconf 80' lang='grc' dir='ltr'>βασιλεὺς</span> <span class='ocrx_word' id='word_1_279' title='bbox 583 3341 779 3418; x_wconf 80' lang='grc' dir='ltr'>γράφει</span> <span class='ocrx_word' id='word_1_280' title='bbox 820 3341 959 3415; x_wconf 81' lang='grc' dir='ltr'>πρὸς</span> <span class='ocrx_word' id='word_1_281' title='bbox 1015 3340 1240 3415; x_wconf 87' lang='grc' dir='ltr'>Σέργιον</span> <span class='ocrx_word' id='word_1_282' title='bbox 1290 3341 1382 3395; x_wconf 87' lang='grc' dir='ltr'>τὸν</span> <span class='ocrx_word' id='word_1_283' title='bbox 1440 3342 1955 3397; x_wconf 88' lang='grc' dir='ltr'>Κωνσταντινουπό-</span> 
     </span>
    </p>
   </div>
   <div class='ocr_carea' id='block_1_42' title="bbox 295 3427 1955 3512">
    <p class='ocr_par' dir='ltr' id='par_1_42' title="bbox 295 3427 1955 3512">
     <span class='ocr_line' id='line_1_42' title="bbox 295 3427 1955 3512; baseline 0.002 -28"><span class='ocrx_word' id='word_1_284' title='bbox 295 3427 460 3498; x_wconf 92' lang='grc' dir='ltr'>λεως,</span> <span class='ocrx_word' id='word_1_285' title='bbox 501 3433 894 3506; x_wconf 85' lang='grc' dir='ltr'>προσκαλεῖται</span> <span class='ocrx_word' id='word_1_286' title='bbox 924 3427 982 3484; x_wconf 71' lang='grc' dir='ltr'>δὲ</span> <span class='ocrx_word' id='word_1_287' title='bbox 1029 3428 1117 3484; x_wconf 83' lang='grc' dir='ltr'>καὶ</span> <span class='ocrx_word' id='word_1_288' title='bbox 1152 3430 1330 3503; x_wconf 85' lang='grc' dir='ltr'>Κύρον</span> <span class='ocrx_word' id='word_1_289' title='bbox 1381 3430 1473 3484; x_wconf 84' lang='grc' dir='ltr'>τὸν</span> <span class='ocrx_word' id='word_1_290' title='bbox 1526 3427 1766 3495; x_wconf 81' lang='grc' dir='ltr'>Φάσιδος</span> <span class='ocrx_word' id='word_1_291' title='bbox 1819 3431 1955 3512; x_wconf 68' lang='grc'>(65),</span> 
     </span>
    </p>
   </div>
   <div class='ocr_carea' id='block_1_43' title="bbox 294 3516 1956 3595">
    <p class='ocr_par' dir='ltr' id='par_1_43' title="bbox 294 3516 1956 3595">
     <span class='ocr_line' id='line_1_43' title="bbox 294 3516 1956 3595; baseline -0.001 -19"><span class='ocrx_word' id='word_1_292' title='bbox 294 3518 713 3589; x_wconf 75' lang='grc' dir='ltr'>Μονοθελήταις</span> <span class='ocrx_word' id='word_1_293' title='bbox 768 3518 1103 3595; x_wconf 78' lang='grc' dir='ltr'>ἀμφοτέροις</span> <span class='ocrx_word' id='word_1_294' title='bbox 1170 3518 1313 3588; x_wconf 83' lang='grc' dir='ltr'>οὖσι,</span> <span class='ocrx_word' id='word_1_295' title='bbox 1369 3516 1460 3571; x_wconf 87' lang='grc' dir='ltr'>καὶ</span> <span class='ocrx_word' id='word_1_296' title='bbox 1529 3516 1679 3591; x_wconf 77' lang='grc' dir='ltr'>εὗρεν</span> <span class='ocrx_word' id='word_1_297' title='bbox 1759 3517 1956 3580; x_wconf 77' lang='grc' dir='ltr'>αὐτοὺς</span> 
     </span>
    </p>
   </div>
   <div class='ocr_carea' id='block_1_44' title="bbox 298 3607 1954 3685">
    <p class='ocr_par' dir='ltr' id='par_1_44' title="bbox 298 3607 1954 3685">
     <span class='ocr_line' id='line_1_44' title="bbox 298 3607 1954 3685; baseline 0.001 -24"><span class='ocrx_word' id='word_1_298' title='bbox 298 3607 614 3685; x_wconf 72' lang='grc' dir='ltr'>ὁμόφρονας</span> <span class='ocrx_word' id='word_1_299' title='bbox 674 3608 1012 3670; x_wconf 82' lang='grc' dir='ltr'>Ἀθανασίου.</span> <span class='ocrx_word' id='word_1_300' title='bbox 1078 3608 1273 3683; x_wconf 79' lang='grc' dir='ltr'>Γράφει</span> <span class='ocrx_word' id='word_1_301' title='bbox 1359 3607 1449 3662; x_wconf 80' lang='grc' dir='ltr'>οὗν</span> <span class='ocrx_word' id='word_1_302' title='bbox 1504 3608 1641 3682; x_wconf 87' lang='grc' dir='ltr'>πρὸς</span> <span class='ocrx_word' id='word_1_303' title='bbox 1701 3608 1954 3678; x_wconf 88' lang='grc' dir='ltr'>Ἰωάννην</span> 
     </span>
    </p>
   </div>
   <div class='ocr_carea' id='block_1_45' title="bbox 299 3692 1957 3771">
    <p class='ocr_par' dir='ltr' id='par_1_45' title="bbox 299 3692 1957 3771">
     <span class='ocr_line' id='line_1_45' title="bbox 299 3692 1957 3771; baseline 0 -20"><span class='ocrx_word' id='word_1_304' title='bbox 299 3695 393 3751; x_wconf 72' lang='grc' dir='ltr'>τὸν</span> <span class='ocrx_word' id='word_1_305' title='bbox 428 3699 607 3752; x_wconf 86' lang='grc' dir='ltr'>πάπαν</span> <span class='ocrx_word' id='word_1_306' title='bbox 650 3697 873 3768; x_wconf 85' lang='grc' dir='ltr'>Ῥώμης</span> <span class='ocrx_word' id='word_1_307' title='bbox 934 3692 1254 3771; x_wconf 71' lang='grc' dir='ltr'>ἀμφοτέρων</span> <span class='ocrx_word' id='word_1_308' title='bbox 1313 3696 1414 3764; x_wconf 78' lang='grc' dir='ltr'>τὴν</span> <span class='ocrx_word' id='word_1_309' title='bbox 1465 3696 1713 3769; x_wconf 86' lang='grc' dir='ltr'>γνώμην⁶</span> <span class='ocrx_word' id='word_1_310' title='bbox 1747 3697 1775 3751; x_wconf 92' lang='lat'>6</span> <span class='ocrx_word' id='word_1_311' title='bbox 1807 3693 1863 3751; x_wconf 80' lang='grc' dir='ltr'>δὶ</span> <span class='ocrx_word' id='word_1_312' title='bbox 1894 3696 1957 3751; x_wconf 83' lang='grc' dir='ltr'>ού</span> 
     </span>
    </p>
   </div>
   <div class='ocr_carea' id='block_1_46' title="bbox 304 3782 1952 3860">
    <p class='ocr_par' dir='ltr' id='par_1_46' title="bbox 304 3782 1952 3860">
     <span class='ocr_line' id='line_1_46' title="bbox 304 3782 1952 3860; baseline 0 -21"><span class='ocrx_word' id='word_1_313' title='bbox 304 3782 644 3855; x_wconf 85' lang='grc' dir='ltr'>κατεδέξατο.</span> <span class='ocrx_word' id='word_1_314' title='bbox 712 3784 986 3860; x_wconf 86' lang='grc' dir='ltr'>Γεωργίου</span> <span class='ocrx_word' id='word_1_315' title='bbox 1051 3782 1108 3839; x_wconf 80' lang='grc' dir='ltr'>δὶ</span> <span class='ocrx_word' id='word_1_316' title='bbox 1155 3789 1253 3839; x_wconf 76' lang='grc' dir='ltr'>τοῦ</span> <span class='ocrx_word' id='word_1_317' title='bbox 1313 3782 1718 3859; x_wconf 85' lang='grc' dir='ltr'>Ἀλεξανδρείας</span> <span class='ocrx_word' id='word_1_318' title='bbox 1770 3785 1952 3841; x_wconf 87' lang='grc' dir='ltr'>τελευ-</span> 
     </span>
    </p>
   </div>
   <div class='ocr_carea' id='block_1_47' title="bbox 308 3870 1957 3949">
    <p class='ocr_par' dir='ltr' id='par_1_47' title="bbox 308 3870 1957 3949">
     <span class='ocr_line' id='line_1_47' title="bbox 308 3870 1957 3949; baseline -0.001 -19"><span class='ocrx_word' id='word_1_319' title='bbox 308 3877 573 3944; x_wconf 77' lang='grc' dir='ltr'>τήσαντος</span> <span class='ocrx_word' id='word_1_320' title='bbox 637 3876 814 3946; x_wconf 77' lang='grc' dir='ltr'>Κῦρος</span> <span class='ocrx_word' id='word_1_321' title='bbox 864 3873 1158 3936; x_wconf 81' lang='grc' dir='ltr'>ἐπίσκοπος</span> <span class='ocrx_word' id='word_1_322' title='bbox 1239 3870 1647 3949; x_wconf 85' lang='grc' dir='ltr'>Ἀλεξανδρείας</span> <span class='ocrx_word' id='word_1_323' title='bbox 1733 3875 1957 3949; x_wconf 83' lang='grc' dir='ltr'>γίνεται,</span> 
     </span>
    </p>
   </div>
   <div class='ocr_carea' id='block_1_48' title="bbox 310 3959 1959 4039">
    <p class='ocr_par' dir='ltr' id='par_1_48' title="bbox 310 3959 1959 4039">
     <span class='ocr_line' id='line_1_48' title="bbox 310 3959 1959 4039; baseline 0.001 -20"><span class='ocrx_word' id='word_1_324' title='bbox 310 3964 403 4019; x_wconf 68' lang='grc' dir='ltr'>καὶ</span> <span class='ocrx_word' id='word_1_325' title='bbox 460 3964 680 4028; x_wconf 73' lang='grc' dir='ltr'>ἑνωθεὶς</span> <span class='ocrx_word' id='word_1_326' title='bbox 744 3959 1011 4037; x_wconf 84' lang='grc' dir='ltr'>Θεοδώρῳ</span> <span class='ocrx_word' id='word_1_327' title='bbox 1077 3967 1155 4034; x_wconf 84' lang='grc' dir='ltr'>τῷ</span> <span class='ocrx_word' id='word_1_328' title='bbox 1237 3962 1516 4035; x_wconf 85' lang='grc' dir='ltr'>έπισκόπῳ</span> <span class='ocrx_word' id='word_1_329' title='bbox 1584 3964 1767 4039; x_wconf 77' lang='grc' dir='ltr'>Φαράν</span> <span class='ocrx_word' id='word_1_330' title='bbox 1823 3966 1959 4037; x_wconf 86' lang='lat'>(66),</span> 
     </span>
    </p>
   </div>
   <div class='ocr_carea' id='block_1_49' title="bbox 309 4046 1963 4128">
    <p class='ocr_par' dir='ltr' id='par_1_49' title="bbox 309 4046 1963 4128">
     <span class='ocr_line' id='line_1_49' title="bbox 309 4046 1963 4128; baseline 0 -21"><span class='ocrx_word' id='word_1_331' title='bbox 309 4052 572 4123; x_wconf 76' lang='grc' dir='ltr'>ἐποίησαν</span> <span class='ocrx_word' id='word_1_332' title='bbox 629 4053 729 4121; x_wconf 78' lang='grc' dir='ltr'>τήν</span> <span class='ocrx_word' id='word_1_333' title='bbox 790 4046 1073 4128; x_wconf 77' lang='grc' dir='ltr'>ὐδροϐαφῆ</span> <span class='ocrx_word' id='word_1_334' title='bbox 1132 4054 1240 4124; x_wconf 81' lang='lat'>(67)</span> <span class='ocrx_word' id='word_1_335' title='bbox 1297 4050 1504 4122; x_wconf 75' lang='grc' dir='ltr'>ἐκείνην</span> <span class='ocrx_word' id='word_1_336' title='bbox 1560 4047 1777 4120; x_wconf 76' lang='grc' dir='ltr'>ἕνωσιν,</span> <span class='ocrx_word' id='word_1_337' title='bbox 1837 4052 1963 4127; x_wconf 87' lang='grc' dir='ltr'>μίαν</span> 
     </span>
    </p>
   </div>
   <div class='ocr_carea' id='block_1_50' title="bbox 306 4136 1960 4215">
    <p class='ocr_par' dir='ltr' id='par_1_50' title="bbox 306 4136 1960 4215">
     <span class='ocr_line' id='line_1_50' title="bbox 306 4136 1960 4215; baseline -0.001 -18"><span class='ocrx_word' id='word_1_338' title='bbox 306 4141 398 4197; x_wconf 82' lang='grc' dir='ltr'>καὶ</span> <span class='ocrx_word' id='word_1_339' title='bbox 429 4141 584 4197; x_wconf 82' lang='grc' dir='ltr'>αὐτοὶ</span> <span class='ocrx_word' id='word_1_340' title='bbox 634 4139 933 4215; x_wconf 76' lang='grc' dir='ltr'>γράψαντες</span> <span class='ocrx_word' id='word_1_341' title='bbox 992 4138 1044 4194; x_wconf 89' lang='grc' dir='ltr'>έν</span> <span class='ocrx_word' id='word_1_342' title='bbox 1104 4141 1323 4214; x_wconf 83' lang='grc' dir='ltr'>Χριστῷ</span> <span class='ocrx_word' id='word_1_343' title='bbox 1378 4141 1609 4211; x_wconf 74' lang='grc' dir='ltr'>φυσικὴν</span> <span class='ocrx_word' id='word_1_344' title='bbox 1667 4136 1960 4215; x_wconf 80' lang='grc' dir='ltr'>ἐνέργειαν.</span> 
     </span>
    </p>
   </div>
   <div class='ocr_carea' id='block_1_51' title="bbox 307 4228 1962 4305">
    <p class='ocr_par' dir='ltr' id='par_1_51' title="bbox 307 4228 1962 4305">
     <span class='ocr_line' id='line_1_51' title="bbox 307 4228 1962 4305; baseline -0.002 -18"><span class='ocrx_word' id='word_1_345' title='bbox 307 4232 402 4287; x_wconf 86' lang='grc' dir='ltr'>Ἐν</span> <span class='ocrx_word' id='word_1_346' title='bbox 432 4229 648 4294; x_wconf 77' lang='grc' dir='ltr'>τούτοις</span> <span class='ocrx_word' id='word_1_347' title='bbox 679 4229 846 4284; x_wconf 82' lang='grc' dir='ltr'>ὅντων</span> <span class='ocrx_word' id='word_1_348' title='bbox 905 4234 1013 4283; x_wconf 82' lang='grc' dir='ltr'>τῶν</span> <span class='ocrx_word' id='word_1_349' title='bbox 1072 4230 1406 4305; x_wconf 78' lang='grc' dir='ltr'>πραγμάτων</span> <span class='ocrx_word' id='word_1_350' title='bbox 1468 4228 1778 4305; x_wconf 84' lang='grc' dir='ltr'>Σωφρόνιος</span> <span class='ocrx_word' id='word_1_351' title='bbox 1839 4231 1962 4286; x_wconf 84' lang='grc' dir='ltr'>Χει-</span> 
     </span>
    </p>
   </div>
   <div class='ocr_carea' id='block_1_52' title="bbox 311 4315 1966 4395">
    <p class='ocr_par' dir='ltr' id='par_1_52' title="bbox 311 4315 1966 4395">
     <span class='ocr_line' id='line_1_52' title="bbox 311 4315 1966 4395; baseline 0 -22"><span class='ocrx_word' id='word_1_352' title='bbox 311 4325 616 4394; x_wconf 85' lang='grc' dir='ltr'>ροτονεῖται</span> <span class='ocrx_word' id='word_1_353' title='bbox 682 4317 979 4379; x_wconf 77' lang='grc' dir='ltr'>ἐπίσκοπος</span> <span class='ocrx_word' id='word_1_354' title='bbox 1038 4315 1456 4391; x_wconf 86' lang='grc' dir='ltr'>Ἱεροσολύμων·</span> <span class='ocrx_word' id='word_1_355' title='bbox 1539 4317 1628 4371; x_wconf 85' lang='grc' dir='ltr'>καὶ</span> <span class='ocrx_word' id='word_1_356' title='bbox 1688 4319 1966 4395; x_wconf 80' lang='grc' dir='ltr'>συναθροί-</span> 
     </span>
    </p>
   </div>
   <div class='ocr_carea' id='block_1_53' title="bbox 310 4403 1964 4484">
    <p class='ocr_par' dir='ltr' id='par_1_53' title="bbox 310 4403 1964 4484">
     <span class='ocr_line' id='line_1_53' title="bbox 310 4403 1964 4484; baseline 0 -22"><span class='ocrx_word' id='word_1_357' title='bbox 310 4429 409 4471; x_wconf 87' lang='grc' dir='ltr'>σας</span> <span class='ocrx_word' id='word_1_358' title='bbox 438 4410 566 4472; x_wconf 81' lang='grc' dir='ltr'>τοὺς</span> <span class='ocrx_word' id='word_1_359' title='bbox 592 4408 680 4462; x_wconf 76' lang='grc' dir='ltr'>ὑπ’</span> <span class='ocrx_word' id='word_1_360' title='bbox 711 4405 869 4463; x_wconf 70' lang='grc' dir='ltr'>αὺτὸν</span> <span class='ocrx_word' id='word_1_361' title='bbox 901 4406 1232 4468; x_wconf 82' lang='grc' dir='ltr'>ἐπισκόπους</span> <span class='ocrx_word' id='word_1_362' title='bbox 1259 4406 1321 4460; x_wconf 90' lang='grc' dir='ltr'>τὸ</span> <span class='ocrx_word' id='word_1_363' title='bbox 1366 4404 1739 4480; x_wconf 84' lang='grc' dir='ltr'>μονοθέλητον</span> <span class='ocrx_word' id='word_1_364' title='bbox 1786 4403 1964 4484; x_wconf 86' lang='grc' dir='ltr'>δόγμα</span> 
     </span>
    </p>
   </div>
   <div class='ocr_carea' id='block_1_54' title="bbox 310 4494 1963 4571">
    <p class='ocr_par' dir='ltr' id='par_1_54' title="bbox 310 4494 1963 4571">
     <span class='ocr_line' id='line_1_54' title="bbox 310 4494 1963 4571; baseline -0.001 -18"><span class='ocrx_word' id='word_1_365' title='bbox 310 4497 683 4571; x_wconf 84' lang='grc' dir='ltr'>ἀνεθεμάτισε,</span> <span class='ocrx_word' id='word_1_366' title='bbox 715 4498 804 4552; x_wconf 86' lang='grc' dir='ltr'>καὶ</span> <span class='ocrx_word' id='word_1_367' title='bbox 853 4494 1152 4557; x_wconf 85' lang='grc' dir='ltr'>συνοδικῶς</span> <span class='ocrx_word' id='word_1_368' title='bbox 1213 4494 1427 4570; x_wconf 87' lang='grc' dir='ltr'>Σεργίῳ</span> <span class='ocrx_word' id='word_1_369' title='bbox 1483 4499 1563 4567; x_wconf 82' lang='grc' dir='ltr'>τῷ</span> <span class='ocrx_word' id='word_1_370' title='bbox 1622 4501 1963 4552; x_wconf 83' lang='grc' dir='ltr'>Κωνσταντι-</span> 
     </span>
    </p>
   </div>
   <div class='ocr_carea' id='block_1_55' title="bbox 2061 1015 3716 1090">
    <p class='ocr_par' dir='ltr' id='par_1_55' title="bbox 2061 1015 3716 1090">
     <span class='ocr_line' id='line_1_55' title="bbox 2061 1015 3716 1090; baseline 0.003 -19"><span class='ocrx_word' id='word_1_371' title='bbox 2061 1016 2253 1071; x_wconf 90' lang='lat' dir='ltr'>crucis</span> <span class='ocrx_word' id='word_1_372' title='bbox 2276 1015 2437 1085; x_wconf 80' lang='lat' dir='ltr'>ligna</span> <span class='ocrx_word' id='word_1_373' title='bbox 2465 1030 2478 1082; x_wconf 92' lang='lat'><strong>;</strong></span> <span class='ocrx_word' id='word_1_374' title='bbox 2512 1016 2778 1086; x_wconf 90' lang='lat' dir='ltr'>votisque</span> <span class='ocrx_word' id='word_1_375' title='bbox 2811 1017 2927 1072; x_wconf 91' lang='lat' dir='ltr'>Deo</span> <span class='ocrx_word' id='word_1_376' title='bbox 2958 1019 3278 1087; x_wconf 79' lang='lat' dir='ltr'>persolutis</span> <span class='ocrx_word' id='word_1_377' title='bbox 3317 1021 3716 1090; x_wconf 88' lang='lat' dir='ltr'>patriarcham</span> 
     </span>
    </p>
   </div>
   <div class='ocr_carea' id='block_1_56' title="bbox 2065 1103 3714 1176">
    <p class='ocr_par' dir='ltr' id='par_1_56' title="bbox 2065 1103 3714 1176">
     <span class='ocr_line' id='line_1_56' title="bbox 2065 1103 3714 1176; baseline 0.003 -17"><span class='ocrx_word' id='word_1_378' title='bbox 2065 1103 2403 1160; x_wconf 82' lang='lat' dir='ltr'>Zachariam</span> <span class='ocrx_word' id='word_1_379' title='bbox 2425 1104 2701 1159; x_wconf 80' lang='lat' dir='ltr'>restituit.</span> <span class='ocrx_word' id='word_1_380' title='bbox 2728 1104 2948 1159; x_wconf 86' lang='lat' dir='ltr'>Omnes</span> <span class='ocrx_word' id='word_1_381' title='bbox 2971 1122 3145 1176; x_wconf 92' lang='lat' dir='ltr'>porro</span> <span class='ocrx_word' id='word_1_382' title='bbox 3171 1107 3448 1162; x_wconf 74' lang='lat' dir='ltr'>ilobraaos</span> <span class='ocrx_word' id='word_1_383' title='bbox 3470 1125 3539 1163; x_wconf 91' lang='lat' dir='ltr'>ea</span> <span class='ocrx_word' id='word_1_384' title='bbox 3566 1110 3714 1164; x_wconf 87' lang='lat' dir='ltr'>urbe</span> 
     </span>
    </p>
   </div>
   <div class='ocr_carea' id='block_1_57' title="bbox 2064 1191 3722 1264">
    <p class='ocr_par' dir='ltr' id='par_1_57' title="bbox 2064 1191 3722 1264">
     <span class='ocr_line' id='line_1_57' title="bbox 2064 1191 3722 1264; baseline 0.004 -17"><span class='ocrx_word' id='word_1_385' title='bbox 2064 1192 2261 1264; x_wconf 80' lang='lat' dir='ltr'>exigit,</span> <span class='ocrx_word' id='word_1_386' title='bbox 2278 1191 2470 1246; x_wconf 90' lang='lat' dir='ltr'>edicto</span> <span class='ocrx_word' id='word_1_387' title='bbox 2495 1208 2568 1247; x_wconf 90' lang='lat' dir='ltr'>ne</span> <span class='ocrx_word' id='word_1_388' title='bbox 2596 1192 2670 1247; x_wconf 90' lang='lat' dir='ltr'>iis</span> <span class='ocrx_word' id='word_1_389' title='bbox 2692 1193 2850 1247; x_wconf 90' lang='lat' dir='ltr'>intra</span> <span class='ocrx_word' id='word_1_390' title='bbox 2880 1193 3121 1248; x_wconf 90' lang='lat' dir='ltr'>tertium</span> <span class='ocrx_word' id='word_1_391' title='bbox 3154 1195 3409 1250; x_wconf 90' lang='lat' dir='ltr'>milliare</span> <span class='ocrx_word' id='word_1_392' title='bbox 3439 1198 3722 1253; x_wconf 89' lang='lat' dir='ltr'>accedere</span> 
     </span>
    </p>
   </div>
   <div class='ocr_carea' id='block_1_58' title="bbox 2067 1280 3724 1353">
    <p class='ocr_par' dir='ltr' id='par_1_58' title="bbox 2067 1280 3724 1353">
     <span class='ocr_line' id='line_1_58' title="bbox 2067 1280 3724 1353; baseline 0.003 -18"><span class='ocrx_word' id='word_1_393' title='bbox 2067 1280 2295 1336; x_wconf 89' lang='lat' dir='ltr'>liceret.</span> <span class='ocrx_word' id='word_1_394' title='bbox 2327 1280 2546 1335; x_wconf 86' lang='lat' dir='ltr'>Edessa</span> <span class='ocrx_word' id='word_1_395' title='bbox 2563 1281 2742 1336; x_wconf 90' lang='lat' dir='ltr'>etiam</span> <span class='ocrx_word' id='word_1_396' title='bbox 2763 1286 3005 1353; x_wconf 90' lang='lat' dir='ltr'>recepta</span> <span class='ocrx_word' id='word_1_397' title='bbox 3035 1282 3349 1338; x_wconf 88' lang='lat' dir='ltr'>ecclesiam</span> <span class='ocrx_word' id='word_1_398' title='bbox 3379 1285 3724 1340; x_wconf 84' lang='lat' dir='ltr'>orthodoxis</span> 
     </span>
    </p>
   </div>
   <div class='ocr_carea' id='block_1_59' title="bbox 2066 1368 3728 1439">
    <p class='ocr_par' dir='ltr' id='par_1_59' title="bbox 2066 1368 3728 1439">
     <span class='ocr_line' id='line_1_59' title="bbox 2066 1368 3728 1439; baseline 0.002 -16"><span class='ocrx_word' id='word_1_399' title='bbox 2066 1368 2283 1438; x_wconf 89' lang='lat' dir='ltr'>reddit,</span> <span class='ocrx_word' id='word_1_400' title='bbox 2318 1385 2496 1439; x_wconf 88' lang='lat' dir='ltr'>quam</span> <span class='ocrx_word' id='word_1_401' title='bbox 2536 1385 2571 1425; x_wconf 92' lang='lat' dir='ltr'>a</span> <span class='ocrx_word' id='word_1_402' title='bbox 2602 1370 2866 1425; x_wconf 90' lang='lat' dir='ltr'>Chosroa</span> <span class='ocrx_word' id='word_1_403' title='bbox 2904 1372 3236 1427; x_wconf 79' lang='lat' dir='ltr'>Nestoriani</span> <span class='ocrx_word' id='word_1_404' title='bbox 3285 1378 3620 1429; x_wconf 85' lang='lat' dir='ltr'>tenuerant.</span> <span class='ocrx_word' id='word_1_405' title='bbox 3655 1374 3728 1429; x_wconf 88' lang='lat' dir='ltr'>Ut</span> 
     </span>
    </p>
   </div>
   <div class='ocr_carea' id='block_1_60' title="bbox 2067 1458 3727 1536">
    <p class='ocr_par' dir='ltr' id='par_1_60' title="bbox 2067 1458 3727 1536">
     <span class='ocr_line' id='line_1_60' title="bbox 2067 1458 3727 1536; baseline 0.002 -23"><span class='ocrx_word' id='word_1_406' title='bbox 2067 1458 2411 1530; x_wconf 84' lang='lat' dir='ltr'>Hierapolin</span> <span class='ocrx_word' id='word_1_407' title='bbox 2432 1458 2612 1527; x_wconf 84' lang='lat' dir='ltr'>venit,</span> <span class='ocrx_word' id='word_1_408' title='bbox 2628 1460 2905 1515; x_wconf 89' lang='lat' dir='ltr'>nuntium</span> <span class='ocrx_word' id='word_1_409' title='bbox 2933 1459 3005 1515; x_wconf 89' lang='lat' dir='ltr'>de</span> <span class='ocrx_word' id='word_1_410' title='bbox 3033 1462 3212 1516; x_wconf 75' lang='lat' dir='ltr'>Siroaa</span> <span class='ocrx_word' id='word_1_411' title='bbox 3231 1463 3547 1518; x_wconf 85' lang='lat' dir='ltr'>Persarum</span> <span class='ocrx_word' id='word_1_412' title='bbox 3570 1464 3727 1536; x_wconf 88' lang='lat' dir='ltr'>regis</span> 
     </span>
    </p>
   </div>
   <div class='ocr_carea' id='block_1_61' title="bbox 2066 1550 3723 1623">
    <p class='ocr_par' dir='ltr' id='par_1_61' title="bbox 2066 1550 3723 1623">
     <span class='ocr_line' id='line_1_61' title="bbox 2066 1550 3723 1623; baseline 0.003 -19"><span class='ocrx_word' id='word_1_413' title='bbox 2066 1554 2256 1604; x_wconf 91' lang='lat' dir='ltr'>morte</span> <span class='ocrx_word' id='word_1_414' title='bbox 2286 1550 2523 1619; x_wconf 89' lang='lat' dir='ltr'>accipit.</span> <span class='ocrx_word' id='word_1_415' title='bbox 2560 1550 2857 1608; x_wconf 89' lang='lat' dir='ltr'>Successit</span> <span class='ocrx_word' id='word_1_416' title='bbox 2886 1551 3024 1607; x_wconf 89' lang='lat' dir='ltr'>huic</span> <span class='ocrx_word' id='word_1_417' title='bbox 3057 1552 3273 1608; x_wconf 82' lang='lat' dir='ltr'>Adeser</span> <span class='ocrx_word' id='word_1_418' title='bbox 3304 1554 3482 1623; x_wconf 78' lang='lat' dir='ltr'>filius,</span> <span class='ocrx_word' id='word_1_419' title='bbox 3517 1560 3575 1609; x_wconf 94' lang='lat' dir='ltr'>et</span> <span class='ocrx_word' id='word_1_420' title='bbox 3626 1570 3723 1609; x_wconf 90' lang='lat' dir='ltr'>re-</span> 
     </span>
    </p>
   </div>
   <div class='ocr_carea' id='block_1_62' title="bbox 2067 1640 3723 1712">
    <p class='ocr_par' dir='ltr' id='par_1_62' title="bbox 2067 1640 3723 1712">
     <span class='ocr_line' id='line_1_62' title="bbox 2067 1640 3723 1712; baseline 0.004 -19"><span class='ocrx_word' id='word_1_421' title='bbox 2067 1640 2265 1711; x_wconf 87' lang='lat' dir='ltr'>gnavit</span> <span class='ocrx_word' id='word_1_422' title='bbox 2294 1656 2534 1694; x_wconf 90' lang='lat' dir='ltr'>menses</span> <span class='ocrx_word' id='word_1_423' title='bbox 2567 1645 2816 1712; x_wconf 88' lang='lat' dir='ltr'>septem.</span> <span class='ocrx_word' id='word_1_424' title='bbox 2880 1643 3027 1697; x_wconf 90' lang='lat' dir='ltr'>Eum</span> <span class='ocrx_word' id='word_1_425' title='bbox 3075 1642 3375 1699; x_wconf 85' lang='lat' dir='ltr'>interfecit</span> <span class='ocrx_word' id='word_1_426' title='bbox 3422 1645 3723 1710; x_wconf 85' lang='lat' dir='ltr'>Barrazas,</span> 
     </span>
    </p>
   </div>
   <div class='ocr_carea' id='block_1_63' title="bbox 2068 1731 3724 1800">
    <p class='ocr_par' dir='ltr' id='par_1_63' title="bbox 2068 1731 3724 1800">
     <span class='ocr_line' id='line_1_63' title="bbox 2068 1731 3724 1800; baseline 0.004 -17"><span class='ocrx_word' id='word_1_427' title='bbox 2068 1745 2437 1800; x_wconf 81' lang='lat' dir='ltr'>regnumque</span> <span class='ocrx_word' id='word_1_428' title='bbox 2464 1746 2698 1784; x_wconf 89' lang='lat' dir='ltr'>menses</span> <span class='ocrx_word' id='word_1_429' title='bbox 2722 1735 2852 1785; x_wconf 91' lang='lat' dir='ltr'>octo</span> <span class='ocrx_word' id='word_1_430' title='bbox 2874 1731 3084 1786; x_wconf 87' lang='lat' dir='ltr'>tenuit.</span> <span class='ocrx_word' id='word_1_431' title='bbox 3117 1732 3285 1787; x_wconf 83' lang='lat' dir='ltr'>Hunc</span> <span class='ocrx_word' id='word_1_432' title='bbox 3315 1734 3508 1788; x_wconf 67' lang='lat' dir='ltr'>Persa:</span> <span class='ocrx_word' id='word_1_433' title='bbox 3549 1749 3724 1789; x_wconf 88' lang='lat' dir='ltr'>neca-</span> 
     </span>
    </p>
   </div>
   <div class='ocr_carea' id='block_1_64' title="bbox 2069 1819 3726 1890">
    <p class='ocr_par' dir='ltr' id='par_1_64' title="bbox 2069 1819 3726 1890">
     <span class='ocr_line' id='line_1_64' title="bbox 2069 1819 3726 1890; baseline 0.002 -17"><span class='ocrx_word' id='word_1_434' title='bbox 2069 1824 2299 1887; x_wconf 88' lang='lat' dir='ltr'>verunt,</span> <span class='ocrx_word' id='word_1_435' title='bbox 2333 1823 2390 1872; x_wconf 90' lang='lat' dir='ltr'>et</span> <span class='ocrx_word' id='word_1_436' title='bbox 2408 1832 2667 1890; x_wconf 84' lang='lat' dir='ltr'>&#39;regnum</span> <span class='ocrx_word' id='word_1_437' title='bbox 2703 1819 2839 1874; x_wconf 68' lang='lat' dir='ltr'>filias</span> <span class='ocrx_word' id='word_1_438' title='bbox 2873 1820 3181 1875; x_wconf 89' lang='lat' dir='ltr'>Chrosrois</span> <span class='ocrx_word' id='word_1_439' title='bbox 3231 1823 3493 1877; x_wconf 82' lang='lat' dir='ltr'>Baramae</span> <span class='ocrx_word' id='word_1_440' title='bbox 3543 1823 3726 1878; x_wconf 89' lang='lat' dir='ltr'>tradi-</span> 
     </span>
    </p>
   </div>
   <div class='ocr_carea' id='block_1_65' title="bbox 2067 1908 3723 1984">
    <p class='ocr_par' dir='ltr' id='par_1_65' title="bbox 2067 1908 3723 1984">
     <span class='ocr_line' id='line_1_65' title="bbox 2067 1908 3723 1984; baseline 0.003 -22"><span class='ocrx_word' id='word_1_441' title='bbox 2067 1908 2301 1978; x_wconf 88' lang='lat' dir='ltr'>derunt,</span> <span class='ocrx_word' id='word_1_442' title='bbox 2357 1908 2515 1979; x_wconf 90' lang='lat' dir='ltr'>quod</span> <span class='ocrx_word' id='word_1_443' title='bbox 2564 1925 2634 1964; x_wconf 90' lang='lat' dir='ltr'>ea</span> <span class='ocrx_word' id='word_1_444' title='bbox 2714 1910 2899 1979; x_wconf 79' lang='lat' dir='ltr'>gessit</span> <span class='ocrx_word' id='word_1_445' title='bbox 2952 1911 3102 1964; x_wconf 77' lang='lat'>738</span> <span class='ocrx_word' id='word_1_446' title='bbox 3176 1928 3415 1967; x_wconf 88' lang='lat' dir='ltr'>menses</span> <span class='ocrx_word' id='word_1_447' title='bbox 3472 1918 3723 1984; x_wconf 86' lang='lat' dir='ltr'>septem.</span> 
     </span>
    </p>
   </div>
   <div class='ocr_carea' id='block_1_66' title="bbox 2065 1997 3723 2072">
    <p class='ocr_par' dir='ltr' id='par_1_66' title="bbox 2065 1997 3723 2072">
     <span class='ocr_line' id='line_1_66' title="bbox 2065 1997 3723 2072; baseline 0.003 -21"><span class='ocrx_word' id='word_1_448' title='bbox 2065 1998 2362 2052; x_wconf 86' lang='lat' dir='ltr'>Successit</span> <span class='ocrx_word' id='word_1_449' title='bbox 2390 1997 2444 2051; x_wconf 91' lang='lat' dir='ltr'>ei</span> <span class='ocrx_word' id='word_1_450' title='bbox 2492 1998 2876 2066; x_wconf 87' lang='lat' dir='ltr'>Hormisdas;</span> <span class='ocrx_word' id='word_1_451' title='bbox 2938 2016 3054 2069; x_wconf 89' lang='lat' dir='ltr'>quo</span> <span class='ocrx_word' id='word_1_452' title='bbox 3105 2016 3140 2055; x_wconf 89' lang='lat' dir='ltr'>a</span> <span class='ocrx_word' id='word_1_453' title='bbox 3187 2001 3492 2057; x_wconf 89' lang='lat' dir='ltr'>Saracenis</span> <span class='ocrx_word' id='word_1_454' title='bbox 3550 2002 3723 2072; x_wconf 89' lang='lat' dir='ltr'>pulso</span> 
     </span>
    </p>
   </div>
   <div class='ocr_carea' id='block_1_67' title="bbox 2068 2086 3722 2162">
    <p class='ocr_par' dir='ltr' id='par_1_67' title="bbox 2068 2086 3722 2162">
     <span class='ocr_line' id='line_1_67' title="bbox 2068 2086 3722 2162; baseline 0.003 -21"><span class='ocrx_word' id='word_1_455' title='bbox 2068 2086 2372 2141; x_wconf 85' lang='lat' dir='ltr'>Persicum</span> <span class='ocrx_word' id='word_1_456' title='bbox 2404 2102 2652 2159; x_wconf 84' lang='lat' dir='ltr'>regnum</span> <span class='ocrx_word' id='word_1_457' title='bbox 2685 2088 2979 2143; x_wconf 86' lang='lat' dir='ltr'>Arabibus</span> <span class='ocrx_word' id='word_1_458' title='bbox 3012 2089 3347 2161; x_wconf 86' lang='lat' dir='ltr'>subjectum</span> <span class='ocrx_word' id='word_1_459' title='bbox 3380 2097 3489 2156; x_wconf 90' lang='lat' dir='ltr'>est,</span> <span class='ocrx_word' id='word_1_460' title='bbox 3543 2092 3722 2162; x_wconf 88' lang='lat' dir='ltr'>inque</span> 
     </span>
    </p>
   </div>
   <div class='ocr_carea' id='block_1_68' title="bbox 2070 2176 3002 2245">
    <p class='ocr_par' dir='ltr' id='par_1_68' title="bbox 2070 2176 3002 2245">
     <span class='ocr_line' id='line_1_68' title="bbox 2070 2176 3002 2245; baseline 0.003 -16"><span class='ocrx_word' id='word_1_461' title='bbox 2070 2176 2229 2230; x_wconf 87' lang='lat' dir='ltr'>hunc</span> <span class='ocrx_word' id='word_1_462' title='bbox 2260 2192 2450 2245; x_wconf 90' lang='lat' dir='ltr'>usque</span> <span class='ocrx_word' id='word_1_463' title='bbox 2482 2176 2640 2230; x_wconf 91' lang='lat' dir='ltr'>diem</span> <span class='ocrx_word' id='word_1_464' title='bbox 2670 2177 2753 2232; x_wconf 90' lang='lat' dir='ltr'>ita</span> <span class='ocrx_word' id='word_1_465' title='bbox 2780 2183 3002 2232; x_wconf 88' lang='lat' dir='ltr'>manet.</span> 
     </span>
    </p>
   </div>
   <div class='ocr_carea' id='block_1_69' title="bbox 2140 2354 3726 2428">
    <p class='ocr_par' dir='ltr' id='par_1_69' title="bbox 2140 2354 3726 2428">
     <span class='ocr_line' id='line_1_69' title="bbox 2140 2354 3726 2428; baseline 0.003 -21"><span class='ocrx_word' id='word_1_466' title='bbox 2140 2358 2311 2409; x_wconf 84' lang='lat' dir='ltr'>Anno</span> <span class='ocrx_word' id='word_1_467' title='bbox 2334 2354 2780 2425; x_wconf 87' lang='lat' dir='ltr'>vigesimo,cum</span> <span class='ocrx_word' id='word_1_468' title='bbox 2805 2355 3046 2428; x_wconf 86' lang='lat' dir='ltr'>degeret</span> <span class='ocrx_word' id='word_1_469' title='bbox 3075 2355 3372 2427; x_wconf 83' lang='lat' dir='ltr'>Hierapoli</span> <span class='ocrx_word' id='word_1_470' title='bbox 3400 2357 3726 2425; x_wconf 84' lang='lat' dir='ltr'>Heraclius,</span> 
     </span>
    </p>
   </div>
   <div class='ocr_carea' id='block_1_70' title="bbox 2068 2441 3727 2517">
    <p class='ocr_par' dir='ltr' id='par_1_70' title="bbox 2068 2441 3727 2517">
     <span class='ocr_line' id='line_1_70' title="bbox 2068 2441 3727 2517; baseline 0.003 -21"><span class='ocrx_word' id='word_1_471' title='bbox 2068 2441 2226 2496; x_wconf 89' lang='lat' dir='ltr'>venit</span> <span class='ocrx_word' id='word_1_472' title='bbox 2255 2442 2330 2497; x_wconf 89' lang='lat' dir='ltr'>ad</span> <span class='ocrx_word' id='word_1_473' title='bbox 2361 2458 2495 2497; x_wconf 91' lang='lat' dir='ltr'>cum</span> <span class='ocrx_word' id='word_1_474' title='bbox 2524 2444 2889 2499; x_wconf 72' lang='lat' dir='ltr'>Athanasius</span> <span class='ocrx_word' id='word_1_475' title='bbox 2917 2444 3322 2500; x_wconf 90' lang='lat' dir='ltr'>Jacobitarum</span> <span class='ocrx_word' id='word_1_476' title='bbox 3368 2446 3727 2517; x_wconf 85' lang='lat' dir='ltr'>patriarcha,</span> 
     </span>
    </p>
   </div>
   <div class='ocr_carea' id='block_1_71' title="bbox 2068 2530 3730 2605">
    <p class='ocr_par' dir='ltr' id='par_1_71' title="bbox 2068 2530 3730 2605">
     <span class='ocr_line' id='line_1_71' title="bbox 2068 2530 3730 2605; baseline 0.001 -18"><span class='ocrx_word' id='word_1_477' title='bbox 2068 2531 2246 2587; x_wconf 90' lang='lat' dir='ltr'>homo</span> <span class='ocrx_word' id='word_1_478' title='bbox 2279 2530 2530 2586; x_wconf 89' lang='lat' dir='ltr'>callidus</span> <span class='ocrx_word' id='word_1_479' title='bbox 2570 2538 2630 2588; x_wconf 93' lang='lat' dir='ltr'>et</span> <span class='ocrx_word' id='word_1_480' title='bbox 2658 2538 2724 2587; x_wconf 92' lang='lat' dir='ltr'>ut</span> <span class='ocrx_word' id='word_1_481' title='bbox 2765 2538 2903 2589; x_wconf 90' lang='lat' dir='ltr'>sunt</span> <span class='ocrx_word' id='word_1_482' title='bbox 2953 2533 3082 2605; x_wconf 85' lang='lat' dir='ltr'>Syri</span> <span class='ocrx_word' id='word_1_483' title='bbox 3136 2550 3342 2589; x_wconf 89' lang='lat' dir='ltr'>omnes</span> <span class='ocrx_word' id='word_1_484' title='bbox 3391 2538 3606 2589; x_wconf 88' lang='lat' dir='ltr'>natura</span> <span class='ocrx_word' id='word_1_485' title='bbox 3654 2533 3730 2589; x_wconf 91' lang='lat' dir='ltr'>ad</span> 
     </span>
    </p>
   </div>
   <div class='ocr_carea' id='block_1_72' title="bbox 2067 2619 3729 2695">
    <p class='ocr_par' dir='ltr' id='par_1_72' title="bbox 2067 2619 3729 2695">
     <span class='ocr_line' id='line_1_72' title="bbox 2067 2619 3729 2695; baseline 0.002 -20"><span class='ocrx_word' id='word_1_486' title='bbox 2067 2619 2225 2675; x_wconf 89' lang='lat' dir='ltr'>mala</span> <span class='ocrx_word' id='word_1_487' title='bbox 2254 2620 2523 2675; x_wconf 86' lang='lat' dir='ltr'>facinora</span> <span class='ocrx_word' id='word_1_488' title='bbox 2551 2623 2811 2678; x_wconf 87' lang='lat' dir='ltr'>versutia</span> <span class='ocrx_word' id='word_1_489' title='bbox 2841 2622 3194 2691; x_wconf 86' lang='lat' dir='ltr'>instructus,</span> <span class='ocrx_word' id='word_1_490' title='bbox 3228 2624 3278 2678; x_wconf 92' lang='lat' dir='ltr'>is</span> <span class='ocrx_word' id='word_1_491' title='bbox 3304 2640 3439 2679; x_wconf 90' lang='lat' dir='ltr'>cum</span> <span class='ocrx_word' id='word_1_492' title='bbox 3470 2624 3729 2695; x_wconf 87' lang='lat' dir='ltr'>impera-</span> 
     </span>
    </p>
   </div>
   <div class='ocr_carea' id='block_1_73' title="bbox 2069 2710 3731 2786">
    <p class='ocr_par' dir='ltr' id='par_1_73' title="bbox 2069 2710 3731 2786">
     <span class='ocr_line' id='line_1_73' title="bbox 2069 2710 3731 2786; baseline 0.002 -22"><span class='ocrx_word' id='word_1_493' title='bbox 2069 2715 2195 2765; x_wconf 84' lang='lat' dir='ltr'>tore</span> <span class='ocrx_word' id='word_1_494' title='bbox 2226 2710 2300 2764; x_wconf 90' lang='lat' dir='ltr'>de</span> <span class='ocrx_word' id='word_1_495' title='bbox 2332 2711 2449 2766; x_wconf 86' lang='lat' dir='ltr'>ﬁde</span> <span class='ocrx_word' id='word_1_496' title='bbox 2480 2711 2862 2782; x_wconf 88' lang='lat' dir='ltr'>colloquitur,</span> <span class='ocrx_word' id='word_1_497' title='bbox 2890 2714 3065 2784; x_wconf 85' lang='lat' dir='ltr'>eique</span> <span class='ocrx_word' id='word_1_498' title='bbox 3086 2714 3411 2786; x_wconf 89' lang='lat' dir='ltr'>imperator</span> <span class='ocrx_word' id='word_1_499' title='bbox 3432 2715 3731 2786; x_wconf 90' lang='lat' dir='ltr'>promittit</span> 
     </span>
    </p>
   </div>
   <div class='ocr_carea' id='block_1_74' title="bbox 2063 2800 3733 2875">
    <p class='ocr_par' dir='ltr' id='par_1_74' title="bbox 2063 2800 3733 2875">
     <span class='ocr_line' id='line_1_74' title="bbox 2063 2800 3733 2875; baseline 0.003 -22"><span class='ocrx_word' id='word_1_500' title='bbox 2063 2800 2469 2867; x_wconf 90' lang='lat' dir='ltr'>secum,modo</span> <span class='ocrx_word' id='word_1_501' title='bbox 2493 2800 2993 2858; x_wconf 88' lang='lat' dir='ltr'>Chalcedonensis</span> <span class='ocrx_word' id='word_1_502' title='bbox 3026 2802 3733 2875; x_wconf 89' lang='lat' dir='ltr'>conciliidecretaappro-</span> 
     </span>
    </p>
   </div>
   <div class='ocr_carea' id='block_1_75' title="bbox 2066 2890 3732 2965">
    <p class='ocr_par' dir='ltr' id='par_1_75' title="bbox 2066 2890 3732 2965">
     <span class='ocr_line' id='line_1_75' title="bbox 2066 2890 3732 2965; baseline 0.003 -21"><span class='ocrx_word' id='word_1_503' title='bbox 2066 2890 2528 2959; x_wconf 73' lang='lat' dir='ltr'>bet,Antiochi£e</span> <span class='ocrx_word' id='word_1_504' title='bbox 2542 2893 2890 2965; x_wconf 90' lang='lat' dir='ltr'>episcopum</span> <span class='ocrx_word' id='word_1_505' title='bbox 2907 2901 3267 2950; x_wconf 90' lang='lat' dir='ltr'>creaturum.</span> <span class='ocrx_word' id='word_1_506' title='bbox 3288 2896 3646 2950; x_wconf 84' lang='lat' dir='ltr'>Athanasius</span> <span class='ocrx_word' id='word_1_507' title='bbox 3672 2894 3732 2949; x_wconf 91' lang='lat' dir='ltr'>id</span> 
     </span>
    </p>
   </div>
   <div class='ocr_carea' id='block_1_76' title="bbox 2064 2979 3728 3046">
    <p class='ocr_par' dir='ltr' id='par_1_76' title="bbox 2064 2979 3728 3046">
     <span class='ocr_line' id='line_1_76' title="bbox 2064 2979 3728 3046; baseline 0.004 -14"><span class='ocrx_word' id='word_1_508' title='bbox 2064 2979 2327 3046; x_wconf 89' lang='lat' dir='ltr'>simulat,</span> <span class='ocrx_word' id='word_1_509' title='bbox 2361 2996 2429 3034; x_wconf 90' lang='lat' dir='ltr'>ac</span> <span class='ocrx_word' id='word_1_510' title='bbox 2474 2980 2695 3035; x_wconf 88' lang='lat' dir='ltr'>fatetur</span> <span class='ocrx_word' id='word_1_511' title='bbox 2747 2981 2893 3038; x_wconf 89' lang='lat' dir='ltr'>duas</span> <span class='ocrx_word' id='word_1_512' title='bbox 2949 2985 3011 3037; x_wconf 91' lang='lat' dir='ltr'>in</span> <span class='ocrx_word' id='word_1_513' title='bbox 3059 2985 3289 3038; x_wconf 79' lang='lat' dir='ltr'>Christo</span> <span class='ocrx_word' id='word_1_514' title='bbox 3343 3001 3471 3039; x_wconf 91' lang='lat' dir='ltr'>esse</span> <span class='ocrx_word' id='word_1_515' title='bbox 3532 2984 3728 3040; x_wconf 89' lang='lat' dir='ltr'>unitas</span> 
     </span>
    </p>
   </div>
   <div class='ocr_carea' id='block_1_77' title="bbox 2065 3068 3729 3144">
    <p class='ocr_par' dir='ltr' id='par_1_77' title="bbox 2065 3068 3729 3144">
     <span class='ocr_line' id='line_1_77' title="bbox 2065 3068 3729 3144; baseline 0.004 -23"><span class='ocrx_word' id='word_1_516' title='bbox 2065 3072 2331 3123; x_wconf 88' lang='lat' dir='ltr'>naturas.</span> <span class='ocrx_word' id='word_1_517' title='bbox 2366 3068 2551 3123; x_wconf 89' lang='lat' dir='ltr'>Simul</span> <span class='ocrx_word' id='word_1_518' title='bbox 2583 3070 2852 3126; x_wconf 90' lang='lat' dir='ltr'>Heraclio</span> <span class='ocrx_word' id='word_1_519' title='bbox 2894 3072 3287 3142; x_wconf 66' lang='lat' dir='ltr'>quaestionem</span> <span class='ocrx_word' id='word_1_520' title='bbox 3336 3073 3616 3144; x_wconf 85' lang='lat' dir='ltr'>proponit</span> <span class='ocrx_word' id='word_1_521' title='bbox 3656 3072 3729 3127; x_wconf 89' lang='lat' dir='ltr'>de</span> 
     </span>
    </p>
   </div>
   <div class='ocr_carea' id='block_1_78' title="bbox 2068 3154 3730 3231">
    <p class='ocr_par' dir='ltr' id='par_1_78' title="bbox 2068 3154 3730 3231">
     <span class='ocr_line' id='line_1_78' title="bbox 2068 3154 3730 3231; baseline 0.003 -21"><span class='ocrx_word' id='word_1_522' title='bbox 2068 3154 2401 3211; x_wconf 87' lang='lat' dir='ltr'>actionibus</span> <span class='ocrx_word' id='word_1_523' title='bbox 2432 3162 2489 3211; x_wconf 92' lang='lat' dir='ltr'>et</span> <span class='ocrx_word' id='word_1_524' title='bbox 2514 3157 2939 3227; x_wconf 89' lang='lat' dir='ltr'>voluntatibus,</span> <span class='ocrx_word' id='word_1_525' title='bbox 2970 3166 3169 3215; x_wconf 88' lang='lat' dir='ltr'>utrum</span> <span class='ocrx_word' id='word_1_526' title='bbox 3222 3176 3305 3214; x_wconf 70' lang='lat' dir='ltr'>eaa</span> <span class='ocrx_word' id='word_1_527' title='bbox 3352 3161 3617 3231; x_wconf 89' lang='lat' dir='ltr'>duplices</span> <span class='ocrx_word' id='word_1_528' title='bbox 3666 3161 3730 3215; x_wconf 89' lang='lat' dir='ltr'>in</span> 
     </span>
    </p>
   </div>
   <div class='ocr_carea' id='block_1_79' title="bbox 1987 3222 3730 3319">
    <p class='ocr_par' dir='ltr' id='par_1_79' title="bbox 1987 3222 3730 3319">
     <span class='ocr_line' id='line_1_79' title="bbox 1987 3222 3730 3319; baseline 0.003 -22"><span class='ocrx_word' id='word_1_529' title='bbox 1987 3222 2029 3288; x_wconf 65' lang='grc' dir='ltr'>(ἶ</span> <span class='ocrx_word' id='word_1_530' title='bbox 2069 3244 2303 3299; x_wconf 88' lang='lat' dir='ltr'>Christo</span> <span class='ocrx_word' id='word_1_531' title='bbox 2336 3262 2413 3300; x_wconf 87' lang='lat' dir='ltr'>an</span> <span class='ocrx_word' id='word_1_532' title='bbox 2438 3262 2575 3301; x_wconf 89' lang='lat' dir='ltr'>vero</span> <span class='ocrx_word' id='word_1_533' title='bbox 2607 3222 2936 3319; x_wconf 70' lang='lat' dir='ltr'>simplices</span> <span class='ocrx_word' id='word_1_534' title='bbox 2962 3249 3228 3309; x_wconf 61' lang='lat' dir='ltr'>dicendae</span> <span class='ocrx_word' id='word_1_535' title='bbox 3264 3251 3400 3305; x_wconf 88' lang='lat' dir='ltr'>sint.</span> <span class='ocrx_word' id='word_1_536' title='bbox 3435 3222 3515 3304; x_wconf 57' lang='lat' dir='ltr'>Ea</span> <span class='ocrx_word' id='word_1_537' title='bbox 3545 3250 3619 3303; x_wconf 90' lang='lat' dir='ltr'>de</span> <span class='ocrx_word' id='word_1_538' title='bbox 3667 3265 3730 3303; x_wconf 91' lang='lat' dir='ltr'>re</span> 
     </span>
    </p>
   </div>
   <div class='ocr_carea' id='block_1_80' title="bbox 2065 3333 3728 3411">
    <p class='ocr_par' dir='ltr' id='par_1_80' title="bbox 2065 3333 3728 3411">
     <span class='ocr_line' id='line_1_80' title="bbox 2065 3333 3728 3411; baseline 0.004 -24"><span class='ocrx_word' id='word_1_539' title='bbox 2065 3333 2395 3405; x_wconf 88' lang='lat' dir='ltr'>imperator</span> <span class='ocrx_word' id='word_1_540' title='bbox 2424 3334 2500 3390; x_wconf 91' lang='lat' dir='ltr'>ad</span> <span class='ocrx_word' id='word_1_541' title='bbox 2526 3336 2795 3409; x_wconf 87' lang='lat' dir='ltr'>Sergium</span> <span class='ocrx_word' id='word_1_542' title='bbox 2826 3338 3203 3408; x_wconf 88' lang='lat' dir='ltr'>Cpolitanum</span> <span class='ocrx_word' id='word_1_543' title='bbox 3238 3345 3295 3393; x_wconf 89' lang='lat' dir='ltr'>et</span> <span class='ocrx_word' id='word_1_544' title='bbox 3324 3340 3538 3411; x_wconf 87' lang='lat' dir='ltr'>Cyrum</span> <span class='ocrx_word' id='word_1_545' title='bbox 3570 3339 3728 3393; x_wconf 88' lang='lat' dir='ltr'>Pha-</span> 
     </span>
    </p>
   </div>
   <div class='ocr_carea' id='block_1_81' title="bbox 2065 3423 3728 3499">
    <p class='ocr_par' dir='ltr' id='par_1_81' title="bbox 2065 3423 3728 3499">
     <span class='ocr_line' id='line_1_81' title="bbox 2065 3423 3728 3499; baseline 0.002 -22"><span class='ocrx_word' id='word_1_546' title='bbox 2065 3423 2212 3478; x_wconf 89' lang='lat' dir='ltr'>sidis</span> <span class='ocrx_word' id='word_1_547' title='bbox 2244 3424 2588 3497; x_wconf 88' lang='lat' dir='ltr'>episcopum</span> <span class='ocrx_word' id='word_1_548' title='bbox 2632 3427 2857 3484; x_wconf 90' lang='lat' dir='ltr'>scribit.</span> <span class='ocrx_word' id='word_1_549' title='bbox 2914 3429 3176 3493; x_wconf 88' lang='lat' dir='ltr'>Quorum</span> <span class='ocrx_word' id='word_1_550' title='bbox 3228 3445 3363 3484; x_wconf 81' lang='lat' dir='ltr'>cuin</span> <span class='ocrx_word' id='word_1_551' title='bbox 3412 3434 3661 3499; x_wconf 90' lang='lat' dir='ltr'>uterque</span> <span class='ocrx_word' id='word_1_552' title='bbox 3692 3443 3728 3481; x_wconf 93' lang='lat' dir='ltr'>a</span> 
     </span>
    </p>
   </div>
   <div class='ocr_carea' id='block_1_82' title="bbox 2066 3515 3723 3588">
    <p class='ocr_par' dir='ltr' id='par_1_82' title="bbox 2066 3515 3723 3588">
     <span class='ocr_line' id='line_1_82' title="bbox 2066 3515 3723 3588; baseline 0.002 -21"><span class='ocrx_word' id='word_1_553' title='bbox 2066 3517 2229 3568; x_wconf 88' lang='lat' dir='ltr'>secta</span> <span class='ocrx_word' id='word_1_554' title='bbox 2256 3515 2775 3571; x_wconf 83' lang='lat' dir='ltr'>Monothelitarum</span> <span class='ocrx_word' id='word_1_555' title='bbox 2807 3524 2987 3588; x_wconf 90' lang='lat' dir='ltr'>esset,</span> <span class='ocrx_word' id='word_1_556' title='bbox 3038 3519 3151 3573; x_wconf 91' lang='lat' dir='ltr'>hoc</span> <span class='ocrx_word' id='word_1_557' title='bbox 3200 3524 3308 3583; x_wconf 89' lang='lat' dir='ltr'>est,</span> <span class='ocrx_word' id='word_1_558' title='bbox 3365 3534 3569 3572; x_wconf 91' lang='lat' dir='ltr'>eorum</span> <span class='ocrx_word' id='word_1_559' title='bbox 3624 3516 3723 3586; x_wconf 87' lang='lat' dir='ltr'>qui</span> 
     </span>
    </p>
   </div>
   <div class='ocr_carea' id='block_1_83' title="bbox 2066 3602 3718 3679">
    <p class='ocr_par' dir='ltr' id='par_1_83' title="bbox 2066 3602 3718 3679">
     <span class='ocr_line' id='line_1_83' title="bbox 2066 3602 3718 3679; baseline 0.002 -23"><span class='ocrx_word' id='word_1_560' title='bbox 2066 3602 2306 3657; x_wconf 90' lang='lat' dir='ltr'>unicam</span> <span class='ocrx_word' id='word_1_561' title='bbox 2335 3604 2566 3659; x_wconf 86' lang='lat' dir='ltr'>Christo</span> <span class='ocrx_word' id='word_1_562' title='bbox 2600 3605 2963 3662; x_wconf 84' lang='lat' dir='ltr'>voluntatem</span> <span class='ocrx_word' id='word_1_563' title='bbox 2992 3608 3321 3679; x_wconf 88' lang='lat' dir='ltr'>assignant,</span> <span class='ocrx_word' id='word_1_564' title='bbox 3363 3607 3587 3662; x_wconf 87' lang='lat' dir='ltr'>invenit</span> <span class='ocrx_word' id='word_1_565' title='bbox 3618 3622 3718 3660; x_wconf 92' lang='lat' dir='ltr'>eos</span> 
     </span>
    </p>
   </div>
   <div class='ocr_carea' id='block_1_84' title="bbox 2065 3691 3715 3760">
    <p class='ocr_par' dir='ltr' id='par_1_84' title="bbox 2065 3691 3715 3760">
     <span class='ocr_line' id='line_1_84' title="bbox 2065 3691 3715 3760; baseline 0.001 -14"><span class='ocrx_word' id='word_1_566' title='bbox 2065 3691 2225 3746; x_wconf 91' lang='lat' dir='ltr'>idem</span> <span class='ocrx_word' id='word_1_567' title='bbox 2254 3709 2391 3747; x_wconf 91' lang='lat' dir='ltr'>cum</span> <span class='ocrx_word' id='word_1_568' title='bbox 2420 3694 2742 3750; x_wconf 85' lang='lat' dir='ltr'>Athanasio</span> <span class='ocrx_word' id='word_1_569' title='bbox 2775 3696 3015 3751; x_wconf 89' lang='lat' dir='ltr'>sentire.</span> <span class='ocrx_word' id='word_1_570' title='bbox 3049 3698 3309 3760; x_wconf 89' lang='lat' dir='ltr'>Quorum</span> <span class='ocrx_word' id='word_1_571' title='bbox 3359 3696 3715 3750; x_wconf 88' lang='lat' dir='ltr'>sententiam</span> 
     </span>
    </p>
   </div>
   <div class='ocr_carea' id='block_1_85' title="bbox 2067 3782 3716 3856">
    <p class='ocr_par' dir='ltr' id='par_1_85' title="bbox 2067 3782 3716 3856">
     <span class='ocr_line' id='line_1_85' title="bbox 2067 3782 3716 3856; baseline 0.001 -20"><span class='ocrx_word' id='word_1_572' title='bbox 2067 3798 2203 3837; x_wconf 89' lang='lat' dir='ltr'>cum</span> <span class='ocrx_word' id='word_1_573' title='bbox 2235 3782 2309 3836; x_wconf 88' lang='lat' dir='ltr'>ad</span> <span class='ocrx_word' id='word_1_574' title='bbox 2336 3783 2621 3839; x_wconf 84' lang='lat' dir='ltr'>Joannem</span> <span class='ocrx_word' id='word_1_575' title='bbox 2652 3801 2866 3856; x_wconf 89' lang='lat' dir='ltr'>papam</span> <span class='ocrx_word' id='word_1_576' title='bbox 2922 3787 3252 3840; x_wconf 74' lang='lat' dir='ltr'>Romanum</span> <span class='ocrx_word' id='word_1_577' title='bbox 3299 3784 3716 3855; x_wconf 90' lang='lat' dir='ltr'>prescriberet,</span> 
     </span>
    </p>
   </div>
   <div class='ocr_carea' id='block_1_86' title="bbox 2069 3870 3720 3945">
    <p class='ocr_par' dir='ltr' id='par_1_86' title="bbox 2069 3870 3720 3945">
     <span class='ocr_line' id='line_1_86' title="bbox 2069 3870 3720 3945; baseline 0.001 -21"><span class='ocrx_word' id='word_1_578' title='bbox 2069 3875 2160 3925; x_wconf 89' lang='lat' dir='ltr'>est</span> <span class='ocrx_word' id='word_1_579' title='bbox 2186 3870 2310 3926; x_wconf 64' lang='lat' dir='ltr'>haec</span> <span class='ocrx_word' id='word_1_580' title='bbox 2339 3871 2413 3926; x_wconf 91' lang='lat' dir='ltr'>ab</span> <span class='ocrx_word' id='word_1_581' title='bbox 2444 3888 2512 3927; x_wconf 92' lang='lat' dir='ltr'>eo</span> <span class='ocrx_word' id='word_1_582' title='bbox 2540 3872 2894 3944; x_wconf 82' lang='lat' dir='ltr'>improbata.</span> <span class='ocrx_word' id='word_1_583' title='bbox 2931 3874 3174 3928; x_wconf 88' lang='lat' dir='ltr'>Interim</span> <span class='ocrx_word' id='word_1_584' title='bbox 3198 3874 3442 3945; x_wconf 86' lang='lat' dir='ltr'>Georgio</span> <span class='ocrx_word' id='word_1_585' title='bbox 3464 3873 3720 3927; x_wconf 76' lang='lat' dir='ltr'>Alexan-</span> 
     </span>
    </p>
   </div>
   <div class='ocr_carea' id='block_1_87' title="bbox 2070 3959 3716 4034">
    <p class='ocr_par' dir='ltr' id='par_1_87' title="bbox 2070 3959 3716 4034">
     <span class='ocr_line' id='line_1_87' title="bbox 2070 3959 3716 4034; baseline 0.001 -21"><span class='ocrx_word' id='word_1_586' title='bbox 2070 3959 2212 4014; x_wconf 65' lang='lat' dir='ltr'>driae</span> <span class='ocrx_word' id='word_1_587' title='bbox 2261 3960 2535 4032; x_wconf 90' lang='lat' dir='ltr'>episcopo</span> <span class='ocrx_word' id='word_1_588' title='bbox 2593 3968 2827 4017; x_wconf 93' lang='lat' dir='ltr'>mortuo</span> <span class='ocrx_word' id='word_1_589' title='bbox 2884 3968 3066 4034; x_wconf 81' lang='lat' dir='ltr'>Cyrus</span> <span class='ocrx_word' id='word_1_590' title='bbox 3123 3962 3435 4019; x_wconf 78' lang='lat' dir='ltr'>sufficitur.</span> <span class='ocrx_word' id='word_1_591' title='bbox 3495 3962 3600 4016; x_wconf 84' lang='lat' dir='ltr'>Hic</span> <span class='ocrx_word' id='word_1_592' title='bbox 3652 3961 3716 4014; x_wconf 90' lang='lat' dir='ltr'>in</span> 
     </span>
    </p>
   </div>
   <div class='ocr_carea' id='block_1_88' title="bbox 2071 4050 3719 4123">
    <p class='ocr_par' dir='ltr' id='par_1_88' title="bbox 2071 4050 3719 4123">
     <span class='ocr_line' id='line_1_88' title="bbox 2071 4050 3719 4123; baseline 0.002 -20"><span class='ocrx_word' id='word_1_593' title='bbox 2071 4050 2415 4104; x_wconf 89' lang='lat' dir='ltr'>societatem</span> <span class='ocrx_word' id='word_1_594' title='bbox 2467 4051 2651 4106; x_wconf 87' lang='lat' dir='ltr'>ascito</span> <span class='ocrx_word' id='word_1_595' title='bbox 2709 4050 3012 4107; x_wconf 91' lang='lat' dir='ltr'>Theodoro</span> <span class='ocrx_word' id='word_1_596' title='bbox 3083 4053 3389 4107; x_wconf 78' lang='lat' dir='ltr'>l’haraneo</span> <span class='ocrx_word' id='word_1_597' title='bbox 3442 4053 3719 4123; x_wconf 91' lang='lat' dir='ltr'>episcopo</span> 
     </span>
    </p>
   </div>
   <div class='ocr_carea' id='block_1_89' title="bbox 2071 4136 3720 4213">
    <p class='ocr_par' dir='ltr' id='par_1_89' title="bbox 2071 4136 3720 4213">
     <span class='ocr_line' id='line_1_89' title="bbox 2071 4136 3720 4213; baseline 0.002 -23"><span class='ocrx_word' id='word_1_598' title='bbox 2071 4136 2403 4192; x_wconf 87' lang='lat' dir='ltr'>unitionem</span> <span class='ocrx_word' id='word_1_599' title='bbox 2435 4139 2598 4193; x_wconf 90' lang='lat' dir='ltr'>illam</span> <span class='ocrx_word' id='word_1_600' title='bbox 2629 4156 2788 4210; x_wconf 91' lang='lat' dir='ltr'>aqua</span> <span class='ocrx_word' id='word_1_601' title='bbox 2843 4140 3341 4213; x_wconf 88' lang='lat' dir='ltr'>submergendam</span> <span class='ocrx_word' id='word_1_602' title='bbox 3391 4140 3720 4206; x_wconf 86' lang='lat' dir='ltr'>constituit,</span> 
     </span>
    </p>
   </div>
   <div class='ocr_carea' id='block_1_90' title="bbox 2071 4227 3722 4286">
    <p class='ocr_par' dir='ltr' id='par_1_90' title="bbox 2071 4227 3722 4286">
     <span class='ocr_line' id='line_1_90' title="bbox 2071 4227 3722 4286; baseline 0.001 -5"><span class='ocrx_word' id='word_1_603' title='bbox 2071 4227 2310 4281; x_wconf 89' lang='lat' dir='ltr'>unicam</span> <span class='ocrx_word' id='word_1_604' title='bbox 2357 4227 2587 4282; x_wconf 88' lang='lat' dir='ltr'>Christo</span> <span class='ocrx_word' id='word_1_605' title='bbox 2647 4230 2981 4284; x_wconf 88' lang='lat' dir='ltr'>naturalem</span> <span class='ocrx_word' id='word_1_606' title='bbox 3038 4230 3336 4286; x_wconf 89' lang='lat' dir='ltr'>actionem</span> <span class='ocrx_word' id='word_1_607' title='bbox 3364 4230 3722 4284; x_wconf 83' lang='lat' dir='ltr'>decernens.</span> 
     </span>
    </p>
   </div>
   <div class='ocr_carea' id='block_1_91' title="bbox 2075 4318 3722 4391">
    <p class='ocr_par' dir='ltr' id='par_1_91' title="bbox 2075 4318 3722 4391">
     <span class='ocr_line' id='line_1_91' title="bbox 2075 4318 3722 4391; baseline 0.001 -21"><span class='ocrx_word' id='word_1_608' title='bbox 2075 4320 2197 4371; x_wconf 83' lang='lat' dir='ltr'>Hoc</span> <span class='ocrx_word' id='word_1_609' title='bbox 2254 4333 2455 4371; x_wconf 88' lang='lat' dir='ltr'>rerum</span> <span class='ocrx_word' id='word_1_610' title='bbox 2514 4323 2670 4373; x_wconf 90' lang='lat' dir='ltr'>statu</span> <span class='ocrx_word' id='word_1_611' title='bbox 2727 4320 3094 4391; x_wconf 90' lang='lat' dir='ltr'>Sophronius</span> <span class='ocrx_word' id='word_1_612' title='bbox 3180 4318 3722 4388; x_wconf 88' lang='lat' dir='ltr'>Hierosolymorum</span> 
     </span>
    </p>
   </div>
   <div class='ocr_carea' id='block_1_92' title="bbox 2075 4405 3722 4480">
    <p class='ocr_par' dir='ltr' id='par_1_92' title="bbox 2075 4405 3722 4480">
     <span class='ocr_line' id='line_1_92' title="bbox 2075 4405 3722 4480; baseline 0.001 -21"><span class='ocrx_word' id='word_1_613' title='bbox 2075 4405 2387 4478; x_wconf 89' lang='lat' dir='ltr'>episcopus</span> <span class='ocrx_word' id='word_1_614' title='bbox 2416 4406 2715 4480; x_wconf 86' lang='lat' dir='ltr'>deligitur.</span> <span class='ocrx_word' id='word_1_615' title='bbox 2747 4409 2852 4464; x_wconf 86' lang='lat' dir='ltr'>Hic</span> <span class='ocrx_word' id='word_1_616' title='bbox 2881 4408 3218 4465; x_wconf 88' lang='lat' dir='ltr'>convocatis</span> <span class='ocrx_word' id='word_1_617' title='bbox 3245 4408 3558 4480; x_wconf 90' lang='lat' dir='ltr'>episcopis,</span> <span class='ocrx_word' id='word_1_618' title='bbox 3592 4407 3722 4476; x_wconf 88' lang='lat' dir='ltr'>qui-</span> 
     </span>
    </p>
   </div>
   <div class='ocr_carea' id='block_1_93' title="bbox 2074 4496 3720 4567">
    <p class='ocr_par' dir='ltr' id='par_1_93' title="bbox 2074 4496 3720 4567">
     <span class='ocr_line' id='line_1_93' title="bbox 2074 4496 3720 4567; baseline 0 -16"><span class='ocrx_word' id='word_1_619' title='bbox 2074 4496 2187 4551; x_wconf 89' lang='lat' dir='ltr'>bus</span> <span class='ocrx_word' id='word_1_620' title='bbox 2216 4502 2488 4567; x_wconf 68' lang='lat' dir='ltr'>praaerat,</span> <span class='ocrx_word' id='word_1_621' title='bbox 2521 4497 2826 4555; x_wconf 90' lang='lat' dir='ltr'>decretum</span> <span class='ocrx_word' id='word_1_622' title='bbox 2870 4499 3388 4555; x_wconf 83' lang='lat' dir='ltr'>Monothelitarum</span> <span class='ocrx_word' id='word_1_623' title='bbox 3440 4496 3720 4552; x_wconf 87' lang='lat' dir='ltr'>condem-</span> 
     </span>
    </p>
   </div>
   <div class='ocr_carea' id='block_1_94' title="bbox 313 4582 1959 4660">
    <p class='ocr_par' dir='ltr' id='par_1_94' title="bbox 313 4582 1959 4660">
     <span class='ocr_line' id='line_1_94' title="bbox 313 4582 1959 4660; baseline -0.001 -17"><span class='ocrx_word' id='word_1_624' title='bbox 313 4586 628 4649; x_wconf 87' lang='grc' dir='ltr'>νουπόλεως</span> <span class='ocrx_word' id='word_1_625' title='bbox 656 4587 746 4641; x_wconf 87' lang='grc' dir='ltr'><strong>καί</strong></span> <span class='ocrx_word' id='word_1_626' title='bbox 784 4586 1002 4660; x_wconf 80' lang='grc' dir='ltr'>Ἰωάννῃ</span> <span class='ocrx_word' id='word_1_627' title='bbox 1029 4589 1108 4657; x_wconf 81' lang='grc' dir='ltr'>τῷ</span> <span class='ocrx_word' id='word_1_628' title='bbox 1136 4585 1360 4658; x_wconf 86' lang='grc' dir='ltr'>Ῥώμης</span> <span class='ocrx_word' id='word_1_629' title='bbox 1392 4582 1726 4641; x_wconf 82' lang='grc' dir='ltr'>ἀπέστειλεν.</span> <span class='ocrx_word' id='word_1_630' title='bbox 1772 4585 1959 4643; x_wconf 85' lang='grc' dir='ltr'>Ἀκού-</span> 
     </span>
    </p>
   </div>
   <div class='ocr_carea' id='block_1_95' title="bbox 2071 4582 3726 4660">
    <p class='ocr_par' dir='ltr' id='par_1_95' title="bbox 2072 4587 3726 4660">
     <span class='ocr_line' id='line_1_95' title="bbox 2072 4587 3726 4660; baseline 0.001 -21"><span class='ocrx_word' id='word_1_631' title='bbox 2072 4590 2215 4653; x_wconf 78' lang='lat' dir='ltr'>nat;</span> <span class='ocrx_word' id='word_1_632' title='bbox 2246 4590 2495 4657; x_wconf 90' lang='lat' dir='ltr'>actaque</span> <span class='ocrx_word' id='word_1_633' title='bbox 2542 4587 2778 4642; x_wconf 91' lang='lat' dir='ltr'>concilii</span> <span class='ocrx_word' id='word_1_634' title='bbox 2827 4588 2917 4644; x_wconf 88' lang='lat' dir='ltr'>sui</span> <span class='ocrx_word' id='word_1_635' title='bbox 2974 4589 3050 4643; x_wconf 88' lang='lat' dir='ltr'>ad</span> <span class='ocrx_word' id='word_1_636' title='bbox 3100 4588 3365 4660; x_wconf 89' lang='lat' dir='ltr'>Sergium</span> <span class='ocrx_word' id='word_1_637' title='bbox 3413 4587 3612 4659; x_wconf 87' lang='lat' dir='ltr'>Cpolis</span> <span class='ocrx_word' id='word_1_638' title='bbox 3666 4591 3726 4640; x_wconf 93' lang='lat' dir='ltr'>et</span> 
     </span>
    </p>
   </div>
   <div class='ocr_carea' id='block_1_96' title="bbox 311 4672 1957 4750">
    <p class='ocr_par' dir='ltr' id='par_1_96' title="bbox 311 4672 1957 4750">
     <span class='ocr_line' id='line_1_96' title="bbox 311 4672 1957 4750; baseline -0.001 -19"><span class='ocrx_word' id='word_1_639' title='bbox 311 4696 408 4740; x_wconf 89' lang='grc' dir='ltr'>σας</span> <span class='ocrx_word' id='word_1_640' title='bbox 460 4672 517 4731; x_wconf 73' lang='grc' dir='ltr'>δὲ</span> <span class='ocrx_word' id='word_1_641' title='bbox 561 4679 728 4731; x_wconf 71' lang='grc' dir='ltr'>ταῦτα</span> <span class='ocrx_word' id='word_1_642' title='bbox 783 4673 1110 4750; x_wconf 76' lang='grc' dir='ltr'>Ἡράκλειος</span> <span class='ocrx_word' id='word_1_643' title='bbox 1162 4672 1438 4749; x_wconf 71' lang='grc' dir='ltr'>ᾐσχύνθη,</span> <span class='ocrx_word' id='word_1_644' title='bbox 1494 4672 1583 4727; x_wconf 82' lang='grc' dir='ltr'>καὶ</span> <span class='ocrx_word' id='word_1_645' title='bbox 1654 4672 1957 4731; x_wconf 80' lang='grc' dir='ltr'>κάταλῦσαι</span> 
     </span>
    </p>
   </div>
   <div class='ocr_carea' id='block_1_97' title="bbox 318 4760 1962 4838">
    <p class='ocr_par' dir='ltr' id='par_1_97' title="bbox 318 4760 1962 4838">
     <span class='ocr_line' id='line_1_97' title="bbox 318 4760 1962 4838; baseline 0 -19"><span class='ocrx_word' id='word_1_646' title='bbox 318 4766 412 4837; x_wconf 72' lang='grc' dir='ltr'>μὲν</span> <span class='ocrx_word' id='word_1_647' title='bbox 443 4765 509 4820; x_wconf 83' lang='grc' dir='ltr'>τὰ</span> <span class='ocrx_word' id='word_1_648' title='bbox 536 4764 708 4820; x_wconf 80' lang='grc' dir='ltr'>οἰκεὶα</span> <span class='ocrx_word' id='word_1_649' title='bbox 738 4765 840 4820; x_wconf 83' lang='grc' dir='ltr'>οὐκ</span> <span class='ocrx_word' id='word_1_650' title='bbox 870 4763 1127 4835; x_wconf 79' lang='grc' dir='ltr'>ἠθέλησε,</span> <span class='ocrx_word' id='word_1_651' title='bbox 1162 4763 1251 4818; x_wconf 82' lang='grc' dir='ltr'>καὶ</span> <span class='ocrx_word' id='word_1_652' title='bbox 1294 4760 1459 4817; x_wconf 87' lang='grc' dir='ltr'>πάλιν</span> <span class='ocrx_word' id='word_1_653' title='bbox 1511 4762 1601 4817; x_wconf 87' lang='grc' dir='ltr'>τὸν</span> <span class='ocrx_word' id='word_1_654' title='bbox 1653 4760 1962 4838; x_wconf 84' lang='grc' dir='ltr'>ὀνειδισμὸν</span> 
     </span>
    </p>
   </div>
   <div class='ocr_carea' id='block_1_98' title="bbox 2073 4675 3722 4749">
    <p class='ocr_par' dir='ltr' id='par_1_98' title="bbox 2073 4675 3722 4749">
     <span class='ocr_line' id='line_1_98' title="bbox 2073 4675 3722 4749; baseline -0.001 -19"><span class='ocrx_word' id='word_1_655' title='bbox 2073 4676 2217 4731; x_wconf 72' lang='grc'>787</span> <span class='ocrx_word' id='word_1_656' title='bbox 2252 4675 2542 4731; x_wconf 86' lang='lat' dir='ltr'>Joannem</span> <span class='ocrx_word' id='word_1_657' title='bbox 2573 4679 2774 4733; x_wconf 72' lang='lat' dir='ltr'>Romaa</span> <span class='ocrx_word' id='word_1_658' title='bbox 2804 4678 3115 4749; x_wconf 90' lang='lat' dir='ltr'>episcopos</span> <span class='ocrx_word' id='word_1_659' title='bbox 3146 4677 3347 4732; x_wconf 92' lang='lat' dir='ltr'>mittit.</span> <span class='ocrx_word' id='word_1_660' title='bbox 3383 4676 3484 4730; x_wconf 86' lang='lat' dir='ltr'>His</span> <span class='ocrx_word' id='word_1_661' title='bbox 3505 4675 3722 4731; x_wconf 86' lang='lat' dir='ltr'>auditis</span> 
     </span>
    </p>
   </div>
   <div class='ocr_carea' id='block_1_99' title="bbox 2074 4763 3724 4838">
    <p class='ocr_par' dir='ltr' id='par_1_99' title="bbox 2074 4763 3724 4838">
     <span class='ocr_line' id='line_1_99' title="bbox 2074 4763 3724 4838; baseline -0.001 -19"><span class='ocrx_word' id='word_1_662' title='bbox 2074 4763 2380 4821; x_wconf 86' lang='lat' dir='ltr'>Heraclius</span> <span class='ocrx_word' id='word_1_663' title='bbox 2411 4764 2636 4837; x_wconf 90' lang='lat' dir='ltr'>pudore</span> <span class='ocrx_word' id='word_1_664' title='bbox 2669 4768 2938 4837; x_wconf 79' lang='lat' dir='ltr'>atiectus,</span> <span class='ocrx_word' id='word_1_665' title='bbox 2972 4784 3107 4822; x_wconf 87' lang='lat' dir='ltr'>cum</span> <span class='ocrx_word' id='word_1_666' title='bbox 3139 4783 3332 4838; x_wconf 91' lang='lat' dir='ltr'>neque</span> <span class='ocrx_word' id='word_1_667' title='bbox 3366 4782 3473 4822; x_wconf 89' lang='lat' dir='ltr'>sua</span> <span class='ocrx_word' id='word_1_668' title='bbox 3501 4765 3724 4821; x_wconf 86' lang='lat' dir='ltr'>rescin—</span> 
     </span>
    </p>
   </div>
   <div class='ocr_carea' id='block_1_100' title="bbox 1515 4903 2521 4965">
    <p class='ocr_par' dir='ltr' id='par_1_100' title="bbox 1515 4903 2521 4965">
     <span class='ocr_line' id='line_1_100' title="bbox 1515 4903 2521 4965; baseline 0.007 -8"><span class='ocrx_word' id='word_1_669' title='bbox 1515 4903 1877 4962; x_wconf 83' lang='lat' dir='ltr'>XYLANDRI</span> <span class='ocrx_word' id='word_1_670' title='bbox 1915 4909 2002 4962; x_wconf 92' lang='lat' dir='ltr'><strong>ET</strong></span> <span class='ocrx_word' id='word_1_671' title='bbox 2041 4907 2258 4963; x_wconf 84' lang='lat' dir='ltr'>GOARI</span> <span class='ocrx_word' id='word_1_672' title='bbox 2296 4907 2521 4965; x_wconf 75' lang='lat' dir='ltr'>NOTE.</span> 
     </span>
    </p>
   </div>
   <div class='ocr_carea' id='block_1_101' title="bbox 386 5046 1963 5120">
    <p class='ocr_par' dir='ltr' id='par_1_101' title="bbox 386 5046 1963 5120">
     <span class='ocr_line' id='line_1_101' title="bbox 386 5046 1963 5120; baseline 0.002 -17"><span class='ocrx_word' id='word_1_673' title='bbox 386 5052 489 5120; x_wconf 63' lang='lat'>(64)</span> <span class='ocrx_word' id='word_1_674' title='bbox 524 5051 629 5116; x_wconf 88' lang='lat' dir='ltr'>Qui</span> <span class='ocrx_word' id='word_1_675' title='bbox 661 5050 860 5107; x_wconf 83' lang='lat' dir='ltr'>Jacobi</span> <span class='ocrx_word' id='word_1_676' title='bbox 891 5049 1019 5119; x_wconf 90' lang='lat' dir='ltr'>Syri</span> <span class='ocrx_word' id='word_1_677' title='bbox 1066 5046 1377 5120; x_wconf 81' lang='lat' dir='ltr'>cujusdam</span> <span class='ocrx_word' id='word_1_678' title='bbox 1426 5047 1702 5120; x_wconf 83' lang='lat' dir='ltr'>monachi</span> <span class='ocrx_word' id='word_1_679' title='bbox 1750 5065 1963 5120; x_wconf 87' lang='lat' dir='ltr'>sequa-</span> 
     </span>
    </p>
   </div>
   <div class='ocr_carea' id='block_1_102' title="bbox 313 5117 1967 5193">
    <p class='ocr_par' dir='ltr' id='par_1_102' title="bbox 313 5117 1967 5193">
     <span class='ocr_line' id='line_1_102' title="bbox 313 5117 1967 5193; baseline 0.002 -17"><span class='ocrx_word' id='word_1_680' title='bbox 313 5117 432 5193; x_wconf 81' lang='lat' dir='ltr'>ces,</span> <span class='ocrx_word' id='word_1_681' title='bbox 466 5140 534 5178; x_wconf 93' lang='lat' dir='ltr'>ac</span> <span class='ocrx_word' id='word_1_682' title='bbox 565 5122 842 5193; x_wconf 90' lang='lat' dir='ltr'>Eutychis</span> <span class='ocrx_word' id='word_1_683' title='bbox 873 5117 1317 5174; x_wconf 73' lang='lat' dir='ltr'>etDioscOridis</span> <span class='ocrx_word' id='word_1_684' title='bbox 1349 5117 1427 5193; x_wconf 16' lang='lat' dir='ltr'>in,</span> <span class='ocrx_word' id='word_1_685' title='bbox 1459 5118 1759 5189; x_wconf 89' lang='lat' dir='ltr'>plerisque</span> <span class='ocrx_word' id='word_1_686' title='bbox 1801 5117 1967 5179; x_wconf 78' lang='lat' dir='ltr'>asse-</span> 
     </span>
    </p>
   </div>
   <div class='ocr_carea' id='block_1_103' title="bbox 314 5192 1963 5266">
    <p class='ocr_par' dir='ltr' id='par_1_103' title="bbox 314 5192 1963 5266">
     <span class='ocr_line' id='line_1_103' title="bbox 314 5192 1963 5266; baseline 0.002 -19"><span class='ocrx_word' id='word_1_687' title='bbox 314 5192 437 5266; x_wconf 71' lang='lat' dir='ltr'>claa.</span> <span class='ocrx_word' id='word_1_688' title='bbox 473 5195 617 5266; x_wconf 91' lang='lat' dir='ltr'>Lege</span> <span class='ocrx_word' id='word_1_689' title='bbox 648 5192 781 5248; x_wconf 85' lang='lat' dir='ltr'>vero</span> <span class='ocrx_word' id='word_1_690' title='bbox 809 5209 1034 5266; x_wconf 86' lang='lat' dir='ltr'>annum</span> <span class='ocrx_word' id='word_1_691' title='bbox 1093 5194 1209 5266; x_wconf 86' lang='lat'>20,_</span> <span class='ocrx_word' id='word_1_692' title='bbox 1237 5206 1357 5244; x_wconf 88' lang='lat' dir='ltr'>non</span> <span class='ocrx_word' id='word_1_693' title='bbox 1407 5192 1496 5261; x_wconf 75' lang='lat'>25,</span> <span class='ocrx_word' id='word_1_694' title='bbox 1547 5194 1613 5244; x_wconf 88' lang='lat' dir='ltr'>ut</span> <span class='ocrx_word' id='word_1_695' title='bbox 1667 5207 1963 5250; x_wconf 88' lang='lat' dir='ltr'>annorum</span> 
     </span>
    </p>
   </div>
   <div class='ocr_carea' id='block_1_104' title="bbox 313 5263 1348 5321">
    <p class='ocr_par' dir='ltr' id='par_1_104' title="bbox 313 5263 1348 5321">
     <span class='ocr_line' id='line_1_104' title="bbox 313 5263 1348 5321; baseline -0.005 -1"><span class='ocrx_word' id='word_1_696' title='bbox 313 5265 500 5320; x_wconf 88' lang='lat' dir='ltr'>series</span> <span class='ocrx_word' id='word_1_697' title='bbox 536 5263 655 5321; x_wconf 77' lang='lat' dir='ltr'>non</span> <span class='ocrx_word' id='word_1_698' title='bbox 686 5263 1139 5320; x_wconf 87' lang='lat' dir='ltr'>interturbetur.</span> <span class='ocrx_word' id='word_1_699' title='bbox 1173 5263 1348 5316; x_wconf 79' lang='lat' dir='ltr'>GOAR.</span> 
     </span>
    </p>
   </div>
   <div class='ocr_carea' id='block_1_105' title="bbox 383 5331 1968 5407">
    <p class='ocr_par' dir='ltr' id='par_1_105' title="bbox 383 5331 1968 5407">
     <span class='ocr_line' id='line_1_105' title="bbox 383 5331 1968 5407; baseline 0.001 -17"><span class='ocrx_word' id='word_1_700' title='bbox 383 5338 500 5407; x_wconf 78' lang='lat'>(65)</span> <span class='ocrx_word' id='word_1_701' title='bbox 530 5336 858 5393; x_wconf 86' lang='lat' dir='ltr'>Phasclidis</span> <span class='ocrx_word' id='word_1_702' title='bbox 888 5334 1068 5407; x_wconf 85' lang='lat' dir='ltr'>habet</span> <span class='ocrx_word' id='word_1_703' title='bbox 1097 5332 1310 5407; x_wconf 86' lang='lat' dir='ltr'>Paulus</span> <span class='ocrx_word' id='word_1_704' title='bbox 1339 5331 1581 5407; x_wconf 79' lang='lat' dir='ltr'>Diacon.</span> <span class='ocrx_word' id='word_1_705' title='bbox 1623 5331 1663 5386; x_wconf 94' lang='lat' dir='ltr'>l.</span> <span class='ocrx_word' id='word_1_706' title='bbox 1720 5350 1869 5404; x_wconf 81' lang='lat' dir='ltr'>xvm,</span> <span class='ocrx_word' id='word_1_707' title='bbox 1902 5343 1968 5392; x_wconf 90' lang='lat' dir='ltr'>ut</span> 
     </span>
    </p>
   </div>
   <div class='ocr_carea' id='block_1_106' title="bbox 312 5403 1965 5465">
    <p class='ocr_par' dir='ltr' id='par_1_106' title="bbox 312 5403 1965 5465">
     <span class='ocr_line' id='line_1_106' title="bbox 312 5403 1965 5465; baseline 0.001 -3"><span class='ocrx_word' id='word_1_708' title='bbox 312 5403 451 5462; x_wconf 72' lang='lat' dir='ltr'>in?</span> <span class='ocrx_word' id='word_1_709' title='bbox 483 5403 760 5465; x_wconf 82' lang='lat' dir='ltr'>centuria</span> <span class='ocrx_word' id='word_1_710' title='bbox 816 5406 1078 5461; x_wconf 61' lang='lat' dir='ltr'>historia;</span> <span class='ocrx_word' id='word_1_711' title='bbox 1130 5403 1554 5459; x_wconf 70' lang='lat' dir='ltr'>Ecclesiasticaa</span> <span class='ocrx_word' id='word_1_712' title='bbox 1608 5420 1772 5460; x_wconf 67' lang='lat' dir='ltr'>nova)</span> <span class='ocrx_word' id='word_1_713' title='bbox 1822 5408 1965 5464; x_wconf 87' lang='lat' dir='ltr'>cita-</span> 
     </span>
    </p>
   </div>
   <div class='ocr_carea' id='block_1_107' title="bbox 314 5473 1970 5547">
    <p class='ocr_par' dir='ltr' id='par_1_107' title="bbox 314 5473 1970 5547">
     <span class='ocr_line' id='line_1_107' title="bbox 314 5473 1970 5547; baseline 0.001 -14"><span class='ocrx_word' id='word_1_714' title='bbox 314 5485 431 5534; x_wconf 89' lang='lat' dir='ltr'>tur:</span> <span class='ocrx_word' id='word_1_715' title='bbox 466 5481 566 5535; x_wconf 89' lang='lat' dir='ltr'>Est</span> <span class='ocrx_word' id='word_1_716' title='bbox 596 5486 795 5536; x_wconf 89' lang='lat' dir='ltr'>autem</span> <span class='ocrx_word' id='word_1_717' title='bbox 826 5477 1093 5532; x_wconf 86' lang='lat' dir='ltr'>Phaselis</span> <span class='ocrx_word' id='word_1_718' title='bbox 1137 5474 1498 5547; x_wconf 65' lang='lat' dir='ltr'>Pamphylia)</span> <span class='ocrx_word' id='word_1_719' title='bbox 1550 5473 1690 5529; x_wconf 92' lang='lat' dir='ltr'>urbs</span> <span class='ocrx_word' id='word_1_720' title='bbox 1739 5479 1970 5534; x_wconf 90' lang='lat' dir='ltr'>mariti-</span> 
     </span>
    </p>
   </div>
   <div class='ocr_carea' id='block_1_108' title="bbox 312 5543 1965 5623">
    <p class='ocr_par' dir='ltr' id='par_1_108' title="bbox 312 5543 1965 5623">
     <span class='ocr_line' id='line_1_108' title="bbox 312 5543 1965 5623; baseline 0.001 -17"><span class='ocrx_word' id='word_1_721' title='bbox 312 5567 433 5617; x_wconf 88' lang='lat' dir='ltr'>ma,</span> <span class='ocrx_word' id='word_1_722' title='bbox 468 5552 655 5623; x_wconf 81' lang='lat' dir='ltr'>Lyciae</span> <span class='ocrx_word' id='word_1_723' title='bbox 690 5549 1047 5623; x_wconf 83' lang='lat' dir='ltr'>propinqua._</span> <span class='ocrx_word' id='word_1_724' title='bbox 1073 5548 1143 5603; x_wconf 91' lang='lat' dir='ltr'>Et</span> <span class='ocrx_word' id='word_1_725' title='bbox 1168 5543 1323 5623; x_wconf 71' lang='lat' dir='ltr'>hanc</span> <span class='ocrx_word' id='word_1_726' title='bbox 1352 5543 1670 5623; x_wconf 73' lang='lat' dir='ltr'>lectionem</span> <span class='ocrx_word' id='word_1_727' title='bbox 1691 5549 1965 5623; x_wconf 79' lang='lat' dir='ltr'>praefero,</span> 
     </span>
    </p>
   </div>
   <div class='ocr_carea' id='block_1_109' title="bbox 317 5615 1970 5694">
    <p class='ocr_par' dir='ltr' id='par_1_109' title="bbox 317 5615 1970 5694">
     <span class='ocr_line' id='line_1_109' title="bbox 317 5615 1970 5694; baseline 0.001 -17"><span class='ocrx_word' id='word_1_728' title='bbox 317 5615 660 5694; x_wconf 75' lang='lat' dir='ltr'>quanquam</span> <span class='ocrx_word' id='word_1_729' title='bbox 679 5615 950 5676; x_wconf 67' lang='lat' dir='ltr'>Phasidis</span> <span class='ocrx_word' id='word_1_730' title='bbox 972 5619 1148 5674; x_wconf 87' lang='lat' dir='ltr'>etiam</span> <span class='ocrx_word' id='word_1_731' title='bbox 1167 5615 1843 5676; x_wconf 46' lang='lat' dir='ltr'>ZomarashabeathvL.</span> <span class='ocrx_word' id='word_1_732' title='bbox 1859 5615 1970 5678; x_wconf 88' lang='lat' dir='ltr'>To-</span> 
     </span>
    </p>
   </div>
   <div class='ocr_carea' id='block_1_110' title="bbox 2076 5051 3723 5122">
    <p class='ocr_par' dir='ltr' id='par_1_110' title="bbox 2076 5051 3723 5122">
     <span class='ocr_line' id='line_1_110' title="bbox 2076 5051 3723 5122; baseline -0.002 -16"><span class='ocrx_word' id='word_1_733' title='bbox 2076 5058 2133 5106; x_wconf 95' lang='lat' dir='ltr'>to</span> <span class='ocrx_word' id='word_1_734' title='bbox 2165 5051 2355 5122; x_wconf 91' lang='lat' dir='ltr'>spatio</span> <span class='ocrx_word' id='word_1_735' title='bbox 2387 5067 2420 5104; x_wconf 88' lang='lat' dir='ltr'>a</span> <span class='ocrx_word' id='word_1_736' title='bbox 2450 5051 2688 5107; x_wconf 76' lang='lat' dir='ltr'>Phaside</span> <span class='ocrx_word' id='word_1_737' title='bbox 2716 5056 2987 5107; x_wconf 81' lang='lat' dir='ltr'>Lazarum</span> <span class='ocrx_word' id='word_1_738' title='bbox 3016 5052 3295 5107; x_wconf 81' lang='lat' dir='ltr'>Colchidos</span> <span class='ocrx_word' id='word_1_739' title='bbox 3324 5052 3455 5106; x_wconf 85' lang='lat' dir='ltr'>urbe</span> <span class='ocrx_word' id='word_1_740' title='bbox 3506 5056 3555 5122; x_wconf 78' lang='lat' dir='ltr'>et</span> <span class='ocrx_word' id='word_1_741' title='bbox 3614 5052 3723 5117; x_wconf 81' lang='lat' dir='ltr'>ﬂu-</span> 
     </span>
    </p>
   </div>
   <div class='ocr_carea' id='block_1_111' title="bbox 2071 5121 3721 5205">
    <p class='ocr_par' dir='ltr' id='par_1_111' title="bbox 2071 5121 3721 5205">
     <span class='ocr_line' id='line_1_111' title="bbox 2071 5121 3721 5205; baseline -0.002 -28"><span class='ocrx_word' id='word_1_742' title='bbox 2071 5121 2263 5205; x_wconf 33' lang='lat' dir='ltr'>vioﬂad</span> <span class='ocrx_word' id='word_1_743' title='bbox 2289 5122 2588 5205; x_wconf 58' lang='lat' dir='ltr'>Phaselim</span> <span class='ocrx_word' id='word_1_744' title='bbox 2619 5125 2982 5195; x_wconf 61' lang='lat' dir='ltr'>Pamphylia:</span> <span class='ocrx_word' id='word_1_745' title='bbox 3026 5124 3262 5178; x_wconf 88' lang='lat' dir='ltr'>aberrat</span> <span class='ocrx_word' id='word_1_746' title='bbox 3308 5121 3610 5193; x_wconf 80' lang='lat' dir='ltr'>Xylander</span> <span class='ocrx_word' id='word_1_747' title='bbox 3658 5122 3721 5175; x_wconf 89' lang='lat' dir='ltr'>in</span> 
     </span>
    </p>
   </div>
   <div class='ocr_carea' id='block_1_112' title="bbox 2073 5194 3717 5338">
    <p class='ocr_par' dir='ltr' id='par_1_112' title="bbox 2073 5194 3717 5338">
     <span class='ocr_line' id='line_1_112' title="bbox 2073 5194 2783 5249; baseline -0.004 0"><span class='ocrx_word' id='word_1_748' title='bbox 2073 5194 2249 5249; x_wconf 89' lang='lat' dir='ltr'>notis.</span> <span class='ocrx_word' id='word_1_749' title='bbox 2284 5194 2458 5247; x_wconf 57' lang='lat' dir='ltr'>Goan.</span> <span class='ocrx_word' id='word_1_750' title='bbox 2768 5194 2783 5195; x_wconf 32' lang='grc' dir='ltr'>ί</span> 
     </span>
     <span class='ocr_line' id='line_1_113' title="bbox 2147 5263 3717 5338; baseline 0.001 -20"><span class='ocrx_word' id='word_1_751' title='bbox 2147 5264 2258 5337; x_wconf 84' lang='lat'>(66)</span> <span class='ocrx_word' id='word_1_752' title='bbox 2292 5264 2437 5318; x_wconf 83' lang='lat' dir='ltr'>Urbs</span> <span class='ocrx_word' id='word_1_753' title='bbox 2470 5269 2557 5320; x_wconf 87' lang='lat' dir='ltr'>est</span> <span class='ocrx_word' id='word_1_754' title='bbox 2586 5266 2741 5319; x_wconf 86' lang='lat' dir='ltr'>inter</span> <span class='ocrx_word' id='word_1_755' title='bbox 2769 5268 3075 5338; x_wconf 73' lang='lat' dir='ltr'>.Egyptum</span> <span class='ocrx_word' id='word_1_756' title='bbox 3107 5270 3167 5319; x_wconf 92' lang='lat' dir='ltr'>et</span> <span class='ocrx_word' id='word_1_757' title='bbox 3197 5263 3471 5320; x_wconf 88' lang='lat' dir='ltr'>Arabiam</span> <span class='ocrx_word' id='word_1_758' title='bbox 3504 5264 3717 5320; x_wconf 82' lang='lat' dir='ltr'>inedia.</span> 
     </span>
    </p>
   </div>
   <div class='ocr_carea' id='block_1_113' title="bbox 2075 5338 3726 5479">
    <p class='ocr_par' dir='ltr' id='par_1_113' title="bbox 2075 5338 3726 5479">
     <span class='ocr_line' id='line_1_114' title="bbox 2075 5338 3726 5479; baseline 0.001 -17"><span class='ocrx_word' id='word_1_759' title='bbox 2075 5338 2259 5477; x_wconf 41' lang='lat'>6‘16?)</span> <span class='ocrx_word' id='word_1_760' title='bbox 2289 5408 2454 5479; x_wconf 72' lang='lat' dir='ltr'>Aqua</span> <span class='ocrx_word' id='word_1_761' title='bbox 2481 5407 2927 5478; x_wconf 79' lang='lat' dir='ltr'>submergendam</span> <span class='ocrx_word' id='word_1_762' title='bbox 2959 5407 3207 5464; x_wconf 80' lang='lat' dir='ltr'>fortasse</span> <span class='ocrx_word' id='word_1_763' title='bbox 3227 5408 3415 5464; x_wconf 90' lang='lat' dir='ltr'>diluta</span> <span class='ocrx_word' id='word_1_764' title='bbox 3437 5413 3496 5463; x_wconf 88' lang='lat' dir='ltr'>et</span> <span class='ocrx_word' id='word_1_765' title='bbox 3521 5408 3726 5479; x_wconf 86' lang='lat' dir='ltr'>inepta</span> 
     </span>
    </p>
   </div>
   <div class='ocr_carea' id='block_1_114' title="bbox 2077 5477 3727 5548">
    <p class='ocr_par' dir='ltr' id='par_1_114' title="bbox 2077 5477 3727 5548">
     <span class='ocr_line' id='line_1_115' title="bbox 2077 5477 3727 5548; baseline 0.001 -14"><span class='ocrx_word' id='word_1_766' title='bbox 2077 5495 2145 5534; x_wconf 91' lang='lat' dir='ltr'>ac</span> <span class='ocrx_word' id='word_1_767' title='bbox 2166 5477 2393 5533; x_wconf 84' lang='lat' dir='ltr'>futulis.</span> <span class='ocrx_word' id='word_1_768' title='bbox 2428 5481 2569 5533; x_wconf 84' lang='lat' dir='ltr'>XvL.</span> <span class='ocrx_word' id='word_1_769' title='bbox 2590 5510 2657 5517; x_wconf 98' lang='lat'><strong>—</strong></span> <span class='ocrx_word' id='word_1_770' title='bbox 2679 5479 3012 5534; x_wconf 89' lang='lat' dir='ltr'>Correctius</span> <span class='ocrx_word' id='word_1_771' title='bbox 3044 5481 3241 5535; x_wconf 82' lang='lat' dir='ltr'>leniter</span> <span class='ocrx_word' id='word_1_772' title='bbox 3271 5484 3539 5546; x_wconf 85' lang='lat' dir='ltr'>tinctam;</span> <span class='ocrx_word' id='word_1_773' title='bbox 3579 5477 3727 5548; x_wconf 69' lang='lat' dir='ltr'>futi-</span> 
     </span>
    </p>
   </div>
   <div class='ocr_carea' id='block_1_115' title="bbox 2078 5550 3728 5624">
    <p class='ocr_par' dir='ltr' id='par_1_115' title="bbox 2078 5550 3728 5624">
     <span class='ocr_line' id='line_1_116' title="bbox 2078 5550 3728 5624; baseline 0.001 -20"><span class='ocrx_word' id='word_1_774' title='bbox 2078 5550 2181 5607; x_wconf 88' lang='lat' dir='ltr'>lem</span> <span class='ocrx_word' id='word_1_775' title='bbox 2207 5554 2271 5624; x_wconf 88' lang='lat' dir='ltr'>_et</span> <span class='ocrx_word' id='word_1_776' title='bbox 2297 5553 2541 5618; x_wconf 86' lang='lat' dir='ltr'>fucatam</span> <span class='ocrx_word' id='word_1_777' title='bbox 2572 5551 2792 5607; x_wconf 91' lang='lat' dir='ltr'>rectius</span> <span class='ocrx_word' id='word_1_778' title='bbox 2823 5551 3039 5607; x_wconf 85' lang='lat' dir='ltr'>dixeris</span> <span class='ocrx_word' id='word_1_779' title='bbox 3071 5569 3249 5623; x_wconf 88' lang='lat' dir='ltr'>quam</span> <span class='ocrx_word' id='word_1_780' title='bbox 3292 5570 3441 5624; x_wconf 87' lang='lat' dir='ltr'>aqua</span> <span class='ocrx_word' id='word_1_781' title='bbox 3482 5553 3728 5608; x_wconf 88' lang='lat' dir='ltr'>submer-</span> 
     </span>
    </p>
   </div>
   <div class='ocr_carea' id='block_1_116' title="bbox 2076 5622 2558 5693">
    <p class='ocr_par' dir='ltr' id='par_1_116' title="bbox 2076 5622 2558 5693">
     <span class='ocr_line' id='line_1_117' title="bbox 2076 5622 2558 5693; baseline -0.002 -16"><span class='ocrx_word' id='word_1_782' title='bbox 2076 5622 2343 5693; x_wconf 84' lang='lat' dir='ltr'>gendam.</span> <span class='ocrx_word' id='word_1_783' title='bbox 2388 5624 2558 5677; x_wconf 65' lang='lat' dir='ltr'>Gen.</span> 
     </span>
    </p>
   </div>
  </div>
