  <div class='ocr_page' id='page_1' title='image "/cluster/home/n/w/nwhite01/storage/ocr_20150623/121/mdp.39015078384289/411.png"; bbox 0 0 4108 6300; ppageno 0'>
   <div class='ocr_carea' id='block_1_1' title="bbox 457 287 575 347">
    <p class='ocr_par' dir='ltr' id='par_1_1' title="bbox 457 287 575 347">
     <span class='ocr_line' id='line_1_1' title="bbox 457 287 575 347; baseline 0 0"><span class='ocrx_word' id='word_1_1' title='bbox 457 287 575 347; x_wconf 76' lang='grc'><strong>807</strong></span> 
     </span>
    </p>
   </div>
   <div class='ocr_carea' id='block_1_2' title="bbox 1814 277 2518 342">
    <p class='ocr_par' dir='ltr' id='par_1_2' title="bbox 1814 277 2518 342">
     <span class='ocr_line' id='line_1_2' title="bbox 1814 277 2518 342; baseline 0 0"><span class='ocrx_word' id='word_1_2' title='bbox 1814 277 2129 342; x_wconf 80' lang='lat' dir='ltr'><strong>GEORGII</strong></span> <span class='ocrx_word' id='word_1_3' title='bbox 2175 279 2518 342; x_wconf 78' lang='lat' dir='ltr'><strong>CEDRENI</strong></span> 
     </span>
    </p>
   </div>
   <div class='ocr_carea' id='block_1_3' title="bbox 3743 289 3856 350">
    <p class='ocr_par' dir='ltr' id='par_1_3' title="bbox 3743 289 3856 350">
     <span class='ocr_line' id='line_1_3' title="bbox 3743 289 3856 350; baseline 0 0"><span class='ocrx_word' id='word_1_4' title='bbox 3743 289 3856 350; x_wconf 89' lang='lat'><strong>808</strong></span> 
     </span>
    </p>
   </div>
   <div class='ocr_carea' id='block_1_4' title="bbox 455 410 2073 492">
    <p class='ocr_par' dir='ltr' id='par_1_4' title="bbox 455 412 2073 487">
     <span class='ocr_line' id='line_1_4' title="bbox 455 412 2073 487; baseline -0.004 -13"><span class='ocrx_word' id='word_1_5' title='bbox 455 417 598 474; x_wconf 91' lang='lat' dir='ltr'><strong>dere</strong></span> <span class='ocrx_word' id='word_1_6' title='bbox 619 417 798 473; x_wconf 84' lang='lat' dir='ltr'><strong>vellet</strong></span> <span class='ocrx_word' id='word_1_7' title='bbox 820 419 878 472; x_wconf 87' lang='lat' dir='ltr'><strong>et</strong></span> <span class='ocrx_word' id='word_1_8' title='bbox 906 413 1355 487; x_wconf 87' lang='lat' dir='ltr'><strong>exprobationes</strong></span> <span class='ocrx_word' id='word_1_9' title='bbox 1385 429 1506 468; x_wconf 89' lang='lat' dir='ltr'><strong>non</strong></span> <span class='ocrx_word' id='word_1_10' title='bbox 1536 413 1876 484; x_wconf 78' lang='lat' dir='ltr'><strong>sustineret,</strong></span> <span class='ocrx_word' id='word_1_11' title='bbox 1908 412 2073 469; x_wconf 41' lang='lat' dir='ltr'><strong>edicti</strong></span> 
     </span>
    </p>
   </div>
   <div class='ocr_carea' id='block_1_5' title="bbox 2188 410 3858 492">
    <p class='ocr_par' dir='ltr' id='par_1_5' title="bbox 2219 410 3858 492">
     <span class='ocr_line' id='line_1_5' title="bbox 2219 410 3858 492; baseline 0.002 -23"><span class='ocrx_word' id='word_1_12' title='bbox 2219 411 2298 483; x_wconf 79' lang='grc' dir='ltr'>μὴ</span> <span class='ocrx_word' id='word_1_13' title='bbox 2329 411 2504 490; x_wconf 72' lang='grc' dir='ltr'>φέρων</span> <span class='ocrx_word' id='word_1_14' title='bbox 2536 410 2800 470; x_wconf 75' lang='grc' dir='ltr'><strong>ἐκτίθεται</strong></span> <span class='ocrx_word' id='word_1_15' title='bbox 2856 412 3066 470; x_wconf 71' lang='grc' dir='ltr'>ἵδικτον</span> <span class='ocrx_word' id='word_1_16' title='bbox 3123 417 3234 488; x_wconf 86' lang='grc'>(68)</span> <span class='ocrx_word' id='word_1_17' title='bbox 3287 417 3374 490; x_wconf 88' lang='grc' dir='ltr'><strong>[Ρ.</strong></span> <span class='ocrx_word' id='word_1_18' title='bbox 3423 417 3552 489; x_wconf 73' lang='grc'><strong>421]</strong></span> <span class='ocrx_word' id='word_1_19' title='bbox 3604 416 3858 492; x_wconf 78' lang='grc' dir='ltr'><strong>περιέχον</strong></span> 
     </span>
    </p>
   </div>
   <div class='ocr_carea' id='block_1_6' title="bbox 455 501 2102 563">
    <p class='ocr_par' dir='ltr' id='par_1_6' title="bbox 455 501 2102 563">
     <span class='ocr_line' id='line_1_6' title="bbox 455 501 2102 563; baseline -0.004 0"><span class='ocrx_word' id='word_1_20' title='bbox 455 509 648 563; x_wconf 78' lang='lat' dir='ltr'><strong>sancit</strong></span> <span class='ocrx_word' id='word_1_21' title='bbox 675 523 748 562; x_wconf 89' lang='lat' dir='ltr'><strong>ne</strong></span> <span class='ocrx_word' id='word_1_22' title='bbox 778 505 867 560; x_wconf 88' lang='lat' dir='ltr'><strong>vel</strong></span> <span class='ocrx_word' id='word_1_23' title='bbox 897 505 1133 561; x_wconf 86' lang='lat' dir='ltr'><strong>unicam</strong></span> <span class='ocrx_word' id='word_1_24' title='bbox 1166 503 1254 558; x_wconf 88' lang='lat' dir='ltr'><strong>vel</strong></span> <span class='ocrx_word' id='word_1_25' title='bbox 1285 502 1432 558; x_wconf 88' lang='lat' dir='ltr'><strong>duas</strong></span> <span class='ocrx_word' id='word_1_26' title='bbox 1462 502 1523 557; x_wconf 92' lang='lat' dir='ltr'><strong>in</strong></span> <span class='ocrx_word' id='word_1_27' title='bbox 1575 502 1802 558; x_wconf 84' lang='lat' dir='ltr'><strong>Christo</strong></span> <span class='ocrx_word' id='word_1_28' title='bbox 1838 501 2102 558; x_wconf 85' lang='lat' dir='ltr'><strong>actiones</strong></span> 
     </span>
    </p>
   </div>
   <div class='ocr_carea' id='block_1_7' title="bbox 453 591 2101 668">
    <p class='ocr_par' dir='ltr' id='par_1_7' title="bbox 453 591 2101 668">
     <span class='ocr_line' id='line_1_7' title="bbox 453 591 2101 668; baseline -0.004 -16"><span class='ocrx_word' id='word_1_29' title='bbox 453 598 766 668; x_wconf 86' lang='lat' dir='ltr'><strong>quisquam</strong></span> <span class='ocrx_word' id='word_1_30' title='bbox 825 595 1196 657; x_wconf 79' lang='lat' dir='ltr'><strong>confiteatur,</strong></span> <span class='ocrx_word' id='word_1_31' title='bbox 1256 593 1453 664; x_wconf 90' lang='lat' dir='ltr'><strong>Sergio</strong></span> <span class='ocrx_word' id='word_1_32' title='bbox 1523 597 1778 656; x_wconf 90' lang='lat' dir='ltr'><strong>mortuo,</strong></span> <span class='ocrx_word' id='word_1_33' title='bbox 1837 591 2101 663; x_wconf 83' lang='lat' dir='ltr'><strong>Pyrrhus</strong></span> 
     </span>
    </p>
   </div>
   <div class='ocr_carea' id='block_1_8' title="bbox 451 683 2099 758">
    <p class='ocr_par' dir='ltr' id='par_1_8' title="bbox 451 683 2099 758">
     <span class='ocr_line' id='line_1_8' title="bbox 451 683 2099 758; baseline -0.004 -17"><span class='ocrx_word' id='word_1_34' title='bbox 451 685 816 758; x_wconf 82' lang='lat' dir='ltr'><strong>episcopatui</strong></span> <span class='ocrx_word' id='word_1_35' title='bbox 845 684 1152 756; x_wconf 90' lang='lat' dir='ltr'><strong>Cpolitano</strong></span> <span class='ocrx_word' id='word_1_36' title='bbox 1183 684 1527 754; x_wconf 69' lang='lat' dir='ltr'><strong>prteficitur.</strong></span> <span class='ocrx_word' id='word_1_37' title='bbox 1565 684 1633 736; x_wconf 90' lang='lat' dir='ltr'><strong>Et</strong></span> <span class='ocrx_word' id='word_1_38' title='bbox 1659 683 1914 736; x_wconf 81' lang='lat' dir='ltr'><strong>Joannes</strong></span> <span class='ocrx_word' id='word_1_39' title='bbox 1946 695 2099 752; x_wconf 87' lang='lat' dir='ltr'><strong>papa</strong></span> 
     </span>
    </p>
   </div>
   <div class='ocr_carea' id='block_1_9' title="bbox 449 769 2096 846">
    <p class='ocr_par' dir='ltr' id='par_1_9' title="bbox 449 769 2096 846">
     <span class='ocr_line' id='line_1_9' title="bbox 449 769 2096 846; baseline -0.006 -14"><span class='ocrx_word' id='word_1_40' title='bbox 449 779 748 833; x_wconf 82' lang='lat' dir='ltr'><strong>Romanus</strong></span> <span class='ocrx_word' id='word_1_41' title='bbox 761 773 984 845; x_wconf 85' lang='lat' dir='ltr'><strong>synodo</strong></span> <span class='ocrx_word' id='word_1_42' title='bbox 999 778 1350 846; x_wconf 82' lang='lat' dir='ltr'><strong>congregata</strong></span> <span class='ocrx_word' id='word_1_43' title='bbox 1365 770 1883 826; x_wconf 81' lang='lat' dir='ltr'><strong>Monothelitarum</strong></span> <span class='ocrx_word' id='word_1_44' title='bbox 1903 769 2096 823; x_wconf 64' lang='lat' dir='ltr'><strong>hare-</strong></span> 
     </span>
    </p>
   </div>
   <div class='ocr_carea' id='block_1_10' title="bbox 447 859 2097 931">
    <p class='ocr_par' dir='ltr' id='par_1_10' title="bbox 447 859 2097 931">
     <span class='ocr_line' id='line_1_10' title="bbox 447 859 2097 931; baseline -0.005 -10"><span class='ocrx_word' id='word_1_45' title='bbox 447 867 541 922; x_wconf 89' lang='lat' dir='ltr'><strong>sin</strong></span> <span class='ocrx_word' id='word_1_46' title='bbox 599 865 944 920; x_wconf 81' lang='lat' dir='ltr'><strong>detestatur.</strong></span> <span class='ocrx_word' id='word_1_47' title='bbox 1003 863 1164 918; x_wconf 87' lang='lat' dir='ltr'><strong>Idem</strong></span> <span class='ocrx_word' id='word_1_48' title='bbox 1221 862 1442 916; x_wconf 85' lang='lat' dir='ltr'><strong>factum</strong></span> <span class='ocrx_word' id='word_1_49' title='bbox 1502 861 1562 915; x_wconf 90' lang='lat' dir='ltr'><strong>in</strong></span> <span class='ocrx_word' id='word_1_50' title='bbox 1621 860 1819 914; x_wconf 81' lang='lat' dir='ltr'><strong>Africa</strong></span> <span class='ocrx_word' id='word_1_51' title='bbox 1877 859 2097 931; x_wconf 81' lang='lat' dir='ltr'><strong>Byzaca</strong></span> 
     </span>
    </p>
   </div>
   <div class='ocr_carea' id='block_1_11' title="bbox 447 948 2094 1020">
    <p class='ocr_par' dir='ltr' id='par_1_11' title="bbox 447 948 2094 1020">
     <span class='ocr_line' id='line_1_11' title="bbox 447 948 2094 1020; baseline -0.005 -12"><span class='ocrx_word' id='word_1_52' title='bbox 447 953 721 1008; x_wconf 82' lang='lat' dir='ltr'><strong>Numidia</strong></span> <span class='ocrx_word' id='word_1_53' title='bbox 752 950 1118 1006; x_wconf 85' lang='lat' dir='ltr'><strong>Mauritania.</strong></span> <span class='ocrx_word' id='word_1_54' title='bbox 1149 949 1360 1004; x_wconf 83' lang='lat' dir='ltr'><strong>Joanni</strong></span> <span class='ocrx_word' id='word_1_55' title='bbox 1392 965 1558 1020; x_wconf 66' lang='lat' dir='ltr'><strong>papas</strong></span> <span class='ocrx_word' id='word_1_56' title='bbox 1613 948 1808 1002; x_wconf 64' lang='lat' dir='ltr'><strong>Romae</strong></span> <span class='ocrx_word' id='word_1_57' title='bbox 1858 952 2094 1001; x_wconf 91' lang='lat' dir='ltr'><strong>mortuo</strong></span> 
     </span>
    </p>
   </div>
   <div class='ocr_carea' id='block_1_12' title="bbox 443 1034 2092 1110">
    <p class='ocr_par' dir='ltr' id='par_1_12' title="bbox 443 1034 2092 1110">
     <span class='ocr_line' id='line_1_12' title="bbox 443 1034 2092 1110; baseline -0.006 -14"><span class='ocrx_word' id='word_1_58' title='bbox 443 1041 784 1096; x_wconf 88' lang='lat' dir='ltr'><strong>Theodorus</strong></span> <span class='ocrx_word' id='word_1_59' title='bbox 831 1038 1204 1110; x_wconf 91' lang='lat' dir='ltr'><strong>subrogatur.</strong></span> <span class='ocrx_word' id='word_1_60' title='bbox 1257 1037 1564 1108; x_wconf 89' lang='lat' dir='ltr'><strong>Cpolitano</strong></span> <span class='ocrx_word' id='word_1_61' title='bbox 1616 1041 1814 1089; x_wconf 90' lang='lat' dir='ltr'><strong>autem</strong></span> <span class='ocrx_word' id='word_1_62' title='bbox 1865 1034 2092 1104; x_wconf 84' lang='lat' dir='ltr'><strong>episco-</strong></span> 
     </span>
    </p>
   </div>
   <div class='ocr_carea' id='block_1_13' title="bbox 440 1123 2088 1201">
    <p class='ocr_par' dir='ltr' id='par_1_13' title="bbox 440 1123 2088 1201">
     <span class='ocr_line' id='line_1_13' title="bbox 440 1123 2088 1201; baseline -0.004 -16"><span class='ocrx_word' id='word_1_63' title='bbox 440 1131 604 1201; x_wconf 89' lang='lat' dir='ltr'><strong>patui</strong></span> <span class='ocrx_word' id='word_1_64' title='bbox 637 1129 854 1184; x_wconf 86' lang='lat' dir='ltr'><strong>Paulus</strong></span> <span class='ocrx_word' id='word_1_65' title='bbox 885 1127 1268 1200; x_wconf 64' lang='lat' dir='ltr'><strong>praeponitur,</strong></span> <span class='ocrx_word' id='word_1_66' title='bbox 1303 1126 1426 1196; x_wconf 90' lang='lat' dir='ltr'><strong>ipse</strong></span> <span class='ocrx_word' id='word_1_67' title='bbox 1459 1140 1694 1196; x_wconf 91' lang='lat' dir='ltr'><strong>quoque</strong></span> <span class='ocrx_word' id='word_1_68' title='bbox 1752 1123 2088 1178; x_wconf 68' lang='lat' dir='ltr'><strong>haereticus.</strong></span> 
     </span>
    </p>
   </div>
   <div class='ocr_carea' id='block_1_14' title="bbox 443 1211 2087 1282">
    <p class='ocr_par' dir='ltr' id='par_1_14' title="bbox 443 1211 2087 1282">
     <span class='ocr_line' id='line_1_14' title="bbox 443 1211 2087 1282; baseline -0.005 -9"><span class='ocrx_word' id='word_1_69' title='bbox 443 1218 558 1273; x_wconf 91' lang='lat' dir='ltr'><strong>Sub</strong></span> <span class='ocrx_word' id='word_1_70' title='bbox 587 1217 896 1272; x_wconf 88' lang='lat' dir='ltr'><strong>Theodoro</strong></span> <span class='ocrx_word' id='word_1_71' title='bbox 930 1217 1030 1270; x_wconf 88' lang='lat' dir='ltr'><strong>illo</strong></span> <span class='ocrx_word' id='word_1_72' title='bbox 1063 1218 1262 1270; x_wconf 62' lang='lat' dir='ltr'><strong>Roma</strong></span> <span class='ocrx_word' id='word_1_73' title='bbox 1293 1220 1437 1269; x_wconf 68' lang='lat' dir='ltr'><strong>actas</strong></span> <span class='ocrx_word' id='word_1_74' title='bbox 1469 1218 1608 1268; x_wconf 90' lang='lat' dir='ltr'><strong>sunt</strong></span> <span class='ocrx_word' id='word_1_75' title='bbox 1646 1229 1839 1268; x_wconf 62' lang='lat' dir='ltr'><strong>causa;</strong></span> <span class='ocrx_word' id='word_1_76' title='bbox 1879 1211 2087 1282; x_wconf 86' lang='lat' dir='ltr'><strong>Pyrrhi</strong></span> 
     </span>
    </p>
   </div>
   <div class='ocr_carea' id='block_1_15' title="bbox 442 1301 2089 1377">
    <p class='ocr_par' dir='ltr' id='par_1_15' title="bbox 442 1301 2089 1377">
     <span class='ocr_line' id='line_1_15' title="bbox 442 1301 2089 1377; baseline -0.004 -16"><span class='ocrx_word' id='word_1_77' title='bbox 442 1313 502 1362; x_wconf 91' lang='lat' dir='ltr'><strong>et</strong></span> <span class='ocrx_word' id='word_1_78' title='bbox 531 1307 587 1364; x_wconf 94' lang='lat' dir='ltr'><strong>S.</strong></span> <span class='ocrx_word' id='word_1_79' title='bbox 620 1306 878 1373; x_wconf 83' lang='lat' dir='ltr'><strong>Maximi,</strong></span> <span class='ocrx_word' id='word_1_80' title='bbox 911 1305 1340 1377; x_wconf 89' lang='lat' dir='ltr'><strong>discipulorum</strong></span> <span class='ocrx_word' id='word_1_81' title='bbox 1373 1303 1526 1375; x_wconf 89' lang='lat' dir='ltr'><strong>ejus,</strong></span> <span class='ocrx_word' id='word_1_82' title='bbox 1558 1307 1618 1358; x_wconf 89' lang='lat' dir='ltr'><strong>et</strong></span> <span class='ocrx_word' id='word_1_83' title='bbox 1637 1301 1889 1370; x_wconf 84' lang='lat' dir='ltr'><strong>Martini,</strong></span> <span class='ocrx_word' id='word_1_84' title='bbox 1922 1317 2089 1356; x_wconf 89' lang='lat' dir='ltr'><strong>sanc-</strong></span> 
     </span>
    </p>
   </div>
   <div class='ocr_carea' id='block_1_16' title="bbox 439 1390 2085 1469">
    <p class='ocr_par' dir='ltr' id='par_1_16' title="bbox 439 1390 2085 1469">
     <span class='ocr_line' id='line_1_16' title="bbox 439 1390 2085 1469; baseline -0.004 -17"><span class='ocrx_word' id='word_1_85' title='bbox 439 1397 654 1452; x_wconf 85' lang='lat' dir='ltr'><strong>tissimi</strong></span> <span class='ocrx_word' id='word_1_86' title='bbox 684 1413 851 1469; x_wconf 83' lang='lat' dir='ltr'><strong>papae</strong></span> <span class='ocrx_word' id='word_1_87' title='bbox 882 1399 1099 1465; x_wconf 75' lang='lat' dir='ltr'><strong>Romm,</strong></span> <span class='ocrx_word' id='word_1_88' title='bbox 1127 1396 1225 1466; x_wconf 91' lang='lat' dir='ltr'><strong>qui</strong></span> <span class='ocrx_word' id='word_1_89' title='bbox 1262 1394 1474 1450; x_wconf 84' lang='lat' dir='ltr'><strong>Joanni</strong></span> <span class='ocrx_word' id='word_1_90' title='bbox 1505 1393 1791 1449; x_wconf 90' lang='lat' dir='ltr'><strong>successit</strong></span> <span class='ocrx_word' id='word_1_91' title='bbox 1817 1397 1876 1446; x_wconf 91' lang='lat' dir='ltr'><strong>et</strong></span> <span class='ocrx_word' id='word_1_92' title='bbox 1906 1390 2085 1446; x_wconf 83' lang='lat' dir='ltr'><strong>Cher-</strong></span> 
     </span>
    </p>
   </div>
   <div class='ocr_carea' id='block_1_17' title="bbox 439 1480 2084 1556">
    <p class='ocr_par' dir='ltr' id='par_1_17' title="bbox 439 1480 2084 1556">
     <span class='ocr_line' id='line_1_17' title="bbox 439 1480 2084 1556; baseline -0.004 -15"><span class='ocrx_word' id='word_1_93' title='bbox 439 1503 646 1542; x_wconf 89' lang='lat' dir='ltr'><strong>sonem</strong></span> <span class='ocrx_word' id='word_1_94' title='bbox 702 1486 814 1540; x_wconf 84' lang='lat' dir='ltr'><strong>fuit</strong></span> <span class='ocrx_word' id='word_1_95' title='bbox 869 1484 1182 1556; x_wconf 82' lang='lat' dir='ltr'><strong>relegatus.</strong></span> <span class='ocrx_word' id='word_1_96' title='bbox 1242 1484 1427 1556; x_wconf 83' lang='lat' dir='ltr'><strong>Hujus</strong></span> <span class='ocrx_word' id='word_1_97' title='bbox 1503 1497 1812 1537; x_wconf 90' lang='lat' dir='ltr'><strong>successor</strong></span> <span class='ocrx_word' id='word_1_98' title='bbox 1861 1480 2084 1553; x_wconf 83' lang='lat' dir='ltr'><strong>Agatho</strong></span> 
     </span>
    </p>
   </div>
   <div class='ocr_carea' id='block_1_18' title="bbox 435 1569 2082 1630">
    <p class='ocr_par' dir='ltr' id='par_1_18' title="bbox 435 1569 2082 1630">
     <span class='ocr_line' id='line_1_18' title="bbox 435 1569 2082 1630; baseline -0.004 0"><span class='ocrx_word' id='word_1_99' title='bbox 435 1575 845 1630; x_wconf 86' lang='lat' dir='ltr'><strong>Monothelitas</strong></span> <span class='ocrx_word' id='word_1_100' title='bbox 876 1575 1138 1630; x_wconf 86' lang='lat' dir='ltr'><strong>damnat.</strong></span> <span class='ocrx_word' id='word_1_101' title='bbox 1173 1573 1484 1628; x_wconf 84' lang='lat' dir='ltr'><strong>Enimvero</strong></span> <span class='ocrx_word' id='word_1_102' title='bbox 1514 1571 1588 1627; x_wconf 92' lang='lat' dir='ltr'><strong>ad</strong></span> <span class='ocrx_word' id='word_1_103' title='bbox 1629 1571 1787 1624; x_wconf 89' lang='lat' dir='ltr'><strong>hunc</strong></span> <span class='ocrx_word' id='word_1_104' title='bbox 1838 1569 2082 1624; x_wconf 89' lang='lat' dir='ltr'><strong>modum</strong></span> 
     </span>
    </p>
   </div>
   <div class='ocr_carea' id='block_1_19' title="bbox 433 1660 2082 1735">
    <p class='ocr_par' dir='ltr' id='par_1_19' title="bbox 433 1660 2082 1735">
     <span class='ocr_line' id='line_1_19' title="bbox 433 1660 2082 1735; baseline -0.002 -17"><span class='ocrx_word' id='word_1_105' title='bbox 433 1663 698 1719; x_wconf 88' lang='lat' dir='ltr'><strong>Ecclesia</strong></span> <span class='ocrx_word' id='word_1_106' title='bbox 737 1669 796 1718; x_wconf 90' lang='lat' dir='ltr'><strong>et</strong></span> <span class='ocrx_word' id='word_1_107' title='bbox 848 1664 921 1720; x_wconf 88' lang='lat' dir='ltr'><strong>ab</strong></span> <span class='ocrx_word' id='word_1_108' title='bbox 985 1663 1222 1735; x_wconf 84' lang='lat' dir='ltr'><strong>regibus</strong></span> <span class='ocrx_word' id='word_1_109' title='bbox 1281 1668 1339 1717; x_wconf 93' lang='lat' dir='ltr'><strong>et</strong></span> <span class='ocrx_word' id='word_1_110' title='bbox 1393 1661 1466 1718; x_wconf 90' lang='lat' dir='ltr'><strong>ab</strong></span> <span class='ocrx_word' id='word_1_111' title='bbox 1521 1660 1720 1732; x_wconf 89' lang='lat' dir='ltr'><strong>impiis</strong></span> <span class='ocrx_word' id='word_1_112' title='bbox 1776 1675 2082 1714; x_wconf 88' lang='lat' dir='ltr'><strong>sacrorum</strong></span> 
     </span>
    </p>
   </div>
   <div class='ocr_carea' id='block_1_20' title="bbox 433 1746 2082 1820">
    <p class='ocr_par' dir='ltr' id='par_1_20' title="bbox 433 1746 2082 1820">
     <span class='ocr_line' id='line_1_20' title="bbox 433 1746 2082 1820; baseline -0.004 -12"><span class='ocrx_word' id='word_1_113' title='bbox 433 1752 799 1808; x_wconf 83' lang='lat' dir='ltr'><strong>antistitibus</strong></span> <span class='ocrx_word' id='word_1_114' title='bbox 821 1752 1193 1820; x_wconf 84' lang='lat' dir='ltr'><strong>conturbata,</strong></span> <span class='ocrx_word' id='word_1_115' title='bbox 1227 1750 1415 1806; x_wconf 79' lang='lat' dir='ltr'><strong>erexit</strong></span> <span class='ocrx_word' id='word_1_116' title='bbox 1445 1767 1507 1805; x_wconf 91' lang='lat' dir='ltr'><strong>se</strong></span> <span class='ocrx_word' id='word_1_117' title='bbox 1528 1747 1842 1804; x_wconf 82' lang='lat' dir='ltr'><strong>Amalecus</strong></span> <span class='ocrx_word' id='word_1_118' title='bbox 1873 1746 2082 1802; x_wconf 89' lang='lat' dir='ltr'><strong>solitu-</strong></span> 
     </span>
    </p>
   </div>
   <div class='ocr_carea' id='block_1_21' title="bbox 435 1825 2114 1910">
    <p class='ocr_par' dir='ltr' id='par_1_21' title="bbox 435 1825 2114 1910">
     <span class='ocr_line' id='line_1_21' title="bbox 435 1825 2114 1910; baseline -0.007 -15"><span class='ocrx_word' id='word_1_119' title='bbox 435 1840 593 1896; x_wconf 89' lang='lat' dir='ltr'><strong>dinis</strong></span> <span class='ocrx_word' id='word_1_120' title='bbox 618 1841 830 1908; x_wconf 90' lang='lat' dir='ltr'><strong>cultor,</strong></span> <span class='ocrx_word' id='word_1_121' title='bbox 855 1840 1074 1895; x_wconf 84' lang='lat' dir='ltr'><strong>feriens</strong></span> <span class='ocrx_word' id='word_1_122' title='bbox 1101 1857 1210 1894; x_wconf 88' lang='lat' dir='ltr'><strong>nos</strong></span> <span class='ocrx_word' id='word_1_123' title='bbox 1231 1839 1331 1910; x_wconf 91' lang='lat' dir='ltr'><strong>qui</strong></span> <span class='ocrx_word' id='word_1_124' title='bbox 1350 1836 1604 1910; x_wconf 89' lang='lat' dir='ltr'><strong>populus</strong></span> <span class='ocrx_word' id='word_1_125' title='bbox 1617 1836 1828 1891; x_wconf 89' lang='lat' dir='ltr'><strong>Christi</strong></span> <span class='ocrx_word' id='word_1_126' title='bbox 1855 1851 2083 1890; x_wconf 90' lang='lat' dir='ltr'><strong>sumus.</strong></span> <span class='ocrx_word' id='word_1_127' title='bbox 2109 1825 2114 1863; x_wconf 70' lang='grc' dir='ltr'>ῗ</span> 
     </span>
    </p>
   </div>
   <div class='ocr_carea' id='block_1_22' title="bbox 428 1923 2085 1985">
    <p class='ocr_par' dir='ltr' id='par_1_22' title="bbox 428 1923 2085 1985">
     <span class='ocr_line' id='line_1_22' title="bbox 428 1923 2085 1985; baseline -0.004 0"><span class='ocrx_word' id='word_1_128' title='bbox 428 1931 629 1985; x_wconf 86' lang='lat' dir='ltr'><strong>Prima</strong></span> <span class='ocrx_word' id='word_1_129' title='bbox 659 1930 860 1985; x_wconf 87' lang='lat' dir='ltr'><strong>clades</strong></span> <span class='ocrx_word' id='word_1_130' title='bbox 913 1935 1054 1984; x_wconf 90' lang='lat' dir='ltr'><strong>tunc</strong></span> <span class='ocrx_word' id='word_1_131' title='bbox 1103 1929 1320 1984; x_wconf 86' lang='lat' dir='ltr'><strong>accidit</strong></span> <span class='ocrx_word' id='word_1_132' title='bbox 1365 1927 1613 1983; x_wconf 80' lang='lat' dir='ltr'><strong>Romani</strong></span> <span class='ocrx_word' id='word_1_133' title='bbox 1669 1925 1963 1980; x_wconf 87' lang='lat' dir='ltr'><strong>exercitus</strong></span> <span class='ocrx_word' id='word_1_134' title='bbox 2011 1923 2085 1979; x_wconf 89' lang='lat' dir='ltr'><strong>ad</strong></span> 
     </span>
    </p>
   </div>
   <div class='ocr_carea' id='block_1_23' title="bbox 431 2014 2084 2089">
    <p class='ocr_par' dir='ltr' id='par_1_23' title="bbox 431 2014 2084 2089">
     <span class='ocr_line' id='line_1_23' title="bbox 431 2014 2084 2089; baseline -0.004 -15"><span class='ocrx_word' id='word_1_135' title='bbox 431 2019 822 2075; x_wconf 86' lang='lat' dir='ltr'><strong>Gabithanem</strong></span> <span class='ocrx_word' id='word_1_136' title='bbox 845 2025 904 2075; x_wconf 91' lang='lat' dir='ltr'><strong>et</strong></span> <span class='ocrx_word' id='word_1_137' title='bbox 918 2016 1854 2089; x_wconf 77' lang='lat' dir='ltr'><strong>Jermucliammn,sanguinisque</strong></span> <span class='ocrx_word' id='word_1_138' title='bbox 1873 2014 2084 2069; x_wconf 85' lang='lat' dir='ltr'><strong>eﬂusio</strong></span> 
     </span>
    </p>
   </div>
   <div class='ocr_carea' id='block_1_24' title="bbox 427 2105 2086 2179">
    <p class='ocr_par' dir='ltr' id='par_1_24' title="bbox 427 2105 2086 2179">
     <span class='ocr_line' id='line_1_24' title="bbox 427 2105 2086 2179; baseline -0.002 -17"><span class='ocrx_word' id='word_1_139' title='bbox 427 2108 670 2179; x_wconf 84' lang='lat' dir='ltr'><strong>injusta.</strong></span> <span class='ocrx_word' id='word_1_140' title='bbox 708 2109 932 2164; x_wconf 87' lang='lat' dir='ltr'><strong>Deinde</strong></span> <span class='ocrx_word' id='word_1_141' title='bbox 963 2108 1261 2164; x_wconf 68' lang='lat' dir='ltr'><strong>Palaestini</strong></span> <span class='ocrx_word' id='word_1_142' title='bbox 1293 2108 1698 2162; x_wconf 75' lang='lat' dir='ltr'><strong>Caesareenses</strong></span> <span class='ocrx_word' id='word_1_143' title='bbox 1730 2111 1787 2160; x_wconf 91' lang='lat' dir='ltr'><strong>et</strong></span> <span class='ocrx_word' id='word_1_144' title='bbox 1818 2105 2086 2159; x_wconf 87' lang='lat' dir='ltr'><strong>Hieroso-</strong></span> 
     </span>
    </p>
   </div>
   <div class='ocr_carea' id='block_1_25' title="bbox 426 2192 2083 2269">
    <p class='ocr_par' dir='ltr' id='par_1_25' title="bbox 426 2192 2083 2269">
     <span class='ocr_line' id='line_1_25' title="bbox 426 2192 2083 2269; baseline -0.003 -18"><span class='ocrx_word' id='word_1_145' title='bbox 426 2197 700 2269; x_wconf 85' lang='lat' dir='ltr'><strong>lymitani</strong></span> <span class='ocrx_word' id='word_1_146' title='bbox 731 2199 886 2269; x_wconf 91' lang='lat' dir='ltr'><strong>capti</strong></span> <span class='ocrx_word' id='word_1_147' title='bbox 919 2203 1076 2254; x_wconf 88' lang='lat' dir='ltr'><strong>sunt.</strong></span> <span class='ocrx_word' id='word_1_148' title='bbox 1110 2199 1250 2252; x_wconf 92' lang='lat' dir='ltr'><strong>Post</strong></span> <span class='ocrx_word' id='word_1_149' title='bbox 1269 2196 1491 2268; x_wconf 63' lang='lat' dir='ltr'><strong>Egypti</strong></span> <span class='ocrx_word' id='word_1_150' title='bbox 1516 2195 1896 2250; x_wconf 90' lang='lat' dir='ltr'><strong>subsecutum</strong></span> <span class='ocrx_word' id='word_1_151' title='bbox 1925 2192 2083 2248; x_wconf 84' lang='lat' dir='ltr'><strong>exci-</strong></span> 
     </span>
    </p>
   </div>
   <div class='ocr_carea' id='block_1_26' title="bbox 429 2282 2082 2358">
    <p class='ocr_par' dir='ltr' id='par_1_26' title="bbox 429 2282 2082 2358">
     <span class='ocr_line' id='line_1_26' title="bbox 429 2282 2082 2358; baseline -0.005 -15"><span class='ocrx_word' id='word_1_152' title='bbox 429 2287 618 2352; x_wconf 89' lang='lat' dir='ltr'><strong>dium,</strong></span> <span class='ocrx_word' id='word_1_153' title='bbox 651 2305 719 2343; x_wconf 89' lang='lat' dir='ltr'><strong>ac</strong></span> <span class='ocrx_word' id='word_1_154' title='bbox 751 2287 1034 2358; x_wconf 89' lang='lat' dir='ltr'><strong>deinceps</strong></span> <span class='ocrx_word' id='word_1_155' title='bbox 1064 2287 1522 2351; x_wconf 88' lang='lat' dir='ltr'><strong>mediterranea,</strong></span> <span class='ocrx_word' id='word_1_156' title='bbox 1555 2283 1788 2350; x_wconf 60' lang='lat' dir='ltr'><strong>insulas,</strong></span> <span class='ocrx_word' id='word_1_157' title='bbox 1848 2282 2082 2337; x_wconf 91' lang='lat' dir='ltr'><strong>omnis-</strong></span> 
     </span>
    </p>
   </div>
   <div class='ocr_carea' id='block_1_27' title="bbox 433 2373 2079 2446">
    <p class='ocr_par' dir='ltr' id='par_1_27' title="bbox 433 2373 2079 2446">
     <span class='ocr_line' id='line_1_27' title="bbox 433 2373 2079 2446; baseline -0.002 -16"><span class='ocrx_word' id='word_1_158' title='bbox 433 2393 548 2446; x_wconf 90' lang='lat' dir='ltr'><strong>que</strong></span> <span class='ocrx_word' id='word_1_159' title='bbox 580 2379 842 2431; x_wconf 81' lang='lat' dir='ltr'><strong>Romana</strong></span> <span class='ocrx_word' id='word_1_160' title='bbox 867 2375 1011 2429; x_wconf 86' lang='lat' dir='ltr'><strong>ditio</strong></span> <span class='ocrx_word' id='word_1_161' title='bbox 1034 2375 1094 2430; x_wconf 89' lang='lat' dir='ltr'><strong>in</strong></span> <span class='ocrx_word' id='word_1_162' title='bbox 1117 2379 1462 2446; x_wconf 88' lang='lat' dir='ltr'><strong>potestatem</strong></span> <span class='ocrx_word' id='word_1_163' title='bbox 1491 2373 1754 2428; x_wconf 89' lang='lat' dir='ltr'><strong>hostium</strong></span> <span class='ocrx_word' id='word_1_164' title='bbox 1769 2375 2079 2426; x_wconf 89' lang='lat' dir='ltr'><strong>venerunt.</strong></span> 
     </span>
    </p>
   </div>
   <div class='ocr_carea' id='block_1_28' title="bbox 433 2460 2080 2520">
    <p class='ocr_par' dir='ltr' id='par_1_28' title="bbox 433 2460 2080 2520">
     <span class='ocr_line' id='line_1_28' title="bbox 433 2460 2080 2520; baseline -0.005 0"><span class='ocrx_word' id='word_1_165' title='bbox 433 2464 689 2520; x_wconf 88' lang='lat' dir='ltr'><strong>Additur</strong></span> <span class='ocrx_word' id='word_1_166' title='bbox 716 2465 808 2520; x_wconf 90' lang='lat' dir='ltr'><strong>bis</strong></span> <span class='ocrx_word' id='word_1_167' title='bbox 843 2465 1092 2520; x_wconf 85' lang='lat' dir='ltr'><strong>Romani</strong></span> <span class='ocrx_word' id='word_1_168' title='bbox 1126 2464 1422 2519; x_wconf 85' lang='lat' dir='ltr'><strong>exercitus</strong></span> <span class='ocrx_word' id='word_1_169' title='bbox 1451 2479 1520 2518; x_wconf 91' lang='lat' dir='ltr'><strong>ac</strong></span> <span class='ocrx_word' id='word_1_170' title='bbox 1551 2461 1758 2516; x_wconf 83' lang='lat' dir='ltr'><strong>classis</strong></span> <span class='ocrx_word' id='word_1_171' title='bbox 1806 2460 1868 2514; x_wconf 90' lang='lat' dir='ltr'><strong>in</strong></span> <span class='ocrx_word' id='word_1_172' title='bbox 1905 2460 2080 2514; x_wconf 67' lang='lat' dir='ltr'><strong>Phre-</strong></span> 
     </span>
    </p>
   </div>
   <div class='ocr_carea' id='block_1_29' title="bbox 434 2551 2084 2623">
    <p class='ocr_par' dir='ltr' id='par_1_29' title="bbox 434 2551 2084 2623">
     <span class='ocr_line' id='line_1_29' title="bbox 434 2551 2084 2623; baseline -0.004 -14"><span class='ocrx_word' id='word_1_173' title='bbox 434 2553 593 2609; x_wconf 88' lang='lat' dir='ltr'><strong>nicia</strong></span> <span class='ocrx_word' id='word_1_174' title='bbox 622 2553 920 2618; x_wconf 89' lang='lat' dir='ltr'><strong>interitus,</strong></span> <span class='ocrx_word' id='word_1_175' title='bbox 953 2553 1328 2623; x_wconf 89' lang='lat' dir='ltr'><strong>omniumque</strong></span> <span class='ocrx_word' id='word_1_176' title='bbox 1371 2551 1843 2606; x_wconf 89' lang='lat' dir='ltr'><strong>Christianorum</strong></span> <span class='ocrx_word' id='word_1_177' title='bbox 1892 2564 2084 2620; x_wconf 84' lang='lat' dir='ltr'><strong>pOpu-</strong></span> 
     </span>
    </p>
   </div>
   <div class='ocr_carea' id='block_1_30' title="bbox 428 2636 2083 2704">
    <p class='ocr_par' dir='ltr' id='par_1_30' title="bbox 428 2636 2083 2704">
     <span class='ocr_line' id='line_1_30' title="bbox 428 2636 2083 2704; baseline -0.004 -7"><span class='ocrx_word' id='word_1_178' title='bbox 428 2641 625 2697; x_wconf 87' lang='lat' dir='ltr'><strong>lorum</strong></span> <span class='ocrx_word' id='word_1_179' title='bbox 657 2647 716 2697; x_wconf 91' lang='lat' dir='ltr'><strong>et</strong></span> <span class='ocrx_word' id='word_1_180' title='bbox 744 2642 891 2698; x_wconf 75' lang='lat'><strong>788</strong></span> <span class='ocrx_word' id='word_1_181' title='bbox 925 2643 1192 2698; x_wconf 89' lang='lat' dir='ltr'><strong>locorum</strong></span> <span class='ocrx_word' id='word_1_182' title='bbox 1226 2641 1638 2696; x_wconf 86' lang='lat' dir='ltr'><strong>evastationes.</strong></span> <span class='ocrx_word' id='word_1_183' title='bbox 1664 2639 1922 2704; x_wconf 86' lang='lat' dir='ltr'><strong>Quarum</strong></span> <span class='ocrx_word' id='word_1_184' title='bbox 1947 2636 2083 2691; x_wconf 86' lang='lat' dir='ltr'><strong>linis</strong></span> 
     </span>
    </p>
   </div>
   <div class='ocr_carea' id='block_1_31' title="bbox 425 2725 2082 2802">
    <p class='ocr_par' dir='ltr' id='par_1_31' title="bbox 425 2725 2082 2802">
     <span class='ocr_line' id='line_1_31' title="bbox 425 2725 2082 2802; baseline -0.004 -16"><span class='ocrx_word' id='word_1_185' title='bbox 425 2731 627 2786; x_wconf 91' lang='lat' dir='ltr'><strong>nullus</strong></span> <span class='ocrx_word' id='word_1_186' title='bbox 649 2731 779 2802; x_wconf 86' lang='lat' dir='ltr'><strong>fuit,</strong></span> <span class='ocrx_word' id='word_1_187' title='bbox 795 2731 983 2787; x_wconf 91' lang='lat' dir='ltr'><strong>donec</strong></span> <span class='ocrx_word' id='word_1_188' title='bbox 1000 2731 1276 2786; x_wconf 80' lang='lat' dir='ltr'><strong>Ecclesiae</strong></span> <span class='ocrx_word' id='word_1_189' title='bbox 1296 2733 1640 2801; x_wconf 88' lang='lat' dir='ltr'><strong>persecutor</strong></span> <span class='ocrx_word' id='word_1_190' title='bbox 1659 2725 1876 2780; x_wconf 86' lang='lat' dir='ltr'><strong>infelici</strong></span> <span class='ocrx_word' id='word_1_191' title='bbox 1893 2732 2082 2780; x_wconf 90' lang='lat' dir='ltr'><strong>morte</strong></span> 
     </span>
    </p>
   </div>
   <div class='ocr_carea' id='block_1_32' title="bbox 423 2814 2069 2889">
    <p class='ocr_par' dir='ltr' id='par_1_32' title="bbox 423 2814 2069 2889">
     <span class='ocr_line' id='line_1_32' title="bbox 423 2814 2069 2889; baseline -0.006 -13"><span class='ocrx_word' id='word_1_192' title='bbox 423 2820 668 2876; x_wconf 83' lang='lat' dir='ltr'><strong>aﬂ&#39;ectus</strong></span> <span class='ocrx_word' id='word_1_193' title='bbox 695 2825 803 2889; x_wconf 91' lang='lat' dir='ltr'><strong>est,</strong></span> <span class='ocrx_word' id='word_1_194' title='bbox 835 2821 1064 2876; x_wconf 91' lang='lat' dir='ltr'><strong>occisus</strong></span> <span class='ocrx_word' id='word_1_195' title='bbox 1096 2820 1158 2874; x_wconf 90' lang='lat' dir='ltr'><strong>in</strong></span> <span class='ocrx_word' id='word_1_196' title='bbox 1191 2817 1384 2873; x_wconf 87' lang='lat' dir='ltr'><strong>Sicilia</strong></span> <span class='ocrx_word' id='word_1_197' title='bbox 1418 2817 1479 2870; x_wconf 87' lang='lat' dir='ltr'><strong>in</strong></span> <span class='ocrx_word' id='word_1_198' title='bbox 1512 2816 1726 2872; x_wconf 90' lang='lat' dir='ltr'><strong>balneo</strong></span> <span class='ocrx_word' id='word_1_199' title='bbox 1772 2814 2069 2886; x_wconf 82' lang='lat' dir='ltr'><strong>Daphnes.</strong></span> 
     </span>
    </p>
   </div>
   <div class='ocr_carea' id='block_1_33' title="bbox 2207 499 3854 580">
    <p class='ocr_par' dir='ltr' id='par_1_33' title="bbox 2207 499 3854 580">
     <span class='ocr_line' id='line_1_33' title="bbox 2207 499 3854 580; baseline 0.004 -26"><span class='ocrx_word' id='word_1_200' title='bbox 2207 500 2349 572; x_wconf 79' lang='grc' dir='ltr'>μήτε</span> <span class='ocrx_word' id='word_1_201' title='bbox 2390 500 2518 573; x_wconf 90' lang='grc' dir='ltr'>μίαν</span> <span class='ocrx_word' id='word_1_202' title='bbox 2553 503 2692 574; x_wconf 73' lang='grc' dir='ltr'>μήτε</span> <span class='ocrx_word' id='word_1_203' title='bbox 2723 499 2819 557; x_wconf 90' lang='grc' dir='ltr'><strong>δύο</strong></span> <span class='ocrx_word' id='word_1_204' title='bbox 2848 502 3117 580; x_wconf 74' lang='grc' dir='ltr'><strong>ἐνεργείας</strong></span> <span class='ocrx_word' id='word_1_205' title='bbox 3159 503 3463 579; x_wconf 75' lang='grc' dir='ltr'><strong>ὁμολογεῖν</strong></span> <span class='ocrx_word' id='word_1_206' title='bbox 3514 501 3576 559; x_wconf 75' lang='grc' dir='ltr'>ἐκ</span> <span class='ocrx_word' id='word_1_207' title='bbox 3619 505 3854 578; x_wconf 82' lang='grc' dir='ltr'><strong>Χριστῷ.</strong></span> 
     </span>
    </p>
   </div>
   <div class='ocr_carea' id='block_1_34' title="bbox 2203 585 3849 667">
    <p class='ocr_par' dir='ltr' id='par_1_34' title="bbox 2203 585 3849 667">
     <span class='ocr_line' id='line_1_34' title="bbox 2203 585 3849 667; baseline 0.002 -23"><span class='ocrx_word' id='word_1_208' title='bbox 2203 588 2357 644; x_wconf 85' lang='grc' dir='ltr'><strong>Μετὰ</strong></span> <span class='ocrx_word' id='word_1_209' title='bbox 2387 585 2445 644; x_wconf 74' lang='grc' dir='ltr'>δὲ</span> <span class='ocrx_word' id='word_1_210' title='bbox 2471 589 2734 660; x_wconf 72' lang='grc' dir='ltr'>τελευτὴν</span> <span class='ocrx_word' id='word_1_211' title='bbox 2780 593 3002 667; x_wconf 89' lang='grc' dir='ltr'>Σεργίου</span> <span class='ocrx_word' id='word_1_212' title='bbox 3053 589 3265 666; x_wconf 79' lang='grc' dir='ltr'>Πύρῥος</span> <span class='ocrx_word' id='word_1_213' title='bbox 3312 592 3404 646; x_wconf 86' lang='grc' dir='ltr'><strong>τὸν</strong></span> <span class='ocrx_word' id='word_1_214' title='bbox 3459 591 3648 666; x_wconf 81' lang='grc' dir='ltr'>Θρόνον</span> <span class='ocrx_word' id='word_1_215' title='bbox 3703 595 3849 650; x_wconf 77' lang='grc' dir='ltr'>Κων-</span> 
     </span>
    </p>
   </div>
   <div class='ocr_carea' id='block_1_35' title="bbox 2203 677 3858 754">
    <p class='ocr_par' dir='ltr' id='par_1_35' title="bbox 2203 677 3858 754">
     <span class='ocr_line' id='line_1_35' title="bbox 2203 677 3858 754; baseline 0.005 -26"><span class='ocrx_word' id='word_1_216' title='bbox 2203 677 2700 743; x_wconf 87' lang='grc' dir='ltr'>σταντινουπόλεως</span> <span class='ocrx_word' id='word_1_217' title='bbox 2763 677 3051 750; x_wconf 71' lang='grc' dir='ltr'>διεδέξατο.</span> <span class='ocrx_word' id='word_1_218' title='bbox 3114 681 3373 750; x_wconf 76' lang='grc' dir='ltr'>Ἰωάννης</span> <span class='ocrx_word' id='word_1_219' title='bbox 3434 677 3492 736; x_wconf 75' lang='grc' dir='ltr'>δὲ</span> <span class='ocrx_word' id='word_1_220' title='bbox 3549 683 3578 735; x_wconf 99' lang='lat'><strong>6</strong></span> <span class='ocrx_word' id='word_1_221' title='bbox 3637 683 3858 754; x_wconf 81' lang='grc' dir='ltr'>Ῥώμης</span> 
     </span>
    </p>
   </div>
   <div class='ocr_carea' id='block_1_36' title="bbox 2201 761 3857 840">
    <p class='ocr_par' dir='ltr' id='par_1_36' title="bbox 2201 761 3857 840">
     <span class='ocr_line' id='line_1_36' title="bbox 2201 761 3857 840; baseline 0.005 -25"><span class='ocrx_word' id='word_1_222' title='bbox 2201 761 2496 831; x_wconf 78' lang='grc' dir='ltr'>ἐπίσκοπος</span> <span class='ocrx_word' id='word_1_223' title='bbox 2543 767 2767 824; x_wconf 77' lang='grc' dir='ltr'>σύνοδον</span> <span class='ocrx_word' id='word_1_224' title='bbox 2820 769 3078 838; x_wconf 82' lang='grc' dir='ltr'>ἀθροίσας</span> <span class='ocrx_word' id='word_1_225' title='bbox 3141 771 3241 839; x_wconf 76' lang='grc' dir='ltr'>τὴν</span> <span class='ocrx_word' id='word_1_226' title='bbox 3298 774 3408 824; x_wconf 82' lang='grc' dir='ltr'>τῶν</span> <span class='ocrx_word' id='word_1_227' title='bbox 3451 769 3857 840; x_wconf 80' lang='grc' dir='ltr'>Μονοθελητῶν</span> 
     </span>
    </p>
   </div>
   <div class='ocr_carea' id='block_1_37' title="bbox 2200 851 3858 939">
    <p class='ocr_par' dir='ltr' id='par_1_37' title="bbox 2200 851 3858 939">
     <span class='ocr_line' id='line_1_37' title="bbox 2200 851 3858 939; baseline 0.004 -32"><span class='ocrx_word' id='word_1_228' title='bbox 2200 851 2406 928; x_wconf 77' lang='grc' dir='ltr'>αἶ’ρεσιν</span> <span class='ocrx_word' id='word_1_229' title='bbox 2441 857 2835 931; x_wconf 79' lang='grc' dir='ltr'>ἀνεθεμάτισεν.</span> <span class='ocrx_word' id='word_1_230' title='bbox 2891 860 3133 932; x_wconf 81' lang='grc' dir='ltr'>Ὁμοίως</span> <span class='ocrx_word' id='word_1_231' title='bbox 3187 859 3278 914; x_wconf 83' lang='grc' dir='ltr'><strong>καὶ</strong></span> <span class='ocrx_word' id='word_1_232' title='bbox 3338 857 3389 914; x_wconf 77' lang='grc' dir='ltr'>ἐν</span> <span class='ocrx_word' id='word_1_233' title='bbox 3451 861 3716 939; x_wconf 75' lang='grc' dir='ltr'>’Δφρικῇ,</span> <span class='ocrx_word' id='word_1_234' title='bbox 3773 862 3858 916; x_wconf 81' lang='grc' dir='ltr'><strong>καὶ</strong></span> 
     </span>
    </p>
   </div>
   <div class='ocr_carea' id='block_1_38' title="bbox 2202 943 3858 1022">
    <p class='ocr_par' dir='ltr' id='par_1_38' title="bbox 2202 943 3858 1022">
     <span class='ocr_line' id='line_1_38' title="bbox 2202 943 3858 1022; baseline 0.004 -24"><span class='ocrx_word' id='word_1_235' title='bbox 2202 943 2440 1018; x_wconf 70' lang='grc' dir='ltr'>Βυζάκη,</span> <span class='ocrx_word' id='word_1_236' title='bbox 2471 947 2561 1001; x_wconf 76' lang='grc' dir='ltr'><strong>καὶ</strong></span> <span class='ocrx_word' id='word_1_237' title='bbox 2594 944 2893 1021; x_wconf 79' lang='grc' dir='ltr'>Νουμιδίᾳ,</span> <span class='ocrx_word' id='word_1_238' title='bbox 2942 947 3035 1004; x_wconf 83' lang='grc' dir='ltr'><strong>καὶ</strong></span> <span class='ocrx_word' id='word_1_239' title='bbox 3090 947 3446 1022; x_wconf 71' lang='grc' dir='ltr'>Μαυριτανίᾳ.</span> <span class='ocrx_word' id='word_1_240' title='bbox 3494 948 3756 1005; x_wconf 78' lang='grc' dir='ltr'>Ἰωάννου</span> <span class='ocrx_word' id='word_1_241' title='bbox 3807 947 3858 1004; x_wconf 78' lang='grc' dir='ltr'>δὲ</span> 
     </span>
    </p>
   </div>
   <div class='ocr_carea' id='block_1_39' title="bbox 2197 1033 3853 1112">
    <p class='ocr_par' dir='ltr' id='par_1_39' title="bbox 2197 1033 3853 1112">
     <span class='ocr_line' id='line_1_39' title="bbox 2197 1033 3853 1112; baseline 0.005 -26"><span class='ocrx_word' id='word_1_242' title='bbox 2197 1036 2294 1086; x_wconf 92' lang='grc' dir='ltr'><strong>τοῦ</strong></span> <span class='ocrx_word' id='word_1_243' title='bbox 2355 1033 2580 1106; x_wconf 84' lang='grc' dir='ltr'>Ῥώμης</span> <span class='ocrx_word' id='word_1_244' title='bbox 2661 1038 3024 1110; x_wconf 75' lang='grc' dir='ltr'>κοιμηθέντος</span> <span class='ocrx_word' id='word_1_245' title='bbox 3109 1033 3392 1112; x_wconf 89' lang='grc' dir='ltr'>Θεόδωρος</span> <span class='ocrx_word' id='word_1_246' title='bbox 3460 1044 3853 1112; x_wconf 83' lang='grc' dir='ltr'>χειροτονεῖται</span> 
     </span>
    </p>
   </div>
   <div class='ocr_carea' id='block_1_40' title="bbox 2196 1120 3851 1183">
    <p class='ocr_par' dir='ltr' id='par_1_40' title="bbox 2196 1120 3851 1183">
     <span class='ocr_line' id='line_1_40' title="bbox 2196 1120 3851 1183; baseline 0.005 -9"><span class='ocrx_word' id='word_1_247' title='bbox 2196 1120 2378 1182; x_wconf 84' lang='grc' dir='ltr'>πάπας</span> <span class='ocrx_word' id='word_1_248' title='bbox 2408 1121 2518 1178; x_wconf 76' lang='grc' dir='ltr'>ἄντ’</span> <span class='ocrx_word' id='word_1_249' title='bbox 2562 1124 2748 1180; x_wconf 85' lang='grc' dir='ltr'>αὑτοῦ.</span> <span class='ocrx_word' id='word_1_250' title='bbox 2807 1126 2896 1181; x_wconf 86' lang='grc' dir='ltr'>Ἐν</span> <span class='ocrx_word' id='word_1_251' title='bbox 2951 1123 3528 1182; x_wconf 85' lang='grc' dir='ltr'>Κωνσταντινουπόλει</span> <span class='ocrx_word' id='word_1_252' title='bbox 3586 1125 3649 1182; x_wconf 71' lang='grc' dir='ltr'>δὲ</span> <span class='ocrx_word' id='word_1_253' title='bbox 3706 1131 3851 1183; x_wconf 77' lang='grc' dir='ltr'>Παῦ-</span> 
     </span>
    </p>
   </div>
   <div class='ocr_carea' id='block_1_41' title="bbox 2197 1205 3851 1288">
    <p class='ocr_par' dir='ltr' id='par_1_41' title="bbox 2197 1205 3851 1288">
     <span class='ocr_line' id='line_1_41' title="bbox 2197 1205 3851 1288; baseline 0.004 -25"><span class='ocrx_word' id='word_1_254' title='bbox 2197 1205 2294 1272; x_wconf 89' lang='grc' dir='ltr'><strong>λος</strong></span> <span class='ocrx_word' id='word_1_255' title='bbox 2326 1218 2746 1286; x_wconf 80' lang='grc' dir='ltr'>χειροτονεῖται,</span> <span class='ocrx_word' id='word_1_256' title='bbox 2808 1215 2899 1269; x_wconf 81' lang='grc' dir='ltr'><strong>καὶ</strong></span> <span class='ocrx_word' id='word_1_257' title='bbox 2955 1215 3118 1278; x_wconf 83' lang='grc' dir='ltr'>αὐτὸς</span> <span class='ocrx_word' id='word_1_258' title='bbox 3157 1215 3447 1288; x_wconf 77' lang='grc' dir='ltr'>αἱρετικός.</span> <span class='ocrx_word' id='word_1_259' title='bbox 3507 1217 3633 1270; x_wconf 74' lang='grc' dir='ltr'><strong>Ἐπὶ</strong></span> <span class='ocrx_word' id='word_1_260' title='bbox 3693 1215 3851 1272; x_wconf 81' lang='grc' dir='ltr'>αὐτοῦ</span> 
     </span>
    </p>
   </div>
   <div class='ocr_carea' id='block_1_42' title="bbox 2194 1295 3848 1380">
    <p class='ocr_par' dir='ltr' id='par_1_42' title="bbox 2194 1295 3848 1380">
     <span class='ocr_line' id='line_1_42' title="bbox 2194 1295 3848 1380; baseline 0.005 -29"><span class='ocrx_word' id='word_1_261' title='bbox 2194 1295 2479 1374; x_wconf 81' lang='grc' dir='ltr'>Θεοδώρου</span> <span class='ocrx_word' id='word_1_262' title='bbox 2545 1306 2645 1356; x_wconf 87' lang='grc' dir='ltr'><strong>τοῦ</strong></span> <span class='ocrx_word' id='word_1_263' title='bbox 2710 1302 2863 1357; x_wconf 87' lang='grc' dir='ltr'>πάπα</span> <span class='ocrx_word' id='word_1_264' title='bbox 2924 1303 3148 1376; x_wconf 81' lang='grc' dir='ltr'><strong>Ῥώμης</strong></span> <span class='ocrx_word' id='word_1_265' title='bbox 3204 1304 3275 1358; x_wconf 70' lang='grc' dir='ltr'>τὰ</span> <span class='ocrx_word' id='word_1_266' title='bbox 3328 1305 3464 1360; x_wconf 80' lang='grc' dir='ltr'>κατὰ</span> <span class='ocrx_word' id='word_1_267' title='bbox 3525 1301 3741 1380; x_wconf 74' lang='grc' dir='ltr'><strong>116ρβον</strong></span> <span class='ocrx_word' id='word_1_268' title='bbox 3797 1304 3848 1360; x_wconf 81' lang='grc' dir='ltr'>ἐν</span> 
     </span>
    </p>
   </div>
   <div class='ocr_carea' id='block_1_43' title="bbox 2189 1385 3848 1468">
    <p class='ocr_par' dir='ltr' id='par_1_43' title="bbox 2189 1385 3848 1468">
     <span class='ocr_line' id='line_1_43' title="bbox 2189 1385 3848 1468; baseline 0.004 -25"><span class='ocrx_word' id='word_1_269' title='bbox 2189 1385 2380 1462; x_wconf 79' lang='grc' dir='ltr'>Ῥώμῃ</span> <span class='ocrx_word' id='word_1_270' title='bbox 2415 1388 2699 1466; x_wconf 79' lang='grc' dir='ltr'>γενόμενα,</span> <span class='ocrx_word' id='word_1_271' title='bbox 2745 1393 2836 1446; x_wconf 78' lang='grc' dir='ltr'><strong>καὶ</strong></span> <span class='ocrx_word' id='word_1_272' title='bbox 2895 1391 2988 1446; x_wconf 86' lang='grc' dir='ltr'><strong>τὸν</strong></span> <span class='ocrx_word' id='word_1_273' title='bbox 3048 1387 3202 1468; x_wconf 79' lang='grc' dir='ltr'>ἅγιον</span> <span class='ocrx_word' id='word_1_274' title='bbox 3264 1392 3508 1467; x_wconf 74' lang='grc' dir='ltr'>Μάξιμον</span> <span class='ocrx_word' id='word_1_275' title='bbox 3568 1395 3710 1467; x_wconf 82' lang='lat'><strong>(69),</strong></span> <span class='ocrx_word' id='word_1_276' title='bbox 3767 1395 3848 1450; x_wconf 83' lang='grc' dir='ltr'>καὶ</span> 
     </span>
    </p>
   </div>
   <div class='ocr_carea' id='block_1_44' title="bbox 2187 1474 3850 1559">
    <p class='ocr_par' dir='ltr' id='par_1_44' title="bbox 2187 1474 3850 1559">
     <span class='ocr_line' id='line_1_44' title="bbox 2187 1474 3850 1559; baseline 0.006 -30"><span class='ocrx_word' id='word_1_277' title='bbox 2187 1474 2315 1537; x_wconf 82' lang='grc' dir='ltr'>τοὺς</span> <span class='ocrx_word' id='word_1_278' title='bbox 2349 1478 2596 1549; x_wconf 79' lang='grc' dir='ltr'>μαθητὰς</span> <span class='ocrx_word' id='word_1_279' title='bbox 2629 1477 2818 1551; x_wconf 79' lang='grc' dir='ltr'>αὐτοῦ,</span> <span class='ocrx_word' id='word_1_280' title='bbox 2851 1480 2942 1534; x_wconf 82' lang='grc' dir='ltr'>γαὶ</span> <span class='ocrx_word' id='word_1_281' title='bbox 2996 1482 3271 1555; x_wconf 81' lang='grc' dir='ltr'>Μαρτῖνον</span> <span class='ocrx_word' id='word_1_282' title='bbox 3322 1483 3440 1556; x_wconf 86' lang='lat'><strong>(70)</strong></span> <span class='ocrx_word' id='word_1_283' title='bbox 3475 1482 3569 1538; x_wconf 87' lang='grc' dir='ltr'>τὸν</span> <span class='ocrx_word' id='word_1_284' title='bbox 3627 1483 3850 1559; x_wconf 77' lang='grc' dir='ltr'>ἁγιώτα-</span> 
     </span>
    </p>
   </div>
   <div class='ocr_carea' id='block_1_45' title="bbox 2188 1565 3843 1648">
    <p class='ocr_par' dir='ltr' id='par_1_45' title="bbox 2188 1565 3843 1648">
     <span class='ocr_line' id='line_1_45' title="bbox 2188 1565 3843 1648; baseline 0.004 -31"><span class='ocrx_word' id='word_1_285' title='bbox 2188 1584 2281 1618; x_wconf 88' lang='grc' dir='ltr'><strong>τον</strong></span> <span class='ocrx_word' id='word_1_286' title='bbox 2338 1565 2521 1620; x_wconf 84' lang='grc' dir='ltr'>πάπαν</span> <span class='ocrx_word' id='word_1_287' title='bbox 2581 1567 2825 1642; x_wconf 83' lang='grc' dir='ltr'>Ῥώμης,</span> <span class='ocrx_word' id='word_1_288' title='bbox 2883 1568 2976 1624; x_wconf 86' lang='grc' dir='ltr'>τὸν</span> <span class='ocrx_word' id='word_1_289' title='bbox 3049 1571 3189 1644; x_wconf 84' lang='grc' dir='ltr'>μετᾶ</span> <span class='ocrx_word' id='word_1_290' title='bbox 3248 1570 3504 1642; x_wconf 82' lang='grc' dir='ltr'>Ἰωάννην</span> <span class='ocrx_word' id='word_1_291' title='bbox 3558 1571 3843 1648; x_wconf 81' lang='grc' dir='ltr'>γενόμενον</span> 
     </span>
    </p>
   </div>
   <div class='ocr_carea' id='block_1_46' title="bbox 2185 1651 3842 1739">
    <p class='ocr_par' dir='ltr' id='par_1_46' title="bbox 2185 1651 3842 1739">
     <span class='ocr_line' id='line_1_46' title="bbox 2185 1651 3842 1739; baseline 0.004 -30"><span class='ocrx_word' id='word_1_292' title='bbox 2185 1654 2276 1709; x_wconf 84' lang='grc' dir='ltr'><strong>καὶ</strong></span> <span class='ocrx_word' id='word_1_293' title='bbox 2333 1651 2388 1709; x_wconf 76' lang='grc' dir='ltr'>ἒν</span> <span class='ocrx_word' id='word_1_294' title='bbox 2443 1660 2690 1730; x_wconf 84' lang='grc' dir='ltr'>Χερσῶνι</span> <span class='ocrx_word' id='word_1_295' title='bbox 2747 1655 3100 1731; x_wconf 71' lang='grc' dir='ltr'>ἐξορισθέντα,</span> <span class='ocrx_word' id='word_1_296' title='bbox 3184 1657 3558 1739; x_wconf 70' lang='grc' dir='ltr'>ἐπράχθησαν.</span> <span class='ocrx_word' id='word_1_297' title='bbox 3651 1664 3842 1717; x_wconf 88' lang='grc' dir='ltr'>Τοῦτον</span> 
     </span>
    </p>
   </div>
   <div class='ocr_carea' id='block_1_47' title="bbox 2189 1739 3842 1824">
    <p class='ocr_par' dir='ltr' id='par_1_47' title="bbox 2189 1739 3842 1824">
     <span class='ocr_line' id='line_1_47' title="bbox 2189 1739 3842 1824; baseline 0.002 -25"><span class='ocrx_word' id='word_1_298' title='bbox 2189 1739 2432 1816; x_wconf 76' lang='grc' dir='ltr'>Ἀγάθων</span> <span class='ocrx_word' id='word_1_299' title='bbox 2477 1740 2867 1819; x_wconf 80' lang='grc' dir='ltr'>διαδεξάμενος</span> <span class='ocrx_word' id='word_1_300' title='bbox 2922 1746 2986 1802; x_wconf 85' lang='grc' dir='ltr'>τὸ</span> <span class='ocrx_word' id='word_1_301' title='bbox 3037 1749 3406 1821; x_wconf 76' lang='grc' dir='ltr'>μονοθὲλητον</span> <span class='ocrx_word' id='word_1_302' title='bbox 3453 1747 3842 1824; x_wconf 69' lang='grc' dir='ltr'>ἀποκηρύττει.</span> 
     </span>
    </p>
   </div>
   <div class='ocr_carea' id='block_1_48' title="bbox 2196 1828 3844 1908">
    <p class='ocr_par' dir='ltr' id='par_1_48' title="bbox 2196 1828 3844 1908">
     <span class='ocr_line' id='line_1_48' title="bbox 2196 1828 3844 1908; baseline 0.001 -24"><span class='ocrx_word' id='word_1_303' title='bbox 2196 1829 2356 1884; x_wconf 75' lang='grc' dir='ltr'>Οὕτω</span> <span class='ocrx_word' id='word_1_304' title='bbox 2384 1828 2509 1884; x_wconf 80' lang='grc' dir='ltr'>τότε</span> <span class='ocrx_word' id='word_1_305' title='bbox 2539 1830 2642 1885; x_wconf 86' lang='grc' dir='ltr'>ὑπό</span> <span class='ocrx_word' id='word_1_306' title='bbox 2690 1851 2749 1886; x_wconf 87' lang='grc' dir='ltr'><strong>τε</strong></span> <span class='ocrx_word' id='word_1_307' title='bbox 2785 1836 2897 1886; x_wconf 80' lang='grc' dir='ltr'>τῶν</span> <span class='ocrx_word' id='word_1_308' title='bbox 2951 1831 3222 1908; x_wconf 77' lang='grc' dir='ltr'>βασιλέων</span> <span class='ocrx_word' id='word_1_309' title='bbox 3271 1834 3362 1888; x_wconf 85' lang='grc' dir='ltr'><strong>καὶ</strong></span> <span class='ocrx_word' id='word_1_310' title='bbox 3409 1838 3519 1888; x_wconf 84' lang='grc' dir='ltr'><strong>τῶν</strong></span> <span class='ocrx_word' id='word_1_311' title='bbox 3572 1829 3844 1889; x_wconf 76' lang='grc' dir='ltr'>δυσσεϐῶν</span> 
     </span>
    </p>
   </div>
   <div class='ocr_carea' id='block_1_49' title="bbox 2200 1913 3847 2000">
    <p class='ocr_par' dir='ltr' id='par_1_49' title="bbox 2200 1913 3847 2000">
     <span class='ocr_line' id='line_1_49' title="bbox 2200 1913 3847 2000; baseline 0.016 -30"><span class='ocrx_word' id='word_1_312' title='bbox 2200 1913 2388 1992; x_wconf 79' lang='grc' dir='ltr'>ἱερέων</span> <span class='ocrx_word' id='word_1_313' title='bbox 2414 1925 2516 1989; x_wconf 85' lang='grc' dir='ltr'><strong>τῆς</strong></span> <span class='ocrx_word' id='word_1_314' title='bbox 2571 1918 2901 1992; x_wconf 81' lang='grc' dir='ltr'>Ἐκκλησίας</span> <span class='ocrx_word' id='word_1_315' title='bbox 2949 1923 3382 1998; x_wconf 63' lang='grc' dir='ltr'>ταραττομένης.</span> <span class='ocrx_word' id='word_1_316' title='bbox 3431 1923 3632 1994; x_wconf 72' lang='grc' dir='ltr'>ἀνέστη</span> <span class='ocrx_word' id='word_1_317' title='bbox 3668 1925 3696 1978; x_wconf 74' lang='grc' dir='ltr'>δ</span> <span class='ocrx_word' id='word_1_318' title='bbox 3729 1925 3847 2000; x_wconf 66' lang='grc' dir='ltr'>ἐρη-</span> 
     </span>
    </p>
   </div>
   <div class='ocr_carea' id='block_1_50' title="bbox 2193 2007 3842 2088">
    <p class='ocr_par' dir='ltr' id='par_1_50' title="bbox 2193 2007 3842 2088">
     <span class='ocr_line' id='line_1_50' title="bbox 2193 2007 3842 2088; baseline 0.005 -28"><span class='ocrx_word' id='word_1_319' title='bbox 2193 2007 2352 2079; x_wconf 86' lang='grc' dir='ltr'>μικὸς</span> <span class='ocrx_word' id='word_1_320' title='bbox 2385 2007 2647 2081; x_wconf 81' lang='grc' dir='ltr'>Ἀμαλήκ</span> <span class='ocrx_word' id='word_1_321' title='bbox 2675 2011 2788 2081; x_wconf 83' lang='grc'><strong>(71)</strong></span> <span class='ocrx_word' id='word_1_322' title='bbox 2825 2011 3040 2067; x_wconf 86' lang='grc' dir='ltr'>τύπτων</span> <span class='ocrx_word' id='word_1_323' title='bbox 3102 2014 3252 2086; x_wconf 77' lang='grc' dir='ltr'>ἡμᾶς</span> <span class='ocrx_word' id='word_1_324' title='bbox 3306 2012 3398 2067; x_wconf 86' lang='grc' dir='ltr'>τὸν</span> <span class='ocrx_word' id='word_1_325' title='bbox 3448 2017 3548 2068; x_wconf 88' lang='grc' dir='ltr'><strong>τοῦ</strong></span> <span class='ocrx_word' id='word_1_326' title='bbox 3608 2013 3842 2088; x_wconf 78' lang='grc' dir='ltr'>Χριστοῦ</span> 
     </span>
    </p>
   </div>
   <div class='ocr_carea' id='block_1_51' title="bbox 2193 2095 3843 2178">
    <p class='ocr_par' dir='ltr' id='par_1_51' title="bbox 2193 2095 3843 2178">
     <span class='ocr_line' id='line_1_51' title="bbox 2193 2095 3843 2178; baseline 0.004 -28"><span class='ocrx_word' id='word_1_327' title='bbox 2193 2095 2346 2164; x_wconf 84' lang='grc' dir='ltr'>λαὸν,</span> <span class='ocrx_word' id='word_1_328' title='bbox 2405 2095 2496 2152; x_wconf 80' lang='grc' dir='ltr'><strong>καὶ</strong></span> <span class='ocrx_word' id='word_1_329' title='bbox 2555 2098 2758 2175; x_wconf 82' lang='grc' dir='ltr'>γίνεται</span> <span class='ocrx_word' id='word_1_330' title='bbox 2815 2100 3009 2175; x_wconf 86' lang='grc' dir='ltr'>πρώτη</span> <span class='ocrx_word' id='word_1_331' title='bbox 3099 2105 3308 2165; x_wconf 83' lang='grc' dir='ltr'>πτῶσις</span> <span class='ocrx_word' id='word_1_332' title='bbox 3372 2105 3471 2158; x_wconf 83' lang='grc' dir='ltr'><strong>τοῦ</strong></span> <span class='ocrx_word' id='word_1_333' title='bbox 3529 2103 3843 2178; x_wconf 77' lang='grc' dir='ltr'>Ῥωμαϊκοῦ</span> 
     </span>
    </p>
   </div>
   <div class='ocr_carea' id='block_1_52' title="bbox 2194 2185 3840 2267">
    <p class='ocr_par' dir='ltr' id='par_1_52' title="bbox 2194 2185 3840 2267">
     <span class='ocr_line' id='line_1_52' title="bbox 2194 2185 3840 2267; baseline 0.005 -27"><span class='ocrx_word' id='word_1_334' title='bbox 2194 2191 2429 2259; x_wconf 86' lang='grc' dir='ltr'>στρατοῦ</span> <span class='ocrx_word' id='word_1_335' title='bbox 2460 2189 2495 2256; x_wconf 76' lang='grc' dir='ltr'><strong>ἡ</strong></span> <span class='ocrx_word' id='word_1_336' title='bbox 2528 2189 2664 2244; x_wconf 87' lang='grc' dir='ltr'><strong>κατά</strong></span> <span class='ocrx_word' id='word_1_337' title='bbox 2722 2192 2820 2242; x_wconf 91' lang='grc' dir='ltr'><strong>τοῦ</strong></span> <span class='ocrx_word' id='word_1_338' title='bbox 2879 2185 3113 2254; x_wconf 80' lang='grc' dir='ltr'>Γαϐιθᾶν</span> <span class='ocrx_word' id='word_1_339' title='bbox 3169 2189 3260 2246; x_wconf 82' lang='grc' dir='ltr'><strong>καὶ</strong></span> <span class='ocrx_word' id='word_1_340' title='bbox 3311 2191 3664 2267; x_wconf 76' lang='grc' dir='ltr'>Ἰερμουχὰμ</span> <span class='ocrx_word' id='word_1_341' title='bbox 3720 2195 3840 2267; x_wconf 80' lang='lat'><strong>(72),</strong></span> 
     </span>
    </p>
   </div>
   <div class='ocr_carea' id='block_1_53' title="bbox 2189 2273 3850 2354">
    <p class='ocr_par' dir='ltr' id='par_1_53' title="bbox 2189 2273 3850 2354">
     <span class='ocr_line' id='line_1_53' title="bbox 2189 2273 3850 2354; baseline 0.004 -26"><span class='ocrx_word' id='word_1_342' title='bbox 2189 2273 2280 2328; x_wconf 86' lang='grc' dir='ltr'><strong>καὶ</strong></span> <span class='ocrx_word' id='word_1_343' title='bbox 2337 2276 2372 2344; x_wconf 74' lang='grc' dir='ltr'>ἡ</span> <span class='ocrx_word' id='word_1_344' title='bbox 2431 2275 2665 2350; x_wconf 72' lang='grc' dir='ltr'>ἄθεσμος</span> <span class='ocrx_word' id='word_1_345' title='bbox 2721 2277 3140 2354; x_wconf 69' lang='grc' dir='ltr'>αἱματεκχυσία,</span> <span class='ocrx_word' id='word_1_346' title='bbox 3213 2280 3330 2354; x_wconf 71' lang='grc' dir='ltr'>μεθ’</span> <span class='ocrx_word' id='word_1_347' title='bbox 3390 2280 3457 2352; x_wconf 74' lang='grc' dir='ltr'>ἢν</span> <span class='ocrx_word' id='word_1_348' title='bbox 3489 2282 3526 2350; x_wconf 77' lang='grc' dir='ltr'><strong>ἡ</strong></span> <span class='ocrx_word' id='word_1_349' title='bbox 3561 2278 3850 2336; x_wconf 84' lang='grc' dir='ltr'>Παλαιστι-</span> 
     </span>
    </p>
   </div>
   <div class='ocr_carea' id='block_1_54' title="bbox 2189 2364 3844 2442">
    <p class='ocr_par' dir='ltr' id='par_1_54' title="bbox 2189 2364 3844 2442">
     <span class='ocr_line' id='line_1_54' title="bbox 2189 2364 3844 2442; baseline 0.005 -26"><span class='ocrx_word' id='word_1_350' title='bbox 2189 2366 2317 2432; x_wconf 82' lang='grc' dir='ltr'>νῶν,</span> <span class='ocrx_word' id='word_1_351' title='bbox 2349 2364 2440 2418; x_wconf 84' lang='grc' dir='ltr'><strong>καὶ</strong></span> <span class='ocrx_word' id='word_1_352' title='bbox 2472 2365 2800 2442; x_wconf 82' lang='grc' dir='ltr'>Καισάρέων,</span> <span class='ocrx_word' id='word_1_353' title='bbox 2830 2367 2921 2422; x_wconf 83' lang='grc' dir='ltr'>καὶ</span> <span class='ocrx_word' id='word_1_354' title='bbox 2951 2367 3410 2442; x_wconf 82' lang='grc' dir='ltr'>Ἱεροσολυμιτῶν</span> <span class='ocrx_word' id='word_1_355' title='bbox 3467 2365 3708 2439; x_wconf 76' lang='grc' dir='ltr'>ἅλωσις,</span> <span class='ocrx_word' id='word_1_356' title='bbox 3737 2369 3844 2425; x_wconf 72' lang='grc' dir='ltr'>εἶτα</span> 
     </span>
    </p>
   </div>
   <div class='ocr_carea' id='block_1_55' title="bbox 2191 2451 3841 2534">
    <p class='ocr_par' dir='ltr' id='par_1_55' title="bbox 2191 2451 3841 2534">
     <span class='ocr_line' id='line_1_55' title="bbox 2191 2451 3841 2534; baseline 0.002 -26"><span class='ocrx_word' id='word_1_357' title='bbox 2191 2453 2220 2508; x_wconf 92' lang='lat'><strong>6</strong></span> <span class='ocrx_word' id='word_1_358' title='bbox 2247 2451 2551 2528; x_wconf 79' lang='grc' dir='ltr'>Αἰγύπτιος</span> <span class='ocrx_word' id='word_1_359' title='bbox 2581 2451 2835 2529; x_wconf 82' lang='grc' dir='ltr'>ὐλεθρος,</span> <span class='ocrx_word' id='word_1_360' title='bbox 2891 2455 2983 2511; x_wconf 80' lang='grc' dir='ltr'><strong>καὶ</strong></span> <span class='ocrx_word' id='word_1_361' title='bbox 3028 2457 3255 2528; x_wconf 79' lang='grc' dir='ltr'>καθεξῆς</span> <span class='ocrx_word' id='word_1_362' title='bbox 3302 2459 3337 2527; x_wconf 82' lang='grc' dir='ltr'><strong>ἡ</strong></span> <span class='ocrx_word' id='word_1_363' title='bbox 3367 2461 3478 2512; x_wconf 84' lang='grc' dir='ltr'><strong>τῶν</strong></span> <span class='ocrx_word' id='word_1_364' title='bbox 3529 2458 3841 2534; x_wconf 72' lang='grc' dir='ltr'>μεσογείων,</span> 
     </span>
    </p>
   </div>
   <div class='ocr_carea' id='block_1_56' title="bbox 2188 2541 3832 2623">
    <p class='ocr_par' dir='ltr' id='par_1_56' title="bbox 2188 2541 3832 2623">
     <span class='ocr_line' id='line_1_56' title="bbox 2188 2541 3832 2623; baseline 0.005 -28"><span class='ocrx_word' id='word_1_365' title='bbox 2188 2541 2280 2596; x_wconf 82' lang='grc' dir='ltr'><strong>καὶ</strong></span> <span class='ocrx_word' id='word_1_366' title='bbox 2309 2543 2516 2614; x_wconf 79' lang='grc' dir='ltr'>νήσων,</span> <span class='ocrx_word' id='word_1_367' title='bbox 2545 2542 2635 2598; x_wconf 84' lang='grc' dir='ltr'><strong>καὶ</strong></span> <span class='ocrx_word' id='word_1_368' title='bbox 2666 2545 2850 2616; x_wconf 80' lang='grc' dir='ltr'>πάσης</span> <span class='ocrx_word' id='word_1_369' title='bbox 2900 2546 3209 2619; x_wconf 84' lang='grc' dir='ltr'>Ῥωμανίας</span> <span class='ocrx_word' id='word_1_370' title='bbox 3261 2543 3647 2623; x_wconf 75' lang='grc' dir='ltr'>αἶχμαλωσία,</span> <span class='ocrx_word' id='word_1_371' title='bbox 3695 2549 3776 2604; x_wconf 75' lang='grc' dir='ltr'><strong>καὶ</strong></span> <span class='ocrx_word' id='word_1_372' title='bbox 3803 2551 3832 2619; x_wconf 83' lang='grc' dir='ltr'><strong>ἠ</strong></span> 
     </span>
    </p>
   </div>
   <div class='ocr_carea' id='block_1_57' title="bbox 2189 2629 3833 2710">
    <p class='ocr_par' dir='ltr' id='par_1_57' title="bbox 2189 2629 3833 2710">
     <span class='ocr_line' id='line_1_57' title="bbox 2189 2629 3833 2710; baseline 0.005 -24"><span class='ocrx_word' id='word_1_373' title='bbox 2189 2629 2242 2686; x_wconf 73' lang='grc' dir='ltr'>ἐν</span> <span class='ocrx_word' id='word_1_374' title='bbox 2267 2630 2502 2708; x_wconf 74' lang='grc' dir='ltr'>Φοινίκῃ</span> <span class='ocrx_word' id='word_1_375' title='bbox 2563 2637 2660 2688; x_wconf 86' lang='grc' dir='ltr'><strong>τοῦ</strong></span> <span class='ocrx_word' id='word_1_376' title='bbox 2707 2633 3022 2709; x_wconf 79' lang='grc' dir='ltr'>Ῥωμαϊκοῦ</span> <span class='ocrx_word' id='word_1_377' title='bbox 3070 2636 3300 2710; x_wconf 87' lang='grc' dir='ltr'>στρατοῦ</span> <span class='ocrx_word' id='word_1_378' title='bbox 3352 2637 3443 2691; x_wconf 85' lang='grc' dir='ltr'><strong>καὶ</strong></span> <span class='ocrx_word' id='word_1_379' title='bbox 3492 2636 3696 2694; x_wconf 74' lang='grc' dir='ltr'>στόλου</span> <span class='ocrx_word' id='word_1_380' title='bbox 3739 2638 3833 2694; x_wconf 78' lang='grc' dir='ltr'><strong>ἀπ-</strong></span> 
     </span>
    </p>
   </div>
   <div class='ocr_carea' id='block_1_58' title="bbox 2191 2721 3824 2798">
    <p class='ocr_par' dir='ltr' id='par_1_58' title="bbox 2191 2721 3824 2798">
     <span class='ocr_line' id='line_1_58' title="bbox 2191 2721 3824 2798; baseline 0.002 -22"><span class='ocrx_word' id='word_1_381' title='bbox 2191 2721 2382 2792; x_wconf 88' lang='grc' dir='ltr'>ώλεια,</span> <span class='ocrx_word' id='word_1_382' title='bbox 2413 2721 2502 2777; x_wconf 85' lang='grc' dir='ltr'><strong>καὶ</strong></span> <span class='ocrx_word' id='word_1_383' title='bbox 2535 2723 2752 2778; x_wconf 80' lang='grc' dir='ltr'>πάντων</span> <span class='ocrx_word' id='word_1_384' title='bbox 2784 2727 2892 2778; x_wconf 82' lang='grc' dir='ltr'><strong>τῶν</strong></span> <span class='ocrx_word' id='word_1_385' title='bbox 2926 2729 3264 2798; x_wconf 79' lang='grc' dir='ltr'>Χριστιανῶν</span> <span class='ocrx_word' id='word_1_386' title='bbox 3315 2723 3464 2781; x_wconf 80' lang='grc' dir='ltr'>λαῶν</span> <span class='ocrx_word' id='word_1_387' title='bbox 3513 2729 3604 2782; x_wconf 85' lang='grc' dir='ltr'>καί</span> <span class='ocrx_word' id='word_1_388' title='bbox 3661 2727 3824 2783; x_wconf 86' lang='grc' dir='ltr'>τόπων</span> 
     </span>
    </p>
   </div>
   <div class='ocr_carea' id='block_1_59' title="bbox 2191 2809 3820 2889">
    <p class='ocr_par' dir='ltr' id='par_1_59' title="bbox 2191 2809 3820 2889">
     <span class='ocr_line' id='line_1_59' title="bbox 2191 2809 3820 2889; baseline 0.003 -23"><span class='ocrx_word' id='word_1_389' title='bbox 2191 2809 2524 2886; x_wconf 82' lang='grc' dir='ltr'>ἐρημώσεις,</span> <span class='ocrx_word' id='word_1_390' title='bbox 2582 2809 2780 2876; x_wconf 80' lang='grc' dir='ltr'>α’ίτινες</span> <span class='ocrx_word' id='word_1_391' title='bbox 2832 2811 2932 2868; x_wconf 83' lang='grc' dir='ltr'>οὐκ</span> <span class='ocrx_word' id='word_1_392' title='bbox 2987 2811 3285 2869; x_wconf 79' lang='grc' dir='ltr'>ἐπαύσαντο</span> <span class='ocrx_word' id='word_1_393' title='bbox 3327 2812 3492 2889; x_wconf 78' lang='grc' dir='ltr'>ἄχρις</span> <span class='ocrx_word' id='word_1_394' title='bbox 3548 2813 3608 2870; x_wconf 72' lang='grc' dir='ltr'>ἄν</span> <span class='ocrx_word' id='word_1_395' title='bbox 3668 2817 3694 2871; x_wconf 89' lang='lat'><strong>6</strong></span> <span class='ocrx_word' id='word_1_396' title='bbox 3733 2821 3820 2884; x_wconf 79' lang='grc' dir='ltr'>τῆς</span> 
     </span>
    </p>
   </div>
   <div class='ocr_carea' id='block_1_60' title="bbox 418 2898 2881 2980">
    <p class='ocr_par' dir='ltr' id='par_1_60' title="bbox 418 2898 2881 2980">
     <span class='ocr_line' id='line_1_60' title="bbox 418 2898 2881 2980; baseline -0.002 -18"><span class='ocrx_word' id='word_1_397' title='bbox 418 2903 748 2978; x_wconf 80' lang='grc' dir='ltr'>Ἐκκλησίας</span> <span class='ocrx_word' id='word_1_398' title='bbox 780 2905 1018 2978; x_wconf 73' lang='grc' dir='ltr'>δισῦκτης</span> <span class='ocrx_word' id='word_1_399' title='bbox 1050 2909 1158 2978; x_wconf 84' lang='grc'>(73)</span> <span class='ocrx_word' id='word_1_400' title='bbox 1191 2905 1244 2960; x_wconf 82' lang='grc' dir='ltr'>ἐν</span> <span class='ocrx_word' id='word_1_401' title='bbox 1281 2901 1503 2976; x_wconf 78' lang='grc' dir='ltr'>Ρικελίᾳ</span> <span class='ocrx_word' id='word_1_402' title='bbox 1533 2904 1713 2966; x_wconf 78' lang='grc' dir='ltr'>κακῶς</span> <span class='ocrx_word' id='word_1_403' title='bbox 1745 2901 1976 2977; x_wconf 64' lang='grc' dir='ltr'>ἀντ,ρέοη</span> <span class='ocrx_word' id='word_1_404' title='bbox 2012 2901 2064 2956; x_wconf 84' lang='grc' dir='ltr'>ἐν</span> <span class='ocrx_word' id='word_1_405' title='bbox 2091 2904 2170 2973; x_wconf 80' lang='grc' dir='ltr'><strong>τῷ</strong></span> <span class='ocrx_word' id='word_1_406' title='bbox 2205 2898 2478 2974; x_wconf 84' lang='grc' dir='ltr'>βαλανείῳ</span> <span class='ocrx_word' id='word_1_407' title='bbox 2509 2907 2610 2970; x_wconf 84' lang='grc' dir='ltr'>τῆς</span> <span class='ocrx_word' id='word_1_408' title='bbox 2643 2900 2881 2980; x_wconf 74' lang='grc' dir='ltr'>Δάφνης.</span> 
     </span>
    </p>
   </div>
   <div class='ocr_carea' id='block_1_61' title="bbox 498 3008 2073 3093">
    <p class='ocr_par' dir='ltr' id='par_1_61' title="bbox 498 3019 2073 3079">
     <span class='ocr_line' id='line_1_61' title="bbox 498 3019 2073 3079; baseline -0.003 -1"><span class='ocrx_word' id='word_1_409' title='bbox 498 3025 669 3079; x_wconf 85' lang='lat' dir='ltr'><strong>Anno</strong></span> <span class='ocrx_word' id='word_1_410' title='bbox 701 3027 763 3078; x_wconf 82' lang='lat' dir='ltr'><strong>2t</strong></span> <span class='ocrx_word' id='word_1_411' title='bbox 820 3023 1148 3078; x_wconf 82' lang='lat' dir='ltr'><strong>exstinctus</strong></span> <span class='ocrx_word' id='word_1_412' title='bbox 1199 3025 1290 3076; x_wconf 89' lang='lat' dir='ltr'><strong>est</strong></span> <span class='ocrx_word' id='word_1_413' title='bbox 1335 3019 1676 3075; x_wconf 82' lang='lat' dir='ltr'><strong>Moamedus</strong></span> <span class='ocrx_word' id='word_1_414' title='bbox 1723 3019 2073 3074; x_wconf 88' lang='lat' dir='ltr'><strong>Sarraceno-</strong></span> 
     </span>
    </p>
   </div>
   <div class='ocr_carea' id='block_1_62' title="bbox 2188 3008 3796 3093">
    <p class='ocr_par' dir='ltr' id='par_1_62' title="bbox 2262 3008 3796 3093">
     <span class='ocr_line' id='line_1_62' title="bbox 2262 3008 3796 3093; baseline -0.001 -22"><span class='ocrx_word' id='word_1_415' title='bbox 2262 3012 2356 3086; x_wconf 80' lang='grc' dir='ltr'><strong>Τῷ</strong></span> <span class='ocrx_word' id='word_1_416' title='bbox 2398 3020 2480 3070; x_wconf 77' lang='grc' dir='ltr'>κα⁸</span> <span class='ocrx_word' id='word_1_417' title='bbox 2529 3008 2637 3070; x_wconf 75' lang='grc' dir='ltr'>ἔτει</span> <span class='ocrx_word' id='word_1_418' title='bbox 2697 3010 2906 3070; x_wconf 79' lang='grc' dir='ltr'>ἀπεϐίω</span> <span class='ocrx_word' id='word_1_419' title='bbox 2961 3013 3202 3091; x_wconf 82' lang='grc' dir='ltr'>Μωάμεδ</span> <span class='ocrx_word' id='word_1_420' title='bbox 3254 3017 3283 3073; x_wconf 92' lang='lat'><strong>6</strong></span> <span class='ocrx_word' id='word_1_421' title='bbox 3337 3021 3448 3074; x_wconf 82' lang='grc' dir='ltr'><strong>τῶν</strong></span> <span class='ocrx_word' id='word_1_422' title='bbox 3505 3017 3796 3093; x_wconf 60' lang='lat' dir='ltr'><strong>meum,va</strong></span> 
     </span>
    </p>
   </div>
   <div class='ocr_carea' id='block_1_63' title="bbox 425 3099 2073 3182">
    <p class='ocr_par' dir='ltr' id='par_1_63' title="bbox 425 3108 2073 3182">
     <span class='ocr_line' id='line_1_63' title="bbox 425 3108 2073 3182; baseline -0.002 -16"><span class='ocrx_word' id='word_1_423' title='bbox 425 3127 558 3166; x_wconf 90' lang='lat' dir='ltr'><strong>rum</strong></span> <span class='ocrx_word' id='word_1_424' title='bbox 591 3112 730 3180; x_wconf 83' lang='lat' dir='ltr'><strong>dux,</strong></span> <span class='ocrx_word' id='word_1_425' title='bbox 756 3112 856 3182; x_wconf 88' lang='lat' dir='ltr'><strong>qui</strong></span> <span class='ocrx_word' id='word_1_426' title='bbox 889 3129 950 3167; x_wconf 92' lang='lat' dir='ltr'><strong>se</strong></span> <span class='ocrx_word' id='word_1_427' title='bbox 981 3115 1172 3166; x_wconf 89' lang='lat' dir='ltr'><strong>vatem</strong></span> <span class='ocrx_word' id='word_1_428' title='bbox 1195 3109 1343 3164; x_wconf 85' lang='lat' dir='ltr'><strong>falso</strong></span> <span class='ocrx_word' id='word_1_429' title='bbox 1369 3108 1772 3181; x_wconf 87' lang='lat' dir='ltr'><strong>perhibuerat,</strong></span> <span class='ocrx_word' id='word_1_430' title='bbox 1794 3108 2073 3165; x_wconf 75' lang='lat' dir='ltr'><strong>mandata</strong></span> 
     </span>
    </p>
   </div>
   <div class='ocr_carea' id='block_1_64' title="bbox 2188 3099 3806 3182">
    <p class='ocr_par' dir='ltr' id='par_1_64' title="bbox 2188 3099 3806 3182">
     <span class='ocr_line' id='line_1_64' title="bbox 2188 3099 3806 3182; baseline 0.002 -25"><span class='ocrx_word' id='word_1_431' title='bbox 2188 3101 2436 3182; x_wconf 70' lang='grc' dir='ltr'>ἆρχηγὸς</span> <span class='ocrx_word' id='word_1_432' title='bbox 2485 3101 2972 3179; x_wconf 72' lang='grc' dir='ltr'>ψευδοπροφήτης,</span> <span class='ocrx_word' id='word_1_433' title='bbox 3021 3105 3526 3182; x_wconf 86' lang='grc' dir='ltr'>προχειρισάμενος</span> <span class='ocrx_word' id='word_1_434' title='bbox 3572 3099 3806 3164; x_wconf 73' lang='grc' dir='ltr'>Ἀὖουῦιὶ-</span> 
     </span>
    </p>
   </div>
   <div class='ocr_carea' id='block_1_65' title="bbox 424 3197 2070 3272">
    <p class='ocr_par' dir='ltr' id='par_1_65' title="bbox 424 3197 2070 3272">
     <span class='ocr_line' id='line_1_65' title="bbox 424 3197 2070 3272; baseline -0.002 -17"><span class='ocrx_word' id='word_1_435' title='bbox 424 3200 512 3255; x_wconf 92' lang='lat' dir='ltr'><strong>rei</strong></span> <span class='ocrx_word' id='word_1_436' title='bbox 571 3215 808 3255; x_wconf 88' lang='lat' dir='ltr'><strong>summa</strong></span> <span class='ocrx_word' id='word_1_437' title='bbox 865 3203 1122 3272; x_wconf 85' lang='lat' dir='ltr'><strong>cognato</strong></span> <span class='ocrx_word' id='word_1_438' title='bbox 1163 3215 1268 3253; x_wconf 90' lang='lat' dir='ltr'><strong>suo</strong></span> <span class='ocrx_word' id='word_1_439' title='bbox 1328 3197 1722 3253; x_wconf 85' lang='lat' dir='ltr'><strong>Abuhachari.</strong></span> <span class='ocrx_word' id='word_1_440' title='bbox 1781 3199 2070 3253; x_wconf 73' lang='lat' dir='ltr'><strong>Cmterum</strong></span> 
     </span>
    </p>
   </div>
   <div class='ocr_carea' id='block_1_66' title="bbox 424 3287 2071 3360">
    <p class='ocr_par' dir='ltr' id='par_1_66' title="bbox 424 3287 2071 3360">
     <span class='ocr_line' id='line_1_66' title="bbox 424 3287 2071 3360; baseline 0 -18"><span class='ocrx_word' id='word_1_441' title='bbox 424 3288 675 3355; x_wconf 75' lang='lat' dir='ltr'><strong>Hebrmi,</strong></span> <span class='ocrx_word' id='word_1_442' title='bbox 709 3289 770 3342; x_wconf 92' lang='lat' dir='ltr'><strong>in</strong></span> <span class='ocrx_word' id='word_1_443' title='bbox 795 3304 1058 3342; x_wconf 91' lang='lat' dir='ltr'><strong>errorem</strong></span> <span class='ocrx_word' id='word_1_444' title='bbox 1089 3287 1327 3342; x_wconf 83' lang='lat' dir='ltr'><strong>abducti</strong></span> <span class='ocrx_word' id='word_1_445' title='bbox 1373 3287 1437 3356; x_wconf 89' lang='lat' dir='ltr'><strong>ii,</strong></span> <span class='ocrx_word' id='word_1_446' title='bbox 1481 3304 1615 3343; x_wconf 88' lang='lat' dir='ltr'><strong>cum</strong></span> <span class='ocrx_word' id='word_1_447' title='bbox 1663 3288 1918 3360; x_wconf 91' lang='lat' dir='ltr'><strong>primum</strong></span> <span class='ocrx_word' id='word_1_448' title='bbox 1969 3287 2071 3342; x_wconf 90' lang='lat' dir='ltr'><strong>ille</strong></span> 
     </span>
    </p>
   </div>
   <div class='ocr_carea' id='block_1_67' title="bbox 424 3377 2069 3446">
    <p class='ocr_par' dir='ltr' id='par_1_67' title="bbox 424 3377 2069 3446">
     <span class='ocr_line' id='line_1_67' title="bbox 424 3377 2069 3446; baseline -0.001 -14"><span class='ocrx_word' id='word_1_449' title='bbox 424 3377 668 3446; x_wconf 88' lang='lat' dir='ltr'><strong>exstitit,</strong></span> <span class='ocrx_word' id='word_1_450' title='bbox 727 3377 1145 3432; x_wconf 88' lang='lat' dir='ltr'><strong>existimarunt</strong></span> <span class='ocrx_word' id='word_1_451' title='bbox 1192 3392 1320 3431; x_wconf 91' lang='lat' dir='ltr'><strong>esse</strong></span> <span class='ocrx_word' id='word_1_452' title='bbox 1361 3392 1497 3431; x_wconf 90' lang='lat' dir='ltr'><strong>eum</strong></span> <span class='ocrx_word' id='word_1_453' title='bbox 1553 3377 1846 3444; x_wconf 84' lang='lat' dir='ltr'><strong>Messiam,</strong></span> <span class='ocrx_word' id='word_1_454' title='bbox 1892 3393 2069 3446; x_wconf 88' lang='lat' dir='ltr'><strong>quem</strong></span> 
     </span>
    </p>
   </div>
   <div class='ocr_carea' id='block_1_68' title="bbox 421 3465 2069 3538">
    <p class='ocr_par' dir='ltr' id='par_1_68' title="bbox 421 3465 2069 3538">
     <span class='ocr_line' id='line_1_68' title="bbox 421 3465 2069 3538; baseline 0.001 -18"><span class='ocrx_word' id='word_1_455' title='bbox 421 3465 536 3538; x_wconf 90' lang='lat' dir='ltr'><strong>ipsi</strong></span> <span class='ocrx_word' id='word_1_456' title='bbox 568 3465 1012 3537; x_wconf 86' lang='lat' dir='ltr'><strong>exspectabant,</strong></span> <span class='ocrx_word' id='word_1_457' title='bbox 1043 3465 1188 3521; x_wconf 81' lang='lat' dir='ltr'><strong>adeo</strong></span> <span class='ocrx_word' id='word_1_458' title='bbox 1222 3465 1464 3536; x_wconf 88' lang='lat' dir='ltr'><strong>quidem</strong></span> <span class='ocrx_word' id='word_1_459' title='bbox 1495 3471 1560 3520; x_wconf 90' lang='lat' dir='ltr'><strong>ut</strong></span> <span class='ocrx_word' id='word_1_460' title='bbox 1583 3466 1788 3521; x_wconf 88' lang='lat' dir='ltr'><strong>decem</strong></span> <span class='ocrx_word' id='word_1_461' title='bbox 1821 3483 2069 3521; x_wconf 89' lang='lat' dir='ltr'><strong>numero</strong></span> 
     </span>
    </p>
   </div>
   <div class='ocr_carea' id='block_1_69' title="bbox 421 3553 2066 3626">
    <p class='ocr_par' dir='ltr' id='par_1_69' title="bbox 421 3553 2066 3626">
     <span class='ocr_line' id='line_1_69' title="bbox 421 3553 2066 3626; baseline 0 -16"><span class='ocrx_word' id='word_1_462' title='bbox 421 3556 530 3610; x_wconf 89' lang='lat' dir='ltr'><strong>viri</strong></span> <span class='ocrx_word' id='word_1_463' title='bbox 560 3556 718 3611; x_wconf 88' lang='lat' dir='ltr'><strong>inter</strong></span> <span class='ocrx_word' id='word_1_464' title='bbox 748 3571 847 3611; x_wconf 91' lang='lat' dir='ltr'><strong>eos</strong></span> <span class='ocrx_word' id='word_1_465' title='bbox 877 3554 1143 3626; x_wconf 90' lang='lat' dir='ltr'><strong>primarii</strong></span> <span class='ocrx_word' id='word_1_466' title='bbox 1176 3553 1249 3610; x_wconf 89' lang='lat' dir='ltr'><strong>ad</strong></span> <span class='ocrx_word' id='word_1_467' title='bbox 1283 3554 1651 3610; x_wconf 85' lang='lat' dir='ltr'><strong>Moamedum</strong></span> <span class='ocrx_word' id='word_1_468' title='bbox 1697 3572 1758 3609; x_wconf 91' lang='lat' dir='ltr'><strong>se</strong></span> <span class='ocrx_word' id='word_1_469' title='bbox 1789 3553 2066 3610; x_wconf 82' lang='lat' dir='ltr'><strong>contule-</strong></span> 
     </span>
    </p>
   </div>
   <div class='ocr_carea' id='block_1_70' title="bbox 420 3644 2066 3716">
    <p class='ocr_par' dir='ltr' id='par_1_70' title="bbox 420 3644 2066 3716">
     <span class='ocr_line' id='line_1_70' title="bbox 420 3644 2066 3716; baseline 0.001 -16"><span class='ocrx_word' id='word_1_470' title='bbox 420 3646 561 3716; x_wconf 89' lang='lat' dir='ltr'><strong>rint,</strong></span> <span class='ocrx_word' id='word_1_471' title='bbox 603 3645 954 3716; x_wconf 87' lang='lat' dir='ltr'><strong>desertaque</strong></span> <span class='ocrx_word' id='word_1_472' title='bbox 1011 3645 1206 3711; x_wconf 88' lang='lat' dir='ltr'><strong>Mosis,</strong></span> <span class='ocrx_word' id='word_1_473' title='bbox 1267 3645 1361 3701; x_wconf 88' lang='lat' dir='ltr'><strong>cui</strong></span> <span class='ocrx_word' id='word_1_474' title='bbox 1419 3661 1482 3701; x_wconf 87' lang='lat' dir='ltr'><strong>se</strong></span> <span class='ocrx_word' id='word_1_475' title='bbox 1534 3644 1855 3701; x_wconf 79' lang='lat' dir='ltr'><strong>videndum</strong></span> <span class='ocrx_word' id='word_1_476' title='bbox 1912 3648 2066 3702; x_wconf 83' lang='lat' dir='ltr'><strong>Deus</strong></span> 
     </span>
    </p>
   </div>
   <div class='ocr_carea' id='block_1_71' title="bbox 415 3733 2062 3812">
    <p class='ocr_par' dir='ltr' id='par_1_71' title="bbox 415 3733 2062 3812">
     <span class='ocr_line' id='line_1_71' title="bbox 415 3733 2062 3812; baseline 0.001 -23"><span class='ocrx_word' id='word_1_477' title='bbox 415 3735 772 3812; x_wconf 61' lang='lat' dir='ltr'><strong>praebuerat,</strong></span> <span class='ocrx_word' id='word_1_478' title='bbox 802 3735 1088 3808; x_wconf 82' lang='lat' dir='ltr'><strong>religione</strong></span> <span class='ocrx_word' id='word_1_479' title='bbox 1113 3735 1296 3806; x_wconf 89' lang='lat' dir='ltr'><strong>ipsius</strong></span> <span class='ocrx_word' id='word_1_480' title='bbox 1317 3733 1569 3806; x_wconf 84' lang='lat' dir='ltr'><strong>amplexi</strong></span> <span class='ocrx_word' id='word_1_481' title='bbox 1593 3735 2062 3808; x_wconf 84' lang='lat' dir='ltr'><strong>superstitiosam</strong></span> 
     </span>
    </p>
   </div>
   <div class='ocr_carea' id='block_1_72' title="bbox 416 3824 2061 3896">
    <p class='ocr_par' dir='ltr' id='par_1_72' title="bbox 416 3824 2061 3896">
     <span class='ocr_line' id='line_1_72' title="bbox 416 3824 2061 3896; baseline 0.002 -17"><span class='ocrx_word' id='word_1_482' title='bbox 416 3825 804 3896; x_wconf 87' lang='lat' dir='ltr'><strong>impietatem,</strong></span> <span class='ocrx_word' id='word_1_483' title='bbox 837 3841 1025 3896; x_wconf 88' lang='lat' dir='ltr'><strong>usque</strong></span> <span class='ocrx_word' id='word_1_484' title='bbox 1051 3824 1125 3880; x_wconf 88' lang='lat' dir='ltr'><strong>ad</strong></span> <span class='ocrx_word' id='word_1_485' title='bbox 1147 3825 1368 3880; x_wconf 60' lang='lat' dir='ltr'><strong>caedem</strong></span> <span class='ocrx_word' id='word_1_486' title='bbox 1395 3825 1526 3896; x_wconf 85' lang='lat' dir='ltr'><strong>ejus</strong></span> <span class='ocrx_word' id='word_1_487' title='bbox 1547 3824 1659 3896; x_wconf 88' lang='lat' dir='ltr'><strong>ipsi</strong></span> <span class='ocrx_word' id='word_1_488' title='bbox 1683 3824 2061 3882; x_wconf 72' lang='lat' dir='ltr'><strong>adhmseriut.</strong></span> 
     </span>
    </p>
   </div>
   <div class='ocr_carea' id='block_1_73' title="bbox 415 3912 2065 3983">
    <p class='ocr_par' dir='ltr' id='par_1_73' title="bbox 415 3912 2065 3983">
     <span class='ocr_line' id='line_1_73' title="bbox 415 3912 2065 3983; baseline 0.002 -16"><span class='ocrx_word' id='word_1_489' title='bbox 415 3914 632 3968; x_wconf 78' lang='lat' dir='ltr'><strong>Verum</strong></span> <span class='ocrx_word' id='word_1_490' title='bbox 663 3914 723 3967; x_wconf 88' lang='lat' dir='ltr'><strong>hi</strong></span> <span class='ocrx_word' id='word_1_491' title='bbox 755 3912 1020 3968; x_wconf 86' lang='lat' dir='ltr'><strong>videntes</strong></span> <span class='ocrx_word' id='word_1_492' title='bbox 1052 3930 1189 3969; x_wconf 88' lang='lat' dir='ltr'><strong>eum</strong></span> <span class='ocrx_word' id='word_1_493' title='bbox 1218 3930 1394 3969; x_wconf 89' lang='lat' dir='ltr'><strong>carne</strong></span> <span class='ocrx_word' id='word_1_494' title='bbox 1425 3914 1636 3970; x_wconf 89' lang='lat' dir='ltr'><strong>cameli</strong></span> <span class='ocrx_word' id='word_1_495' title='bbox 1662 3915 1835 3983; x_wconf 89' lang='lat' dir='ltr'><strong>vesci,</strong></span> <span class='ocrx_word' id='word_1_496' title='bbox 1869 3930 2065 3970; x_wconf 86' lang='lat' dir='ltr'><strong>sense-</strong></span> 
     </span>
    </p>
   </div>
   <div class='ocr_carea' id='block_1_74' title="bbox 414 4002 2063 4075">
    <p class='ocr_par' dir='ltr' id='par_1_74' title="bbox 414 4002 2063 4075">
     <span class='ocr_line' id='line_1_74' title="bbox 414 4002 2063 4075; baseline 0.001 -19"><span class='ocrx_word' id='word_1_497' title='bbox 414 4008 560 4056; x_wconf 89' lang='lat' dir='ltr'><strong>runt</strong></span> <span class='ocrx_word' id='word_1_498' title='bbox 589 4019 711 4057; x_wconf 91' lang='lat' dir='ltr'><strong>non</strong></span> <span class='ocrx_word' id='word_1_499' title='bbox 745 4017 876 4058; x_wconf 91' lang='lat' dir='ltr'><strong>esse</strong></span> <span class='ocrx_word' id='word_1_500' title='bbox 907 4002 967 4057; x_wconf 94' lang='lat' dir='ltr'><strong>id</strong></span> <span class='ocrx_word' id='word_1_501' title='bbox 999 4003 1156 4072; x_wconf 90' lang='lat' dir='ltr'><strong>quod</strong></span> <span class='ocrx_word' id='word_1_502' title='bbox 1187 4003 1416 4075; x_wconf 84' lang='lat' dir='ltr'><strong>opinati</strong></span> <span class='ocrx_word' id='word_1_503' title='bbox 1459 4003 1718 4059; x_wconf 82' lang='lat' dir='ltr'><strong>fuerant.</strong></span> <span class='ocrx_word' id='word_1_504' title='bbox 1770 4005 1882 4060; x_wconf 83' lang='lat' dir='ltr'><strong>Res</strong></span> <span class='ocrx_word' id='word_1_505' title='bbox 1935 4003 2063 4075; x_wconf 87' lang='lat' dir='ltr'><strong>ipsa</strong></span> 
     </span>
    </p>
   </div>
   <div class='ocr_carea' id='block_1_75' title="bbox 414 4089 1827 4164">
    <p class='ocr_par' dir='ltr' id='par_1_75' title="bbox 414 4089 1827 4164">
     <span class='ocr_line' id='line_1_75' title="bbox 414 4089 1827 4164; baseline 0.001 -19"><span class='ocrx_word' id='word_1_506' title='bbox 414 4090 716 4161; x_wconf 87' lang='lat' dir='ltr'><strong>postulare</strong></span> <span class='ocrx_word' id='word_1_507' title='bbox 743 4089 974 4146; x_wconf 88' lang='lat' dir='ltr'><strong>videtur</strong></span> <span class='ocrx_word' id='word_1_508' title='bbox 1001 4097 1069 4146; x_wconf 91' lang='lat' dir='ltr'><strong>ut</strong></span> <span class='ocrx_word' id='word_1_509' title='bbox 1096 4091 1168 4146; x_wconf 94' lang='lat' dir='ltr'><strong>de</strong></span> <span class='ocrx_word' id='word_1_510' title='bbox 1199 4091 1426 4164; x_wconf 81' lang='lat' dir='ltr'><strong>origine</strong></span> <span class='ocrx_word' id='word_1_511' title='bbox 1450 4092 1582 4164; x_wconf 85' lang='lat' dir='ltr'><strong>ejus</strong></span> <span class='ocrx_word' id='word_1_512' title='bbox 1611 4091 1827 4148; x_wconf 88' lang='lat' dir='ltr'><strong>dicam.</strong></span> 
     </span>
    </p>
   </div>
   <div class='ocr_carea' id='block_1_76' title="bbox 484 4178 2059 4252">
    <p class='ocr_par' dir='ltr' id='par_1_76' title="bbox 484 4178 2059 4252">
     <span class='ocr_line' id='line_1_76' title="bbox 484 4178 2059 4252; baseline 0.001 -18"><span class='ocrx_word' id='word_1_513' title='bbox 484 4178 848 4248; x_wconf 86' lang='lat' dir='ltr'><strong>Moamedus,</strong></span> <span class='ocrx_word' id='word_1_514' title='bbox 908 4180 1008 4251; x_wconf 93' lang='lat' dir='ltr'><strong>qui</strong></span> <span class='ocrx_word' id='word_1_515' title='bbox 1066 4185 1126 4235; x_wconf 87' lang='lat' dir='ltr'><strong>et</strong></span> <span class='ocrx_word' id='word_1_516' title='bbox 1202 4181 1559 4236; x_wconf 75' lang='lat' dir='ltr'><strong>Mu3humeti</strong></span> <span class='ocrx_word' id='word_1_517' title='bbox 1616 4197 1836 4235; x_wconf 88' lang='lat' dir='ltr'><strong>nomen</strong></span> <span class='ocrx_word' id='word_1_518' title='bbox 1886 4181 2059 4252; x_wconf 79' lang='lat' dir='ltr'><strong>gerit,</strong></span> 
     </span>
    </p>
   </div>
   <div class='ocr_carea' id='block_1_77' title="bbox 413 4269 2059 4338">
    <p class='ocr_par' dir='ltr' id='par_1_77' title="bbox 413 4269 2059 4338">
     <span class='ocr_line' id='line_1_77' title="bbox 413 4269 2059 4338; baseline 0.003 -16"><span class='ocrx_word' id='word_1_519' title='bbox 413 4283 628 4338; x_wconf 86' lang='lat' dir='ltr'><strong>genere</strong></span> <span class='ocrx_word' id='word_1_520' title='bbox 657 4285 725 4324; x_wconf 90' lang='lat' dir='ltr'><strong>ac</strong></span> <span class='ocrx_word' id='word_1_521' title='bbox 754 4269 910 4323; x_wconf 89' lang='lat' dir='ltr'><strong>tribu</strong></span> <span class='ocrx_word' id='word_1_522' title='bbox 943 4269 1237 4324; x_wconf 83' lang='lat' dir='ltr'><strong>Ismaelita</strong></span> <span class='ocrx_word' id='word_1_523' title='bbox 1264 4270 1396 4338; x_wconf 87' lang='lat' dir='ltr'><strong>fuit,</strong></span> <span class='ocrx_word' id='word_1_524' title='bbox 1429 4269 1503 4324; x_wconf 88' lang='lat' dir='ltr'><strong>ad</strong></span> <span class='ocrx_word' id='word_1_525' title='bbox 1533 4270 1848 4326; x_wconf 89' lang='lat' dir='ltr'><strong>lsmaelum</strong></span> <span class='ocrx_word' id='word_1_526' title='bbox 1877 4271 2059 4327; x_wconf 87' lang='lat' dir='ltr'><strong>Abra-</strong></span> 
     </span>
    </p>
   </div>
   <div class='ocr_carea' id='block_1_78' title="bbox 2181 3189 3816 3270">
    <p class='ocr_par' dir='ltr' id='par_1_78' title="bbox 2181 3189 3816 3270">
     <span class='ocr_line' id='line_1_78' title="bbox 2181 3189 3816 3270; baseline 0.001 -25"><span class='ocrx_word' id='word_1_527' title='bbox 2181 3192 2410 3266; x_wconf 83' lang='grc' dir='ltr'>χαριτὸν</span> <span class='ocrx_word' id='word_1_528' title='bbox 2444 3199 2676 3268; x_wconf 84' lang='grc' dir='ltr'>συγγενῆ</span> <span class='ocrx_word' id='word_1_529' title='bbox 2709 3193 2897 3249; x_wconf 82' lang='grc' dir='ltr'>αὑτοῦ.</span> <span class='ocrx_word' id='word_1_530' title='bbox 2931 3194 3000 3252; x_wconf 78' lang='lat' dir='ltr'><strong>Ol</strong></span> <span class='ocrx_word' id='word_1_531' title='bbox 3031 3191 3089 3249; x_wconf 76' lang='grc' dir='ltr'>δὲ</span> <span class='ocrx_word' id='word_1_532' title='bbox 3117 3191 3529 3268; x_wconf 77' lang='grc' dir='ltr'>πεπλανημένοι</span> <span class='ocrx_word' id='word_1_533' title='bbox 3587 3189 3816 3270; x_wconf 72' lang='grc' dir='ltr'>Ἑϐραῖοι</span> 
     </span>
    </p>
   </div>
   <div class='ocr_carea' id='block_1_79' title="bbox 2180 3281 3820 3359">
    <p class='ocr_par' dir='ltr' id='par_1_79' title="bbox 2180 3281 3820 3359">
     <span class='ocr_line' id='line_1_79' title="bbox 2180 3281 3820 3359; baseline 0.001 -23"><span class='ocrx_word' id='word_1_534' title='bbox 2180 3281 2232 3336; x_wconf 70' lang='grc' dir='ltr'>ἓν</span> <span class='ocrx_word' id='word_1_535' title='bbox 2267 3281 2415 3357; x_wconf 79' lang='grc' dir='ltr'>ἀρχῇ</span> <span class='ocrx_word' id='word_1_536' title='bbox 2456 3287 2558 3350; x_wconf 82' lang='grc' dir='ltr'>τῆς</span> <span class='ocrx_word' id='word_1_537' title='bbox 2617 3282 2918 3358; x_wconf 84' lang='grc' dir='ltr'>παρουσίας</span> <span class='ocrx_word' id='word_1_538' title='bbox 2969 3281 3133 3339; x_wconf 79' lang='grc' dir='ltr'>αὐτοῦ</span> <span class='ocrx_word' id='word_1_539' title='bbox 3186 3282 3442 3359; x_wconf 70' lang='grc' dir='ltr'>ἐνόμισαν</span> <span class='ocrx_word' id='word_1_540' title='bbox 3487 3285 3649 3341; x_wconf 79' lang='grc' dir='ltr'>αὐτὸν</span> <span class='ocrx_word' id='word_1_541' title='bbox 3695 3285 3820 3339; x_wconf 78' lang='grc' dir='ltr'>εἶναι</span> 
     </span>
    </p>
   </div>
   <div class='ocr_carea' id='block_1_80' title="bbox 2177 3369 3821 3446">
    <p class='ocr_par' dir='ltr' id='par_1_80' title="bbox 2177 3369 3821 3446">
     <span class='ocr_line' id='line_1_80' title="bbox 2177 3369 3821 3446; baseline 0.002 -22"><span class='ocrx_word' id='word_1_542' title='bbox 2177 3369 2268 3424; x_wconf 86' lang='grc' dir='ltr'>τὸν</span> <span class='ocrx_word' id='word_1_543' title='bbox 2303 3372 2428 3444; x_wconf 84' lang='grc' dir='ltr'>παρ’</span> <span class='ocrx_word' id='word_1_544' title='bbox 2455 3370 2643 3434; x_wconf 84' lang='grc' dir='ltr'>αὑτοῖς</span> <span class='ocrx_word' id='word_1_545' title='bbox 2667 3369 3125 3446; x_wconf 86' lang='grc' dir='ltr'>προσδοκώμενον</span> <span class='ocrx_word' id='word_1_546' title='bbox 3160 3373 3418 3445; x_wconf 84' lang='grc' dir='ltr'>Χριστὸν,</span> <span class='ocrx_word' id='word_1_547' title='bbox 3476 3374 3552 3436; x_wconf 85' lang='grc' dir='ltr'><strong>ὡς</strong></span> <span class='ocrx_word' id='word_1_548' title='bbox 3601 3374 3695 3428; x_wconf 86' lang='grc' dir='ltr'><strong>καί</strong></span> <span class='ocrx_word' id='word_1_549' title='bbox 3746 3393 3821 3427; x_wconf 82' lang='grc' dir='ltr'><strong>τι-</strong></span> 
     </span>
    </p>
   </div>
   <div class='ocr_carea' id='block_1_81' title="bbox 2175 3456 3818 3538">
    <p class='ocr_par' dir='ltr' id='par_1_81' title="bbox 2175 3456 3818 3538">
     <span class='ocr_line' id='line_1_81' title="bbox 2175 3456 3818 3538; baseline 0.001 -25"><span class='ocrx_word' id='word_1_550' title='bbox 2175 3479 2268 3521; x_wconf 87' lang='grc' dir='ltr'><strong>νας</strong></span> <span class='ocrx_word' id='word_1_551' title='bbox 2297 3459 2389 3515; x_wconf 86' lang='grc' dir='ltr'><strong>τὸν</strong></span> <span class='ocrx_word' id='word_1_552' title='bbox 2427 3459 2658 3534; x_wconf 81' lang='grc' dir='ltr'>ἀριθμὸν</span> <span class='ocrx_word' id='word_1_553' title='bbox 2717 3456 2846 3516; x_wconf 65' lang='grc' dir='ltr'>δέκα</span> <span class='ocrx_word' id='word_1_554' title='bbox 2886 3457 3230 3537; x_wconf 70' lang='grc' dir='ltr'>προῦχοντας</span> <span class='ocrx_word' id='word_1_555' title='bbox 3275 3459 3450 3518; x_wconf 78' lang='grc' dir='ltr'>αῧτῶν</span> <span class='ocrx_word' id='word_1_556' title='bbox 3501 3461 3818 3538; x_wconf 75' lang='grc' dir='ltr'>προσελθεῖν</span> 
     </span>
    </p>
   </div>
   <div class='ocr_carea' id='block_1_82' title="bbox 2175 3547 3821 3628">
    <p class='ocr_par' dir='ltr' id='par_1_82' title="bbox 2175 3547 3821 3628">
     <span class='ocr_line' id='line_1_82' title="bbox 2175 3547 3821 3628; baseline 0.002 -26"><span class='ocrx_word' id='word_1_557' title='bbox 2175 3547 2345 3620; x_wconf 81' lang='grc' dir='ltr'>αὐτῷ,</span> <span class='ocrx_word' id='word_1_558' title='bbox 2377 3549 2586 3628; x_wconf 72' lang='grc' dir='ltr'>ἀφεῖναί</span> <span class='ocrx_word' id='word_1_559' title='bbox 2613 3570 2672 3605; x_wconf 85' lang='grc' dir='ltr'><strong>τε</strong></span> <span class='ocrx_word' id='word_1_560' title='bbox 2699 3549 2800 3618; x_wconf 77' lang='grc' dir='ltr'><strong>τὴν</strong></span> <span class='ocrx_word' id='word_1_561' title='bbox 2855 3553 2951 3606; x_wconf 92' lang='grc' dir='ltr'><strong>τοῦ</strong></span> <span class='ocrx_word' id='word_1_562' title='bbox 3009 3549 3241 3606; x_wconf 80' lang='grc' dir='ltr'>θεόπτου</span> <span class='ocrx_word' id='word_1_563' title='bbox 3299 3552 3544 3615; x_wconf 80' lang='grc' dir='ltr'>Μωσέως</span> <span class='ocrx_word' id='word_1_564' title='bbox 3603 3553 3699 3608; x_wconf 78' lang='grc' dir='ltr'><strong>καὶ</strong></span> <span class='ocrx_word' id='word_1_565' title='bbox 3745 3548 3821 3606; x_wconf 68' lang='grc' dir='ltr'><strong>δὲ·</strong></span> 
     </span>
    </p>
   </div>
   <div class='ocr_carea' id='block_1_83' title="bbox 2175 3635 3823 3718">
    <p class='ocr_par' dir='ltr' id='par_1_83' title="bbox 2175 3635 3823 3718">
     <span class='ocr_line' id='line_1_83' title="bbox 2175 3635 3823 3718; baseline 0.001 -28"><span class='ocrx_word' id='word_1_566' title='bbox 2175 3635 2359 3707; x_wconf 78' lang='grc' dir='ltr'>ξασθαι</span> <span class='ocrx_word' id='word_1_567' title='bbox 2387 3640 2486 3707; x_wconf 71' lang='grc' dir='ltr'>τὴν</span> <span class='ocrx_word' id='word_1_568' title='bbox 2524 3637 2690 3694; x_wconf 77' lang='grc' dir='ltr'>αὐτοῦ</span> <span class='ocrx_word' id='word_1_569' title='bbox 2749 3639 3060 3714; x_wconf 84' lang='grc' dir='ltr'>θρησκείαν,</span> <span class='ocrx_word' id='word_1_570' title='bbox 3127 3640 3217 3696; x_wconf 81' lang='grc' dir='ltr'><strong>καὶ</strong></span> <span class='ocrx_word' id='word_1_571' title='bbox 3271 3639 3364 3696; x_wconf 76' lang='grc' dir='ltr'><strong>σὺν</strong></span> <span class='ocrx_word' id='word_1_572' title='bbox 3417 3641 3566 3713; x_wconf 81' lang='grc' dir='ltr'>αὐτῷ</span> <span class='ocrx_word' id='word_1_573' title='bbox 3623 3639 3823 3718; x_wconf 77' lang='grc' dir='ltr'>διάγειν</span> 
     </span>
    </p>
   </div>
   <div class='ocr_carea' id='block_1_84' title="bbox 2177 3727 3820 3808">
    <p class='ocr_par' dir='ltr' id='par_1_84' title="bbox 2177 3727 3820 3808">
     <span class='ocr_line' id='line_1_84' title="bbox 2177 3727 3820 3808; baseline 0.002 -26"><span class='ocrx_word' id='word_1_574' title='bbox 2177 3727 2344 3802; x_wconf 74' lang='grc' dir='ltr'>μέχρι</span> <span class='ocrx_word' id='word_1_575' title='bbox 2397 3735 2502 3798; x_wconf 86' lang='grc' dir='ltr'><strong>τῆς</strong></span> <span class='ocrx_word' id='word_1_576' title='bbox 2560 3734 2774 3808; x_wconf 73' lang='grc' dir='ltr'>σφαγῆς</span> <span class='ocrx_word' id='word_1_577' title='bbox 2831 3728 3020 3786; x_wconf 83' lang='grc' dir='ltr'>αὐτοῦ.</span> <span class='ocrx_word' id='word_1_578' title='bbox 3107 3731 3486 3805; x_wconf 77' lang='grc' dir='ltr'>Θεωρήσαντες</span> <span class='ocrx_word' id='word_1_579' title='bbox 3549 3729 3607 3787; x_wconf 70' lang='grc' dir='ltr'>δὲ</span> <span class='ocrx_word' id='word_1_580' title='bbox 3667 3731 3820 3787; x_wconf 84' lang='grc' dir='ltr'>αύτὸν</span> 
     </span>
    </p>
   </div>
   <div class='ocr_carea' id='block_1_85' title="bbox 2171 3813 3822 3894">
    <p class='ocr_par' dir='ltr' id='par_1_85' title="bbox 2171 3813 3822 3894">
     <span class='ocr_line' id='line_1_85' title="bbox 2171 3813 3822 3894; baseline 0.001 -22"><span class='ocrx_word' id='word_1_581' title='bbox 2171 3814 2418 3872; x_wconf 65' lang='grc' dir='ltr'>ἐσθίοντα</span> <span class='ocrx_word' id='word_1_582' title='bbox 2445 3816 2552 3872; x_wconf 82' lang='grc' dir='ltr'>ἀπὸ</span> <span class='ocrx_word' id='word_1_583' title='bbox 2581 3817 2840 3891; x_wconf 78' lang='grc' dir='ltr'>καμῆλου</span> <span class='ocrx_word' id='word_1_584' title='bbox 2897 3816 3132 3894; x_wconf 83' lang='grc' dir='ltr'>ἔγνωσαν</span> <span class='ocrx_word' id='word_1_585' title='bbox 3188 3819 3272 3874; x_wconf 85' lang='grc' dir='ltr'>ὃτι</span> <span class='ocrx_word' id='word_1_586' title='bbox 3329 3818 3429 3875; x_wconf 84' lang='grc' dir='ltr'>οὐκ</span> <span class='ocrx_word' id='word_1_587' title='bbox 3473 3813 3616 3875; x_wconf 83' lang='grc' dir='ltr'>ἔστιν</span> <span class='ocrx_word' id='word_1_588' title='bbox 3669 3820 3822 3881; x_wconf 78' lang='grc' dir='ltr'>αὐτὸς</span> 
     </span>
    </p>
   </div>
   <div class='ocr_carea' id='block_1_86' title="bbox 2171 3903 3826 3984">
    <p class='ocr_par' dir='ltr' id='par_1_86' title="bbox 2171 3903 3826 3984">
     <span class='ocr_line' id='line_1_86' title="bbox 2171 3903 3826 3984; baseline 0.001 -22"><span class='ocrx_word' id='word_1_589' title='bbox 2171 3904 2230 3962; x_wconf 79' lang='grc' dir='ltr'><strong>δν</strong></span> <span class='ocrx_word' id='word_1_590' title='bbox 2261 3904 2541 3980; x_wconf 73' lang='grc' dir='ltr'>ἐνόμισαν.</span> <span class='ocrx_word' id='word_1_591' title='bbox 2575 3907 2904 3981; x_wconf 77' lang='grc' dir='ltr'>Ἀναγκαῖον</span> <span class='ocrx_word' id='word_1_592' title='bbox 2955 3903 3016 3963; x_wconf 76' lang='grc' dir='ltr'>δὶ</span> <span class='ocrx_word' id='word_1_593' title='bbox 3070 3905 3240 3964; x_wconf 77' lang='grc' dir='ltr'>εἰπεῖν</span> <span class='ocrx_word' id='word_1_594' title='bbox 3293 3908 3418 3984; x_wconf 77' lang='grc' dir='ltr'>περὶ</span> <span class='ocrx_word' id='word_1_595' title='bbox 3476 3915 3580 3980; x_wconf 78' lang='grc' dir='ltr'><strong>τῆς</strong></span> <span class='ocrx_word' id='word_1_596' title='bbox 3635 3909 3826 3967; x_wconf 83' lang='grc' dir='ltr'>τούτου</span> 
     </span>
    </p>
   </div>
   <div class='ocr_carea' id='block_1_87' title="bbox 2169 3999 2370 4072">
    <p class='ocr_par' dir='ltr' id='par_1_87' title="bbox 2169 3999 2370 4072">
     <span class='ocr_line' id='line_1_87' title="bbox 2169 3999 2370 4072; baseline 0.01 -20"><span class='ocrx_word' id='word_1_597' title='bbox 2169 3999 2370 4072; x_wconf 79' lang='grc' dir='ltr'>γενεᾶς.</span> 
     </span>
    </p>
   </div>
   <div class='ocr_carea' id='block_1_88' title="bbox 2239 4174 3817 4256">
    <p class='ocr_par' dir='ltr' id='par_1_88' title="bbox 2239 4174 3817 4256">
     <span class='ocr_line' id='line_1_88' title="bbox 2239 4174 3817 4256; baseline 0 -23"><span class='ocrx_word' id='word_1_598' title='bbox 2239 4175 2414 4240; x_wconf 74' lang='grc' dir='ltr'>Οὗτος</span> <span class='ocrx_word' id='word_1_599' title='bbox 2443 4178 2472 4233; x_wconf 90' lang='lat'><strong>6</strong></span> <span class='ocrx_word' id='word_1_600' title='bbox 2505 4174 2747 4252; x_wconf 73' lang='grc' dir='ltr'>Μωάμεδ</span> <span class='ocrx_word' id='word_1_601' title='bbox 2777 4177 2806 4232; x_wconf 90' lang='lat'><strong>6</strong></span> <span class='ocrx_word' id='word_1_602' title='bbox 2839 4177 2932 4233; x_wconf 82' lang='grc' dir='ltr'>καὶ</span> <span class='ocrx_word' id='word_1_603' title='bbox 2989 4177 3325 4256; x_wconf 88' lang='grc' dir='ltr'>Μουχούμετ</span> <span class='ocrx_word' id='word_1_604' title='bbox 3371 4179 3424 4254; x_wconf 78' lang='grc' dir='ltr'><strong>ἐξ</strong></span> <span class='ocrx_word' id='word_1_605' title='bbox 3471 4181 3712 4254; x_wconf 75' lang='grc' dir='ltr'>Ἰσμαὴλ</span> <span class='ocrx_word' id='word_1_606' title='bbox 3755 4180 3817 4250; x_wconf 84' lang='grc' dir='ltr'>ἦν</span> 
     </span>
    </p>
   </div>
   <div class='ocr_carea' id='block_1_89' title="bbox 2165 4262 3818 4346">
    <p class='ocr_par' dir='ltr' id='par_1_89' title="bbox 2165 4262 3818 4346">
     <span class='ocr_line' id='line_1_89' title="bbox 2165 4262 3818 4346; baseline 0.003 -23"><span class='ocrx_word' id='word_1_607' title='bbox 2165 4267 2363 4324; x_wconf 87' lang='grc' dir='ltr'>τούτου</span> <span class='ocrx_word' id='word_1_608' title='bbox 2391 4267 2490 4337; x_wconf 78' lang='grc' dir='ltr'><strong>τήν</strong></span> <span class='ocrx_word' id='word_1_609' title='bbox 2521 4263 2701 4344; x_wconf 76' lang='grc' dir='ltr'>φυλὴν</span> <span class='ocrx_word' id='word_1_610' title='bbox 2757 4267 3030 4343; x_wconf 83' lang='grc' dir='ltr'>κατάγων,</span> <span class='ocrx_word' id='word_1_611' title='bbox 3088 4268 3210 4322; x_wconf 76' lang='grc' dir='ltr'>υἱοῦ</span> <span class='ocrx_word' id='word_1_612' title='bbox 3260 4262 3533 4342; x_wconf 75' lang='grc' dir='ltr'>Ἀϐραάμ.</span> <span class='ocrx_word' id='word_1_613' title='bbox 3587 4269 3818 4346; x_wconf 76' lang='grc' dir='ltr'>Νίζαρος</span> 
     </span>
    </p>
   </div>
   <div class='ocr_carea' id='block_1_90' title="bbox 411 4353 2073 4458">
    <p class='ocr_par' dir='ltr' id='par_1_90' title="bbox 411 4356 2060 4429">
     <span class='ocr_line' id='line_1_90' title="bbox 411 4356 2060 4429; baseline 0.002 -17"><span class='ocrx_word' id='word_1_614' title='bbox 411 4356 572 4412; x_wconf 88' lang='lat' dir='ltr'><strong>hami</strong></span> <span class='ocrx_word' id='word_1_615' title='bbox 602 4359 794 4413; x_wconf 79' lang='lat' dir='ltr'><strong>{illum</strong></span> <span class='ocrx_word' id='word_1_616' title='bbox 825 4374 1010 4429; x_wconf 86' lang='lat' dir='ltr'><strong>genus</strong></span> <span class='ocrx_word' id='word_1_617' title='bbox 1036 4360 1321 4414; x_wconf 89' lang='lat' dir='ltr'><strong>referens.</strong></span> <span class='ocrx_word' id='word_1_618' title='bbox 1355 4361 1500 4414; x_wconf 89' lang='lat' dir='ltr'><strong>Nam</strong></span> <span class='ocrx_word' id='word_1_619' title='bbox 1533 4359 1605 4415; x_wconf 88' lang='lat' dir='ltr'><strong>ab</strong></span> <span class='ocrx_word' id='word_1_620' title='bbox 1635 4359 1914 4415; x_wconf 88' lang='lat' dir='ltr'><strong>omnibus</strong></span> <span class='ocrx_word' id='word_1_621' title='bbox 1938 4360 2060 4416; x_wconf 90' lang='lat' dir='ltr'><strong>illis</strong></span> 
     </span>
    </p>
   </div>
   <div class='ocr_carea' id='block_1_91' title="bbox 2188 4353 3822 4458">
    <p class='ocr_par' dir='ltr' id='par_1_91' title="bbox 2188 4353 3822 4433">
     <span class='ocr_line' id='line_1_91' title="bbox 2188 4353 3822 4433; baseline -0.001 -20"><span class='ocrx_word' id='word_1_622' title='bbox 2188 4359 2272 4433; x_wconf 61' lang='grc' dir='ltr'><strong>(ἂρ</strong></span> <span class='ocrx_word' id='word_1_623' title='bbox 2303 4358 2331 4412; x_wconf 89' lang='lat'><strong>6</strong></span> <span class='ocrx_word' id='word_1_624' title='bbox 2387 4361 2484 4412; x_wconf 89' lang='grc' dir='ltr'><strong>τοῦ</strong></span> <span class='ocrx_word' id='word_1_625' title='bbox 2540 4353 2777 4429; x_wconf 74' lang='grc' dir='ltr'>’Ῑσμαήλ</span> <span class='ocrx_word' id='word_1_626' title='bbox 2845 4357 3114 4430; x_wconf 84' lang='grc' dir='ltr'>ἀπόγονος</span> <span class='ocrx_word' id='word_1_627' title='bbox 3171 4357 3318 4432; x_wconf 79' lang='grc' dir='ltr'>παρὰ</span> <span class='ocrx_word' id='word_1_628' title='bbox 3373 4359 3589 4415; x_wconf 75' lang='grc' dir='ltr'>πάντων</span> <span class='ocrx_word' id='word_1_629' title='bbox 3649 4359 3822 4416; x_wconf 77' lang='grc' dir='ltr'>αὐτῶν</span> 
     </span>
    </p>
   </div>
   <div class='ocr_carea' id='block_1_92' title="bbox 403 4443 2073 4524">
    <p class='ocr_par' dir='ltr' id='par_1_92' title="bbox 403 4447 2060 4520">
     <span class='ocr_line' id='line_1_92' title="bbox 403 4447 2060 4520; baseline 0.002 -20"><span class='ocrx_word' id='word_1_630' title='bbox 403 4447 684 4520; x_wconf 90' lang='lat' dir='ltr'><strong>princeps</strong></span> <span class='ocrx_word' id='word_1_631' title='bbox 742 4452 976 4504; x_wconf 88' lang='lat' dir='ltr'><strong>creatus</strong></span> <span class='ocrx_word' id='word_1_632' title='bbox 1020 4448 1134 4504; x_wconf 89' lang='lat' dir='ltr'><strong>fuit</strong></span> <span class='ocrx_word' id='word_1_633' title='bbox 1179 4449 1440 4516; x_wconf 84' lang='lat' dir='ltr'><strong>Nizarus,</strong></span> <span class='ocrx_word' id='word_1_634' title='bbox 1501 4465 1656 4505; x_wconf 89' lang='lat' dir='ltr'><strong>unus</strong></span> <span class='ocrx_word' id='word_1_635' title='bbox 1699 4449 1771 4505; x_wconf 89' lang='lat' dir='ltr'><strong>de</strong></span> <span class='ocrx_word' id='word_1_636' title='bbox 1821 4449 2060 4506; x_wconf 78' lang='lat' dir='ltr'><strong>Ismaeli</strong></span> 
     </span>
    </p>
   </div>
   <div class='ocr_carea' id='block_1_93' title="bbox 2188 4443 3818 4524">
    <p class='ocr_par' dir='ltr' id='par_1_93' title="bbox 2188 4443 3818 4524">
     <span class='ocr_line' id='line_1_93' title="bbox 2188 4443 3818 4524; baseline 0 -21"><span class='ocrx_word' id='word_1_637' title='bbox 2188 4445 2574 4524; x_wconf 74' lang='grc' dir='ltr'>ἱναγορεύεται.</span> <span class='ocrx_word' id='word_1_638' title='bbox 2623 4445 2797 4508; x_wconf 84' lang='grc' dir='ltr'>Οὗτος</span> <span class='ocrx_word' id='word_1_639' title='bbox 2855 4445 2949 4501; x_wconf 84' lang='grc' dir='ltr'><strong>οὗν</strong></span> <span class='ocrx_word' id='word_1_640' title='bbox 2997 4449 3153 4520; x_wconf 80' lang='grc' dir='ltr'>γεννᾷ</span> <span class='ocrx_word' id='word_1_641' title='bbox 3207 4445 3365 4510; x_wconf 78' lang='grc' dir='ltr'>υἱοὺς</span> <span class='ocrx_word' id='word_1_642' title='bbox 3426 4443 3546 4517; x_wconf 88' lang='grc' dir='ltr'>δύο,</span> <span class='ocrx_word' id='word_1_643' title='bbox 3606 4446 3818 4506; x_wconf 57' lang='lat' dir='ltr'><strong>Moriam-</strong></span> 
     </span>
    </p>
   </div>
   <div class='ocr_carea' id='block_1_94' title="bbox 1573 4565 2578 4625">
    <p class='ocr_par' dir='ltr' id='par_1_94' title="bbox 1573 4565 2578 4625">
     <span class='ocr_line' id='line_1_94' title="bbox 1573 4565 2578 4625; baseline -0.001 -4"><span class='ocrx_word' id='word_1_644' title='bbox 1573 4565 1937 4624; x_wconf 83' lang='lat' dir='ltr'><strong>XYLANDRI</strong></span> <span class='ocrx_word' id='word_1_645' title='bbox 1973 4571 2061 4624; x_wconf 91' lang='lat' dir='ltr'><strong>ET</strong></span> <span class='ocrx_word' id='word_1_646' title='bbox 2097 4567 2315 4625; x_wconf 80' lang='lat' dir='ltr'><strong>GOARI</strong></span> <span class='ocrx_word' id='word_1_647' title='bbox 2352 4566 2578 4622; x_wconf 68' lang='lat' dir='ltr'><strong>NOTAE.</strong></span> 
     </span>
    </p>
   </div>
   <div class='ocr_carea' id='block_1_95' title="bbox 484 4677 2064 4758">
    <p class='ocr_par' dir='ltr' id='par_1_95' title="bbox 484 4677 2064 4758">
     <span class='ocr_line' id='line_1_95' title="bbox 484 4677 2064 4758; baseline 0.005 -29"><span class='ocrx_word' id='word_1_648' title='bbox 484 4677 736 4758; x_wconf 71' lang='lat' dir='ltr'><strong>(68)_ln_</strong></span> <span class='ocrx_word' id='word_1_649' title='bbox 769 4680 1062 4758; x_wconf 55' lang='lat' dir='ltr'><strong>margine</strong></span> <span class='ocrx_word' id='word_1_650' title='bbox 1089 4677 1411 4758; x_wconf 58' lang='lat' dir='ltr'><strong>8_6ypa__é1ti</strong></span> <span class='ocrx_word' id='word_1_651' title='bbox 1473 4679 1706 4758; x_wconf 59' lang='grc' dir='ltr'>δύγματι</span> <span class='ocrx_word' id='word_1_652' title='bbox 1763 4679 2064 4758; x_wconf 80' lang='grc' dir='ltr'>ἀδογμάτι-</span> 
     </span>
    </p>
   </div>
   <div class='ocr_carea' id='block_1_96' title="bbox 414 4748 2059 4826">
    <p class='ocr_par' dir='ltr' id='par_1_96' title="bbox 414 4748 2059 4826">
     <span class='ocr_line' id='line_1_96' title="bbox 414 4748 2059 4826; baseline 0.006 -26"><span class='ocrx_word' id='word_1_653' title='bbox 414 4748 778 4826; x_wconf 72' lang='lat' dir='ltr'><strong>mov.Cr_edo</strong></span> <span class='ocrx_word' id='word_1_654' title='bbox 812 4748 935 4826; x_wconf 76' lang='lat' dir='ltr'><strong>hoc_</strong></span> <span class='ocrx_word' id='word_1_655' title='bbox 978 4748 1480 4826; x_wconf 38' lang='lat' dir='ltr'><strong>voluitfedictum</strong></span> <span class='ocrx_word' id='word_1_656' title='bbox 1526 4748 1793 4825; x_wconf 71' lang='lat' dir='ltr'><strong>ineptum</strong></span> <span class='ocrx_word' id='word_1_657' title='bbox 1842 4748 2059 4826; x_wconf 62' lang='lat' dir='ltr'><strong>ineptas</strong></span> 
     </span>
    </p>
   </div>
   <div class='ocr_carea' id='block_1_97' title="bbox 415 4821 2058 4883">
    <p class='ocr_par' dir='ltr' id='par_1_97' title="bbox 415 4821 2058 4883">
     <span class='ocr_line' id='line_1_97' title="bbox 415 4821 2058 4883; baseline 0.005 -9"><span class='ocrx_word' id='word_1_658' title='bbox 415 4821 727 4877; x_wconf 59' lang='lat' dir='ltr'><strong>sententia)</strong></span> <span class='ocrx_word' id='word_1_659' title='bbox 756 4821 991 4877; x_wconf 68' lang='lat' dir='ltr'><strong>tuendae</strong></span> <span class='ocrx_word' id='word_1_660' title='bbox 1022 4840 1200 4879; x_wconf 89' lang='lat' dir='ltr'><strong>causa</strong></span> <span class='ocrx_word' id='word_1_661' title='bbox 1226 4824 1447 4878; x_wconf 89' lang='lat' dir='ltr'><strong>factum</strong></span> <span class='ocrx_word' id='word_1_662' title='bbox 1481 4821 1676 4880; x_wconf 78' lang='lat' dir='ltr'><strong>fuisse.</strong></span> <span class='ocrx_word' id='word_1_663' title='bbox 1712 4826 1822 4880; x_wconf 89' lang='lat' dir='ltr'><strong>Sed</strong></span> <span class='ocrx_word' id='word_1_664' title='bbox 1855 4833 1912 4881; x_wconf 91' lang='lat' dir='ltr'><strong>et</strong></span> <span class='ocrx_word' id='word_1_665' title='bbox 1932 4821 2058 4883; x_wconf 68' lang='lat' dir='ltr'><strong>haec</strong></span> 
     </span>
    </p>
   </div>
   <div class='ocr_carea' id='block_1_98' title="bbox 411 4891 2058 4970">
    <p class='ocr_par' dir='ltr' id='par_1_98' title="bbox 411 4891 2058 4970">
     <span class='ocr_line' id='line_1_98' title="bbox 411 4891 2058 4970; baseline 0.004 -25"><span class='ocrx_word' id='word_1_666' title='bbox 411 4899 554 4970; x_wconf 64' lang='lat' dir='ltr'><strong>sunt</strong></span> <span class='ocrx_word' id='word_1_667' title='bbox 581 4892 813 4970; x_wconf 63' lang='lat' dir='ltr'><strong>ibidem</strong></span> <span class='ocrx_word' id='word_1_668' title='bbox 861 4900 1179 4970; x_wconf 69' lang='lat' dir='ltr'><strong>annotata:</strong></span> <span class='ocrx_word' id='word_1_669' title='bbox 1240 4895 1380 4967; x_wconf 78' lang='grc' dir='ltr'>’Όρα</span> <span class='ocrx_word' id='word_1_670' title='bbox 1423 4894 1571 4970; x_wconf 74' lang='grc' dir='ltr'>ὅπως</span> <span class='ocrx_word' id='word_1_671' title='bbox 1602 4895 1630 4948; x_wconf 93' lang='lat'><strong>6</strong></span> <span class='ocrx_word' id='word_1_672' title='bbox 1658 4891 2058 4970; x_wconf 81' lang='grc' dir='ltr'>ἀνδρικώτατος</span> 
     </span>
    </p>
   </div>
   <div class='ocr_carea' id='block_1_99' title="bbox 413 4961 2057 5042">
    <p class='ocr_par' dir='ltr' id='par_1_99' title="bbox 413 4961 2057 5042">
     <span class='ocr_line' id='line_1_99' title="bbox 413 4961 2057 5042; baseline 0.004 -26"><span class='ocrx_word' id='word_1_673' title='bbox 413 4961 570 5042; x_wconf 59' lang='grc' dir='ltr'>οὗτος</span> <span class='ocrx_word' id='word_1_674' title='bbox 606 4962 862 5042; x_wconf 69' lang='grc' dir='ltr'>βασιλεὺς</span> <span class='ocrx_word' id='word_1_675' title='bbox 890 4969 1006 5042; x_wconf 76' lang='grc' dir='ltr'>τοῖς</span> <span class='ocrx_word' id='word_1_676' title='bbox 1033 4961 1348 5042; x_wconf 32' lang='grc' dir='ltr'>μαὶρετικοῖς</span> <span class='ocrx_word' id='word_1_677' title='bbox 1403 4961 1772 5042; x_wconf 67' lang='grc' dir='ltr'>περιέπιπτεν,</span> <span class='ocrx_word' id='word_1_678' title='bbox 1821 4967 1920 5022; x_wconf 73' lang='grc' dir='ltr'><strong>οὐκ</strong></span> <span class='ocrx_word' id='word_1_679' title='bbox 1967 4970 2057 5022; x_wconf 84' lang='grc' dir='ltr'><strong>οἷ-</strong></span> 
     </span>
    </p>
   </div>
   <div class='ocr_carea' id='block_1_100' title="bbox 411 5030 2012 5111">
    <p class='ocr_par' dir='ltr' id='par_1_100' title="bbox 411 5030 2012 5111">
     <span class='ocr_line' id='line_1_100' title="bbox 411 5030 2012 5111; baseline 0.008 -23"><span class='ocrx_word' id='word_1_680' title='bbox 411 5030 562 5111; x_wconf 23' lang='grc' dir='ltr'>δαιδὲ</span> <span class='ocrx_word' id='word_1_681' title='bbox 671 5035 760 5090; x_wconf 78' lang='grc' dir='ltr'><strong>καὶ</strong></span> <span class='ocrx_word' id='word_1_682' title='bbox 792 5030 1125 5097; x_wconf 61' lang='grc' dir='ltr'>αύτοθελῶςί</span> <span class='ocrx_word' id='word_1_683' title='bbox 1155 5039 1296 5111; x_wconf 65' lang='grc' dir='ltr'>ΧΠ..</span> <span class='ocrx_word' id='word_1_684' title='bbox 1472 5030 1481 5042; x_wconf 64' lang='grc'><em>’</em></span> <span class='ocrx_word' id='word_1_685' title='bbox 1533 5110 1540 5111; x_wconf 17' lang='lat'><em>7</em></span> <span class='ocrx_word' id='word_1_686' title='bbox 1759 5030 1768 5038; x_wconf 46' lang='lat'><em>&#39;</em></span> <span class='ocrx_word' id='word_1_687' title='bbox 2005 5101 2012 5111; x_wconf 41' lang='lat'><strong>|</strong></span> 
     </span>
    </p>
   </div>
   <div class='ocr_carea' id='block_1_101' title="bbox 479 5108 2058 5183">
    <p class='ocr_par' dir='ltr' id='par_1_101' title="bbox 479 5108 2058 5183">
     <span class='ocr_line' id='line_1_101' title="bbox 479 5108 2058 5183; baseline 0.004 -21"><span class='ocrx_word' id='word_1_688' title='bbox 479 5108 598 5183; x_wconf 25' lang='grc'>(69).</span> <span class='ocrx_word' id='word_1_689' title='bbox 621 5109 675 5164; x_wconf 93' lang='lat' dir='ltr'><strong>S.</strong></span> <span class='ocrx_word' id='word_1_690' title='bbox 707 5111 997 5183; x_wconf 72' lang='lat' dir='ltr'><strong>maximus</strong></span> <span class='ocrx_word' id='word_1_691' title='bbox 1028 5111 1210 5165; x_wconf 88' lang='lat' dir='ltr'><strong>abbas</strong></span> <span class='ocrx_word' id='word_1_692' title='bbox 1237 5110 1350 5183; x_wconf 81' lang='lat' dir='ltr'><strong>fuit</strong></span> <span class='ocrx_word' id='word_1_693' title='bbox 1382 5111 1440 5164; x_wconf 91' lang='lat' dir='ltr'><strong>in</strong></span> <span class='ocrx_word' id='word_1_694' title='bbox 1473 5110 1690 5175; x_wconf 81' lang='lat' dir='ltr'><strong>Africa,</strong></span> <span class='ocrx_word' id='word_1_695' title='bbox 1751 5129 1950 5183; x_wconf 90' lang='lat' dir='ltr'><strong>quem,</strong></span> <span class='ocrx_word' id='word_1_696' title='bbox 1997 5108 2058 5168; x_wconf 88' lang='lat' dir='ltr'><strong>et</strong></span> 
     </span>
    </p>
   </div>
   <div class='ocr_carea' id='block_1_102' title="bbox 407 5177 2054 5268">
    <p class='ocr_par' dir='ltr' id='par_1_102' title="bbox 407 5177 2054 5268">
     <span class='ocr_line' id='line_1_102' title="bbox 407 5177 2054 5268; baseline 0.005 -36"><span class='ocrx_word' id='word_1_697' title='bbox 407 5177 536 5268; x_wconf 69' lang='lat' dir='ltr'><strong>ejus</strong></span> <span class='ocrx_word' id='word_1_698' title='bbox 567 5177 716 5268; x_wconf 43' lang='lat' dir='ltr'><strong>d‘uois</strong></span> <span class='ocrx_word' id='word_1_699' title='bbox 747 5181 1094 5268; x_wconf 65' lang='lat' dir='ltr'><strong>discipulos,</strong></span> <span class='ocrx_word' id='word_1_700' title='bbox 1129 5182 1738 5268; x_wconf 54' lang='lat' dir='ltr'><strong>quoduMonetheletis</strong></span> <span class='ocrx_word' id='word_1_701' title='bbox 1769 5177 1839 5240; x_wconf 54' lang='lat' dir='ltr'><strong>&#39;se</strong></span> <span class='ocrx_word' id='word_1_702' title='bbox 1871 5177 2054 5268; x_wconf 46' lang='lat' dir='ltr'><strong>oppo:</strong></span> 
     </span>
    </p>
   </div>
   <div class='ocr_carea' id='block_1_103' title="bbox 405 5254 2056 5326">
    <p class='ocr_par' dir='ltr' id='par_1_103' title="bbox 405 5254 2056 5326">
     <span class='ocr_line' id='line_1_103' title="bbox 405 5254 2056 5326; baseline 0.006 -25"><span class='ocrx_word' id='word_1_703' title='bbox 405 5257 637 5326; x_wconf 73' lang='lat' dir='ltr'><strong>herent,</strong></span> <span class='ocrx_word' id='word_1_704' title='bbox 672 5254 1244 5326; x_wconf 80' lang='lat' dir='ltr'><strong>Constanslleraclii</strong></span> <span class='ocrx_word' id='word_1_705' title='bbox 1276 5256 1338 5310; x_wconf 90' lang='lat' dir='ltr'><strong>N.</strong></span> <span class='ocrx_word' id='word_1_706' title='bbox 1371 5255 1694 5326; x_wconf 87' lang='lat' dir='ltr'><strong>imperator</strong></span> <span class='ocrx_word' id='word_1_707' title='bbox 1718 5254 1967 5326; x_wconf 69' lang='lat' dir='ltr'><strong>necavit,</strong></span> <span class='ocrx_word' id='word_1_708' title='bbox 1988 5263 2056 5313; x_wconf 93' lang='lat' dir='ltr'><strong>ut</strong></span> 
     </span>
    </p>
   </div>
   <div class='ocr_carea' id='block_1_104' title="bbox 409 5322 2052 5396">
    <p class='ocr_par' dir='ltr' id='par_1_104' title="bbox 409 5322 2052 5396">
     <span class='ocr_line' id='line_1_104' title="bbox 409 5322 2052 5396; baseline 0.007 -24"><span class='ocrx_word' id='word_1_709' title='bbox 409 5335 478 5373; x_wconf 87' lang='lat' dir='ltr'><strong>ex</strong></span> <span class='ocrx_word' id='word_1_710' title='bbox 499 5322 719 5396; x_wconf 74' lang='lat' dir='ltr'><strong>Zonara</strong></span> <span class='ocrx_word' id='word_1_711' title='bbox 741 5325 918 5379; x_wconf 81' lang='lat' dir='ltr'><strong>etiam</strong></span> <span class='ocrx_word' id='word_1_712' title='bbox 941 5324 1149 5396; x_wconf 86' lang='lat' dir='ltr'><strong>liquet,</strong></span> <span class='ocrx_word' id='word_1_713' title='bbox 1179 5331 1237 5380; x_wconf 85' lang='lat' dir='ltr'><strong>et</strong></span> <span class='ocrx_word' id='word_1_714' title='bbox 1261 5322 1470 5380; x_wconf 73' lang='lat' dir='ltr'><strong>Noster</strong></span> <span class='ocrx_word' id='word_1_715' title='bbox 1494 5327 1568 5382; x_wconf 86' lang='lat' dir='ltr'><strong>ad</strong></span> <span class='ocrx_word' id='word_1_716' title='bbox 1588 5344 1811 5382; x_wconf 87' lang='lat' dir='ltr'><strong>annum</strong></span> <span class='ocrx_word' id='word_1_717' title='bbox 1834 5322 1962 5395; x_wconf 81' lang='lat' dir='ltr'><strong>ejus</strong></span> <span class='ocrx_word' id='word_1_718' title='bbox 1987 5332 2052 5383; x_wconf 85' lang='grc'>16</span> 
     </span>
    </p>
   </div>
   <div class='ocr_carea' id='block_1_105' title="bbox 407 5393 2052 5469">
    <p class='ocr_par' dir='ltr' id='par_1_105' title="bbox 407 5393 2052 5469">
     <span class='ocr_line' id='line_1_105' title="bbox 407 5393 2052 5469; baseline 0.009 -27"><span class='ocrx_word' id='word_1_719' title='bbox 407 5393 963 5469; x_wconf 77' lang='lat' dir='ltr'><strong>nondissimulavit.</strong></span> <span class='ocrx_word' id='word_1_720' title='bbox 997 5393 1179 5469; x_wconf 72' lang='lat' dir='ltr'><strong>Locus</strong></span> <span class='ocrx_word' id='word_1_721' title='bbox 1211 5404 1302 5451; x_wconf 88' lang='lat' dir='ltr'><strong>est</strong></span> <span class='ocrx_word' id='word_1_722' title='bbox 1348 5400 1646 5454; x_wconf 82' lang='lat' dir='ltr'><strong>confusus.</strong></span> <span class='ocrx_word' id='word_1_723' title='bbox 1681 5399 1790 5452; x_wconf 83' lang='lat' dir='ltr'><strong>Alii</strong></span> <span class='ocrx_word' id='word_1_724' title='bbox 1822 5393 2052 5469; x_wconf 85' lang='lat' dir='ltr'><strong>(Diaco-</strong></span> 
     </span>
    </p>
   </div>
   <div class='ocr_carea' id='block_1_106' title="bbox 405 5461 2054 5543">
    <p class='ocr_par' dir='ltr' id='par_1_106' title="bbox 405 5461 2054 5543">
     <span class='ocr_line' id='line_1_106' title="bbox 405 5461 2054 5543; baseline 0.008 -30"><span class='ocrx_word' id='word_1_725' title='bbox 405 5476 519 5514; x_wconf 88' lang='lat' dir='ltr'><strong>nus</strong></span> <span class='ocrx_word' id='word_1_726' title='bbox 540 5461 580 5514; x_wconf 92' lang='lat' dir='ltr'><strong>l.</strong></span> <span class='ocrx_word' id='word_1_727' title='bbox 613 5481 746 5543; x_wconf 60' lang='lat' dir='ltr'><strong>xvni</strong></span> <span class='ocrx_word' id='word_1_728' title='bbox 773 5472 829 5520; x_wconf 86' lang='lat' dir='ltr'><strong>et</strong></span> <span class='ocrx_word' id='word_1_729' title='bbox 857 5468 1642 5543; x_wconf 19' lang='lat' dir='ltr'><strong>xileFheodorum_C_p»oleos</strong></span> <span class='ocrx_word' id='word_1_730' title='bbox 1662 5461 1897 5543; x_wconf 66' lang='lat' dir='ltr'><strong>faciunt</strong></span> <span class='ocrx_word' id='word_1_731' title='bbox 1924 5473 2054 5543; x_wconf 92' lang='lat' dir='ltr'><strong>epi-</strong></span> 
     </span>
    </p>
   </div>
   <div class='ocr_carea' id='block_1_107' title="bbox 407 5536 2047 5617">
    <p class='ocr_par' dir='ltr' id='par_1_107' title="bbox 407 5536 2047 5617">
     <span class='ocr_line' id='line_1_107' title="bbox 407 5536 2047 5617; baseline 0.007 -32"><span class='ocrx_word' id='word_1_732' title='bbox 407 5548 667 5617; x_wconf 59' lang='lat' dir='ltr'><strong>scopum.</strong></span> <span class='ocrx_word' id='word_1_733' title='bbox 703 5536 945 5617; x_wconf 38' lang='lat' dir='ltr'><strong>XYL._‘—</strong></span> <span class='ocrx_word' id='word_1_734' title='bbox 968 5539 1273 5617; x_wconf 83' lang='lat' dir='ltr'><strong>_P_artic_ula</strong></span> <span class='ocrx_word' id='word_1_735' title='bbox 1430 5536 1521 5595; x_wconf 76' lang='lat' dir='ltr'><strong>his</strong></span> <span class='ocrx_word' id='word_1_736' title='bbox 1560 5541 1750 5595; x_wconf 89' lang='lat' dir='ltr'><strong>verbis</strong></span> <span class='ocrx_word' id='word_1_737' title='bbox 1781 5542 1907 5617; x_wconf 85' lang='grc' dir='ltr'>τοὺς</span> <span class='ocrx_word' id='word_1_738' title='bbox 1943 5536 2047 5614; x_wconf 72' lang='grc' dir='ltr'>μα-</span> 
     </span>
    </p>
   </div>
   <div class='ocr_carea' id='block_1_108' title="bbox 402 5602 2046 5679">
    <p class='ocr_par' dir='ltr' id='par_1_108' title="bbox 402 5602 2046 5679">
     <span class='ocr_line' id='line_1_108' title="bbox 402 5602 2046 5679; baseline 0.009 -22"><span class='ocrx_word' id='word_1_739' title='bbox 402 5602 570 5672; x_wconf 77' lang='grc' dir='ltr'>θητάς</span> <span class='ocrx_word' id='word_1_740' title='bbox 600 5607 940 5679; x_wconf 68' lang='lat' dir='ltr'><strong>praeposita,</strong></span> <span class='ocrx_word' id='word_1_741' title='bbox 968 5608 1230 5666; x_wconf 76' lang='lat' dir='ltr'><strong>historiae</strong></span> <span class='ocrx_word' id='word_1_742' title='bbox 1262 5611 1476 5667; x_wconf 89' lang='lat' dir='ltr'><strong>veritas</strong></span> <span class='ocrx_word' id='word_1_743' title='bbox 1518 5628 1585 5668; x_wconf 88' lang='lat' dir='ltr'><strong>ac</strong></span> <span class='ocrx_word' id='word_1_744' title='bbox 1615 5614 1874 5668; x_wconf 84' lang='lat' dir='ltr'><strong>auctoris</strong></span> <span class='ocrx_word' id='word_1_745' title='bbox 1897 5602 2046 5671; x_wconf 3' lang='lat' dir='ltr'><strong>Csen-</strong></span> 
     </span>
    </p>
   </div>
   <div class='ocr_carea' id='block_1_109' title="bbox 2171 4679 3804 4752">
    <p class='ocr_par' dir='ltr' id='par_1_109' title="bbox 2171 4679 3804 4752">
     <span class='ocr_line' id='line_1_109' title="bbox 2171 4679 3804 4752; baseline -0.001 -15"><span class='ocrx_word' id='word_1_746' title='bbox 2171 4698 2270 4738; x_wconf 89' lang='lat' dir='ltr'><strong>sus</strong></span> <span class='ocrx_word' id='word_1_747' title='bbox 2299 4680 2553 4736; x_wconf 88' lang='lat' dir='ltr'><strong>habetur</strong></span> <span class='ocrx_word' id='word_1_748' title='bbox 2581 4679 2903 4752; x_wconf 89' lang='lat' dir='ltr'><strong>legitimus.</strong></span> <span class='ocrx_word' id='word_1_749' title='bbox 2934 4681 3198 4752; x_wconf 80' lang='lat' dir='ltr'><strong>Pyrrhus</strong></span> <span class='ocrx_word' id='word_1_750' title='bbox 3220 4681 3380 4738; x_wconf 89' lang='lat' dir='ltr'><strong>enim</strong></span> <span class='ocrx_word' id='word_1_751' title='bbox 3422 4687 3478 4736; x_wconf 87' lang='lat' dir='ltr'><strong>et</strong></span> <span class='ocrx_word' id='word_1_752' title='bbox 3529 4684 3804 4740; x_wconf 80' lang='lat' dir='ltr'><strong>Maximus</strong></span> 
     </span>
    </p>
   </div>
   <div class='ocr_carea' id='block_1_110' title="bbox 2168 4751 3805 4827">
    <p class='ocr_par' dir='ltr' id='par_1_110' title="bbox 2168 4751 3805 4827">
     <span class='ocr_line' id='line_1_110' title="bbox 2168 4751 3805 4827; baseline 0 -19"><span class='ocrx_word' id='word_1_753' title='bbox 2168 4751 2733 4827; x_wconf 78' lang='lat' dir='ltr'><strong>Theodori__Bom_ani</strong></span> <span class='ocrx_word' id='word_1_754' title='bbox 2763 4751 3063 4827; x_wconf 29' lang='lat' dir='ltr'><strong>pontiﬁ‘Cis</strong></span> <span class='ocrx_word' id='word_1_755' title='bbox 3110 4769 3230 4827; x_wconf 79' lang='lat' dir='ltr'><strong>non</strong></span> <span class='ocrx_word' id='word_1_756' title='bbox 3264 4753 3446 4827; x_wconf 56' lang='lat' dir='ltr'><strong>fuere</strong></span> <span class='ocrx_word' id='word_1_757' title='bbox 3499 4754 3805 4827; x_wconf 87' lang='lat' dir='ltr'><strong>discipuli:</strong></span> 
     </span>
    </p>
   </div>
   <div class='ocr_carea' id='block_1_111' title="bbox 2167 4822 3809 4895">
    <p class='ocr_par' dir='ltr' id='par_1_111' title="bbox 2167 4822 3809 4895">
     <span class='ocr_line' id='line_1_111' title="bbox 2167 4822 3809 4895; baseline 0.001 -17"><span class='ocrx_word' id='word_1_758' title='bbox 2167 4824 2270 4879; x_wconf 90' lang='lat' dir='ltr'><strong>sed</strong></span> <span class='ocrx_word' id='word_1_759' title='bbox 2301 4823 2411 4879; x_wconf 92' lang='lat' dir='ltr'><strong>sub</strong></span> <span class='ocrx_word' id='word_1_760' title='bbox 2435 4822 2899 4895; x_wconf 12' lang='lat' dir='ltr'><strong>r&#39;lfheodoroiqum</strong></span> <span class='ocrx_word' id='word_1_761' title='bbox 2929 4823 3087 4895; x_wconf 84' lang='lat' dir='ltr'><strong>circa</strong></span> <span class='ocrx_word' id='word_1_762' title='bbox 3114 4825 3406 4895; x_wconf 87' lang='lat' dir='ltr'><strong>Pyrrhum</strong></span> <span class='ocrx_word' id='word_1_763' title='bbox 3428 4830 3488 4880; x_wconf 91' lang='lat' dir='ltr'><strong>et</strong></span> <span class='ocrx_word' id='word_1_764' title='bbox 3501 4822 3809 4882; x_wconf 71' lang='lat' dir='ltr'><strong>Maximum</strong></span> 
     </span>
    </p>
   </div>
   <div class='ocr_carea' id='block_1_112' title="bbox 2166 4893 3802 5024">
    <p class='ocr_par' dir='ltr' id='par_1_112' title="bbox 2166 4893 3802 5024">
     <span class='ocr_line' id='line_1_112' title="bbox 2166 4893 3802 5024; baseline -0.001 -73"><span class='ocrx_word' id='word_1_765' title='bbox 2166 4912 2402 5024; x_wconf 59' lang='lat' dir='ltr'><strong>Eecnon</strong></span> <span class='ocrx_word' id='word_1_766' title='bbox 2429 4893 2668 4949; x_wconf 87' lang='lat' dir='ltr'><strong>Maximi</strong></span> <span class='ocrx_word' id='word_1_767' title='bbox 2721 4894 3044 4967; x_wconf 89' lang='lat' dir='ltr'><strong>discipulos</strong></span> <span class='ocrx_word' id='word_1_768' title='bbox 3095 4893 3225 4951; x_wconf 77' lang='lat' dir='ltr'><strong>acta</strong></span> <span class='ocrx_word' id='word_1_769' title='bbox 3278 4902 3438 4964; x_wconf 90' lang='lat' dir='ltr'><strong>sunt,</strong></span> <span class='ocrx_word' id='word_1_770' title='bbox 3487 4898 3802 4971; x_wconf 89' lang='lat' dir='ltr'><strong>contigere.</strong></span> 
     </span>
     <span class='ocr_line' id='line_1_113' title="bbox 2213 4985 2342 5022; baseline 0 0"><span class='ocrx_word' id='word_1_771' title='bbox 2213 4985 2342 5022; x_wconf 68' lang='lat' dir='ltr'><strong>om.</strong></span> 
     </span>
    </p>
   </div>
   <div class='ocr_carea' id='block_1_113' title="bbox 2213 4985 2342 5022">
    <p class='ocr_par' dir='ltr' id='par_1_113' title="bbox 2213 4985 2342 5022">
     <span class='ocr_line' id='line_1_114' title="bbox 2213 4985 2342 5022; baseline 0 0"><span class='ocrx_word' id='word_1_772' title='bbox 2213 4985 2342 5022; x_wconf 73' lang='grc' dir='ltr'><strong>ΟΑΒ.</strong></span> 
     </span>
    </p>
   </div>
   <div class='ocr_carea' id='block_1_114' title="bbox 2238 5034 3805 5112">
    <p class='ocr_par' dir='ltr' id='par_1_114' title="bbox 2238 5034 3805 5112">
     <span class='ocr_line' id='line_1_115' title="bbox 2238 5034 3805 5112; baseline 0.001 -22"><span class='ocrx_word' id='word_1_773' title='bbox 2238 5039 2350 5110; x_wconf 82' lang='grc'>(70)</span> <span class='ocrx_word' id='word_1_774' title='bbox 2383 5034 2651 5112; x_wconf 81' lang='lat' dir='ltr'><strong>Historiae</strong></span> <span class='ocrx_word' id='word_1_775' title='bbox 2681 5035 2951 5112; x_wconf 68' lang='lat' dir='ltr'><strong>inversus</strong></span> <span class='ocrx_word' id='word_1_776' title='bbox 2979 5038 3148 5106; x_wconf 90' lang='lat' dir='ltr'><strong>ordo,</strong></span> <span class='ocrx_word' id='word_1_777' title='bbox 3180 5043 3246 5094; x_wconf 87' lang='lat' dir='ltr'><strong>ut</strong></span> <span class='ocrx_word' id='word_1_778' title='bbox 3267 5039 3612 5095; x_wconf 82' lang='lat' dir='ltr'><strong>summatim</strong></span> <span class='ocrx_word' id='word_1_779' title='bbox 3633 5039 3805 5112; x_wconf 87' lang='lat' dir='ltr'><strong>pluri-</strong></span> 
     </span>
    </p>
   </div>
   <div class='ocr_carea' id='block_1_115' title="bbox 2165 5110 2924 5254">
    <p class='ocr_par' dir='ltr' id='par_1_115' title="bbox 2165 5110 2924 5254">
     <span class='ocr_line' id='line_1_116' title="bbox 2165 5110 2924 5254; baseline 0.001 -90"><span class='ocrx_word' id='word_1_780' title='bbox 2165 5111 2714 5254; x_wconf 50' lang='lat' dir='ltr'><strong>ma7p3‘ohliiopantutr.</strong></span> <span class='ocrx_word' id='word_1_781' title='bbox 2747 5110 2924 5164; x_wconf 57' lang='lat' dir='ltr'><strong>Cosa.</strong></span> 
     </span>
     <span class='ocr_line' id='line_1_117' title="bbox 2435 5194 2764 5236; baseline 0.003 -2"><span class='ocrx_word' id='word_1_782' title='bbox 2435 5196 2468 5234; x_wconf 87' lang='lat' dir='ltr'><strong>a</strong></span> <span class='ocrx_word' id='word_1_783' title='bbox 2493 5194 2644 5232; x_wconf 69' lang='lat' dir='ltr'><strong>tome</strong></span> <span class='ocrx_word' id='word_1_784' title='bbox 2678 5196 2764 5236; x_wconf 89' lang='lat' dir='ltr'><strong>us.</strong></span> 
     </span>
    </p>
   </div>
   <div class='ocr_carea' id='block_1_116' title="bbox 2435 5194 2764 5236">
    <p class='ocr_par' dir='ltr' id='par_1_116' title="bbox 2435 5194 2764 5236">
     <span class='ocr_line' id='line_1_118' title="bbox 2435 5194 2764 5236; baseline 0.003 -2"><span class='ocrx_word' id='word_1_785' title='bbox 2435 5194 2764 5236; x_wconf 83' lang='lat' dir='ltr'><strong>anometus.</strong></span> 
     </span>
    </p>
   </div>
   <div class='ocr_carea' id='block_1_117' title="bbox 2234 5249 3803 5325">
    <p class='ocr_par' dir='ltr' id='par_1_117' title="bbox 2234 5249 3803 5325">
     <span class='ocr_line' id='line_1_119' title="bbox 2234 5249 3803 5325; baseline 0.001 -19"><span class='ocrx_word' id='word_1_786' title='bbox 2234 5249 2345 5325; x_wconf 85' lang='lat'><strong>(&#39;72)</strong></span> <span class='ocrx_word' id='word_1_787' title='bbox 2367 5249 2697 5306; x_wconf 87' lang='lat' dir='ltr'><strong>Gabithana</strong></span> <span class='ocrx_word' id='word_1_788' title='bbox 2721 5258 2780 5306; x_wconf 86' lang='lat' dir='ltr'><strong>et</strong></span> <span class='ocrx_word' id='word_1_789' title='bbox 2804 5252 3165 5325; x_wconf 83' lang='lat' dir='ltr'><strong>Jermochtia</strong></span> <span class='ocrx_word' id='word_1_790' title='bbox 3189 5251 3388 5325; x_wconf 72' lang='lat' dir='ltr'><strong>clades</strong></span> <span class='ocrx_word' id='word_1_791' title='bbox 3437 5253 3610 5324; x_wconf 91' lang='lat' dir='ltr'><strong>paulo</strong></span> <span class='ocrx_word' id='word_1_792' title='bbox 3651 5254 3803 5325; x_wconf 81' lang='lat' dir='ltr'><strong>inte-</strong></span> 
     </span>
    </p>
   </div>
   <div class='ocr_carea' id='block_1_118' title="bbox 2163 5317 3802 5396">
    <p class='ocr_par' dir='ltr' id='par_1_118' title="bbox 2163 5317 3802 5396">
     <span class='ocr_line' id='line_1_120' title="bbox 2163 5317 3802 5396; baseline -0.002 -16"><span class='ocrx_word' id='word_1_793' title='bbox 2163 5317 2286 5380; x_wconf 83' lang='lat' dir='ltr'><strong>rius</strong></span> <span class='ocrx_word' id='word_1_794' title='bbox 2301 5317 2860 5396; x_wconf 80' lang='lat' dir='ltr'><strong>commemorantur.</strong></span> <span class='ocrx_word' id='word_1_795' title='bbox 2886 5324 3024 5396; x_wconf 70' lang='grc' dir='ltr'>ΧΠ..</span> <span class='ocrx_word' id='word_1_796' title='bbox 3039 5354 3106 5396; x_wconf 54' lang='grc' dir='ltr'><strong>-έ</strong></span> <span class='ocrx_word' id='word_1_797' title='bbox 3131 5317 3359 5377; x_wconf 70' lang='grc' dir='ltr'>Γαϐιθάν</span> <span class='ocrx_word' id='word_1_798' title='bbox 3382 5317 3558 5396; x_wconf 58' lang='grc' dir='ltr'><strong>δῇνίω</strong></span> <span class='ocrx_word' id='word_1_799' title='bbox 3575 5324 3802 5380; x_wconf 81' lang='lat' dir='ltr'><strong>urbem.</strong></span> 
     </span>
    </p>
   </div>
   <div class='ocr_carea' id='block_1_119' title="bbox 2161 5392 3800 5467">
    <p class='ocr_par' dir='ltr' id='par_1_119' title="bbox 2161 5392 3800 5467">
     <span class='ocr_line' id='line_1_121' title="bbox 2161 5392 3800 5467; baseline -0.002 -15"><span class='ocrx_word' id='word_1_800' title='bbox 2161 5397 2241 5452; x_wconf 90' lang='lat' dir='ltr'><strong>De</strong></span> <span class='ocrx_word' id='word_1_801' title='bbox 2265 5394 2466 5467; x_wconf 65' lang='lat' dir='ltr'><strong>proelio</strong></span> <span class='ocrx_word' id='word_1_802' title='bbox 2492 5392 2566 5447; x_wconf 87' lang='lat' dir='ltr'><strong>ad</strong></span> <span class='ocrx_word' id='word_1_803' title='bbox 2591 5409 2721 5448; x_wconf 36' lang='lat' dir='ltr'><strong>eam.</strong></span> <span class='ocrx_word' id='word_1_804' title='bbox 2744 5395 3060 5467; x_wconf 83' lang='lat' dir='ltr'><strong>commisso</strong></span> <span class='ocrx_word' id='word_1_805' title='bbox 3079 5395 3327 5450; x_wconf 89' lang='lat' dir='ltr'><strong>inferius</strong></span> <span class='ocrx_word' id='word_1_806' title='bbox 3347 5392 3688 5452; x_wconf 76' lang='lat' dir='ltr'><strong>Heracliian</strong></span> <span class='ocrx_word' id='word_1_807' title='bbox 3715 5396 3800 5449; x_wconf 78' lang='grc'>24.</span> 
     </span>
    </p>
   </div>
   <div class='ocr_carea' id='block_1_120' title="bbox 2160 5465 3799 5541">
    <p class='ocr_par' dir='ltr' id='par_1_120' title="bbox 2160 5465 3799 5541">
     <span class='ocr_line' id='line_1_122' title="bbox 2160 5465 3799 5541; baseline -0.002 -18"><span class='ocrx_word' id='word_1_808' title='bbox 2160 5465 2326 5541; x_wconf 70' lang='lat' dir='ltr'><strong>Legit</strong></span> <span class='ocrx_word' id='word_1_809' title='bbox 2353 5471 2554 5522; x_wconf 84' lang='lat' dir='ltr'><strong>auctor</strong></span> <span class='ocrx_word' id='word_1_810' title='bbox 2588 5479 2683 5520; x_wconf 93' lang='lat' dir='ltr'><strong>an.</strong></span> <span class='ocrx_word' id='word_1_811' title='bbox 2717 5465 3181 5541; x_wconf 69' lang='lat' dir='ltr'><strong>25,_&#39;lepp.ox_0§v,</strong></span> <span class='ocrx_word' id='word_1_812' title='bbox 3215 5483 3283 5522; x_wconf 90' lang='lat' dir='ltr'><strong>ac</strong></span> <span class='ocrx_word' id='word_1_813' title='bbox 3340 5467 3539 5539; x_wconf 73' lang='lat' dir='ltr'><strong>Syrite&#39;</strong></span> <span class='ocrx_word' id='word_1_814' title='bbox 3560 5467 3799 5522; x_wconf 85' lang='lat' dir='ltr'><strong>ﬂuvium</strong></span> 
     </span>
    </p>
   </div>
   <div class='ocr_carea' id='block_1_121' title="bbox 2163 5538 2960 5596">
    <p class='ocr_par' dir='ltr' id='par_1_121' title="bbox 2163 5538 2960 5596">
     <span class='ocr_line' id='line_1_123' title="bbox 2163 5538 2960 5596; baseline -0.005 0"><span class='ocrx_word' id='word_1_815' title='bbox 2163 5538 2290 5596; x_wconf 74' lang='lat' dir='ltr'><strong>esse</strong></span> <span class='ocrx_word' id='word_1_816' title='bbox 2321 5541 2772 5593; x_wconf 82' lang='lat' dir='ltr'><strong>commonstrat.</strong></span> <span class='ocrx_word' id='word_1_817' title='bbox 2805 5538 2960 5593; x_wconf 64' lang='grc' dir='ltr'><strong>(ἴση</strong></span> 
     </span>
    </p>
   </div>
   <div class='ocr_carea' id='block_1_122' title="bbox 2231 5607 3588 5684">
    <p class='ocr_par' dir='ltr' id='par_1_122' title="bbox 2231 5607 3588 5684">
     <span class='ocr_line' id='line_1_124' title="bbox 2231 5607 3588 5684; baseline 0.001 -20"><span class='ocrx_word' id='word_1_818' title='bbox 2231 5613 2346 5684; x_wconf 82' lang='grc'>(73)</span> <span class='ocrx_word' id='word_1_819' title='bbox 2376 5609 2427 5665; x_wconf 90' lang='lat' dir='ltr'><strong>ls</strong></span> <span class='ocrx_word' id='word_1_820' title='bbox 2455 5607 2570 5663; x_wconf 83' lang='lat' dir='ltr'><strong>fuit</strong></span> <span class='ocrx_word' id='word_1_821' title='bbox 2597 5608 2886 5664; x_wconf 87' lang='lat' dir='ltr'><strong>Constans</strong></span> <span class='ocrx_word' id='word_1_822' title='bbox 2917 5608 3168 5665; x_wconf 83' lang='lat' dir='ltr'><strong>Heraclii</strong></span> <span class='ocrx_word' id='word_1_823' title='bbox 3199 5625 3407 5681; x_wconf 87' lang='lat' dir='ltr'><strong>nepos.</strong></span> <span class='ocrx_word' id='word_1_824' title='bbox 3441 5612 3588 5666; x_wconf 83' lang='lat' dir='ltr'><strong>XvL.</strong></span> 
     </span>
    </p>
   </div>
  </div>
