4052 6316
199 384 321 447 809

1348 379 1885 443 HISTORIARUM
1935 381 2466 450 COMPENDIUM

3486 394 3609 456 810

202 539 296 595 ρον
328 517 418 572 καὶ
457 511 697 573 Ῥαϐίαν.
755 519 811 569 ’0
879 511 936 569 δὲ
991 508 1277 588 Μούδαρος
1336 513 1503 568 τίκτει
1572 512 1839 588 Κούσαροι

1967 517 2238 586 posteris.
2286 521 2341 574 Is
2397 520 2546 576 duos
2599 522 2928 595 procreavit
2981 523 3137 580 ﬁlios
3187 526 3495 584 Mudarum
3550 534 3612 584 et

198 608 291 664 καὶ
323 608 522 666 Καῒτον
555 607 645 662 καὶ
676 605 909 680 Θεμίνην
942 604 1032 660 καὶ
1069 600 1326 661 Ἀσσαδὸν
1383 601 1471 658 καὶ
1512 601 1716 667 ἄλλους
1771 623 1852 657 τι-

201 699 296 760 νὰς
326 696 663 770 ἀνωνύμους.
694 698 778 769 [Ρ.
812 697 940 768 422]
972 692 1027 748 οἳ
1052 695 1152 762 τὴν
1188 689 1415 765 Μαδιὰμ
1449 692 1539 746 καὶ
1594 694 1694 761 τήν
1726 688 1853 765 ἔρηο

207 808 308 861 μον
339 784 769 862 κληρωσάμενοι
800 782 1232 862 ἐκτηνοτρόφουν
1290 779 1344 836 ἐν
1398 786 1622 851 σκηναῖς
1669 801 1853 835 κατοι-

200 880 443 938 κοῦντεςο
477 874 581 930 εἶσὶ
611 872 669 928 δὲ
698 873 785 928 καὶ
834 875 885 927 οἱ
937 869 1210 946 ἐνδότεροι
1268 870 1443 926 αὐτῶν
1493 869 1552 924 ἐκ
1597 877 1697 938 τῆς
1751 890 1854 943 φυ-

204 963 311 1035 λῆς
342 969 438 1021 τοῦ
478 963 698 1035 Ἰεκτὰν,
757 965 810 1017 οἱ
869 960 1159 1039 λεγόμενοι
1216 958 1529 1033 Ἀμανῖταί,
1577 956 1852 1013 τουτέστιν

198 1055 520 1127 Ὃμηρῖτάι,
570 1051 624 1106 οἳ
678 1051 769 1106 καὶ
827 1048 1083 1125 ἔμποροι.
1147 1048 1387 1123 Ἀπόρου
1442 1043 1499 1102 δὲ
1548 1045 1704 1109 ὄντος
1754 1050 1852 1101 τοῦ

211 1138 477 1214 Μωάμεδ,
508 1138 731 1210 εῗσῆλθε
759 1140 894 1214 πρός
950 1160 1068 1194 τινα
1122 1142 1349 1214 γυναῖκα
1404 1135 1673 1192 πλουσίαν
1733 1157 1855 1210 συγ-

204 1228 391 1306 γενίδα
447 1229 637 1299 αύτόῦ,
696 1229 921 1303 ὀνόματι
990 1224 1230 1303 Χαδιχᾶ,
1300 1226 1572 1300 μισθωτὸς
1630 1224 1717 1280 ἐπὶ
1772 1226 1852 1297 τῷ

202 1319 537 1394 καμηλεύειν
622 1318 712 1375 καὶ
796 1317 1292 1395 πραγματεύεσθαι.
1350 1317 1484 1373 Κατ’
1542 1314 1733 1391 ὀλίγον
1796 1312 1853 1369 δὲ

202 1408 714 1486 παρρησιασάμενος
772 1407 1071 1479 ὑπεισῆλθε
1125 1411 1194 1482 τῇ
1240 1407 1451 1482 γυναικὶ
1505 1408 1657 1481 χήρᾳ
1695 1404 1850 1480 οὔσῃ,

197 1500 289 1554 καὶ
334 1493 525 1554 ἔλαϐεν
582 1499 749 1568 αὐτὴν
807 1502 1055 1574 γυναῖκα.
1116 1496 1459 1575 Ἐρχόμενος
1517 1492 1574 1550 δὲ
1630 1493 1682 1550 ἐν
1742 1500 1850 1549 Πα-

198 1585 451 1664 λαιστίνῃ
494 1588 935 1664 συνανεστρέφετο
993 1583 1276 1647 Ἰουδαίοις
1334 1584 1427 1640 καὶ
1486 1588 1848 1659 Χριστιανοῖς,

196 1677 288 1733 καὶ
320 1678 488 1753 ἐθήρα
517 1677 569 1747 ἐξ
600 1677 776 1732 αὐτῶν
835 1698 952 1733 τινα
1008 1674 1267 1753 Γραφικά.
1328 1674 1478 1732 Ἐπεὶ
1537 1671 1596 1728 δὲ
1654 1669 1849 1746 δαιμο-

195 1771 324 1822 νιῶν
358 1767 446 1837 ἦν,
498 1767 721 1839 ἐνόσησε
773 1764 830 1822 δὲ
876 1766 967 1822 καὶ
1024 1764 1349 1839 ἐπιληψίαν,
1410 1763 1696 1838 ἐθεράπευε
1747 1763 1849 1832 τὴν

198 1861 421 1932 γυναῖκα
451 1855 803 1930 λυπουμένην
850 1853 1058 1932 σφόδρα
1095 1855 1179 1910 ’ὁτι
1234 1856 1301 1923 ἦν
1353 1852 1577 1927 εὐγενὴς
1760 1849 1843 1905 ὅτι
1878 1888 1924 1954 Β

203 1948 446 2025 συνήφθῆ
500 1945 736 2019 τοιούτῳ
792 1946 985 2020 ἀπόρῳ
1041 1945 1130 2000 καὶ
1212 1941 1588 2016 δαιμονιῶντι,
1643 1939 1841 2016 λέγων·

199 2037 468 2113 Ἀγγὲλου
523 2036 781 2092 ὀπτασίαν
851 2031 1145 2113 Λεγομένου
1204 2027 1451 2107 Γαϐριὴλ
1508 2033 1697 2106 θεωρῶ
1754 2028 1845 2085 καὶ

194 2126 397 2181 πίπτω.
431 2126 579 2197 Αὖτη
644 2123 701 2180 δὲ
758 2124 963 2200 ἔχουσα
1031 2124 1272 2198 μοναχὸν
1338 2119 1429 2177 διὰ
1488 2119 1842 2176 κακοπιστίαν

201 2214 474 2289 ἐξόριστον
506 2214 678 2269 ἐκεῖσε
709 2209 854 2282 ὅντα,
887 2212 1046 2293 φίλον
1094 2211 1283 2277 αὐτῆς
1334 2209 1654 2286 ἀνήγγειλεν
1695 2208 1845 2281 αύτῷ

196 2305 372 2359 πάντα
407 2305 495 2358 καὶ
553 2305 616 2359 τὸ
674 2299 851 2377 ὄνομα
907 2306 1002 2356 τοῦ
1052 2296 1307 2376 ἀγγέλου’
1366 2299 1612 2361 κάκεῖνος
1670 2296 1845 2362 θέλων

198 2392 625 2471 πληροφορῆσάι
666 2393 836 2463 αὐτὴν
869 2392 1035 2461 εἶπεν,
1066 2389 1151 2445 ὅτι
1192 2388 1449 2462 Ἀληθῶς
1481 2386 1645 2463 λέγει’
1682 2384 1840 2447 οὗτος

199 2483 308 2557 γὰρ
346 2479 582 2560 ἅγγελος
636 2481 908 2556 πέμπεται
948 2481 1085 2556 πρὸς
1141 2478 1314 2535 πάντα
1369 2479 1675 2554 προφήτην.
1736 2475 1837 2532 Καὶ

200 2571 339 2640 αύτή
371 2570 696 2626 πιστεύσασα
733 2574 811 2642 τῷ
841 2569 997 2646 λόγῳ
1032 2572 1135 2624 τοῦ
1164 2562 1444 2642 ψευδαϐϐἆ
1500 2564 1724 2640 ἐκήρυξε
1751 2562 1842 2618 καὶ

199 2655 397 2718 ἄλλαις
426 2657 662 2732 γυναιξὶν
691 2655 996 2734 ὁμοφύλοις
1044 2655 1237 2725 αὐτῆς,
1283 2654 1375 2708 καὶ
1415 2652 1587 2714 οὕτως
1639 2650 1698 2706 ἐκ
1745 2670 1839 2725 γυ-

199 2749 396 2800 ναικῶν
428 2744 596 2814 ἦλθεν
645 2746 720 2807 εἲς
775 2742 993 2819 ἄνδρας.
1053 2744 1157 2801 Καὶ
1212 2747 1428 2819 πρῶτον
1491 2735 1839 2814 Ἀϐουϐάχαρ

197 2831 460 2910 διάδοχον
518 2834 791 2892 κατέλιπε.
853 2835 952 2892 Καὶ
1011 2832 1300 2910 ἐκράτησεν
1347 2834 1383 2901 ἡ
1416 2828 1618 2905 α’ίρεσις
1673 2828 1838 2883 αὐτοῦ

193 2925 263 2978 τὰ
294 2916 433 2999 μέρη
475 2929 572 2980 τοῦ
627 2919 885 2999 Δίθρίϐου
939 2922 1044 2986 ἓως
1103 2927 1200 2978 τοῦ
1266 2920 1500 3000 ἐσχάτου
1562 2917 1834 2991 πολέμου,

192 3013 387 3088 πρώην
451 3014 545 3087 μὶν
601 3018 854 3089 κρυπτῶς
908 3010 1002 3082 ἔτη
1067 3010 1216 3082 δέκα,
1270 3011 1362 3066 καὶ
1438 3007 1528 3065 διὰ
1583 3005 1836 3080 πολέμου

194 3101 404 3175 ὁμοίως
432 3100 579 3173 δέκα,
610 3103 700 3158 καὶ
756 3107 994 3180 φανερῶς
1034 3103 1106 3158 θ’.
1138 3101 1307 3164 Οὗτος
1349 3100 1378 3154 ὁ
1427 3098 1690 3172 θεομισὴς
1743 3095 1834 3152 καὶ

136 3242 139 3245 .
190 3186 564 3266 ἐμϐρόντητος
622 3193 935 3267 περιτυχὼν
992 3185 1273 3267 Ἑϐραίοις
1356 3188 1446 3243 καὶ
1529 3188 1831 3263 Ἀρειανοῖς

1958 604 2225 660 Rabiam.
2261 608 2500 665 Mudaro
2530 611 2711 683 geniti
2746 618 2884 668 sunt
2912 612 3185 681 Cusarus,
3214 615 3432 683 Caitus,
3462 617 3608 673 The-

1958 694 2170 762 mines,
2205 697 2536 755 Asiadonus
2567 701 2786 772 aliique
2826 703 3033 774 aliqui,
3064 721 3318 777 quorum
3357 707 3608 764 nomina

1956 798 2078 838 non
2109 790 2318 840 exstat.
2353 787 2429 842 lis
2467 804 2601 844 cum
2653 797 2809 845 sorte
2861 791 3167 864 obtigisset
3214 795 3606 852 Madianicum

1959 871 2151 926 solum
2179 880 2236 928 et
2267 875 2547 945 solitudo,
2568 878 2630 932 in
2654 874 3053 936 tabernaculis
3072 881 3250 938 vitam
3282 883 3605 941 tolerantes

1956 964 2248 1030 pecuariaa
2279 966 2363 1021 rei
2398 967 2774 1024 studuerunt.
2806 971 3127 1027 Interiores
3159 963 3233 1027 iis
3264 990 3336 1027 ex
3374 975 3600 1031 Jectani

1955 1050 2113 1105 tribu
2170 1059 2327 1122 sunt,
2388 1057 2489 1127 qui
2532 1059 2743 1113 Amitae
2799 1060 3197 1131 appellantur,
3255 1064 3411 1134 quod
3449 1064 3605 1121 valet

1955 1139 2306 1207 Homeritas,
2351 1149 2405 1198 et
2429 1146 2842 1217 negotiatores.
2878 1148 3216 1204 Moamedus
3241 1156 3439 1206 autem
3463 1169 3598 1208 cum

1955 1234 2111 1283 esset
2142 1246 2382 1303 pauper,
2417 1230 2688 1290 mercede
2720 1252 2962 1309 operam
2997 1254 3164 1293 suam
3213 1238 3428 1295 locavit
3473 1243 3596 1297 cui-

1955 1316 2090 1372 dam
2122 1335 2241 1374 sum
2273 1322 2473 1392 gentili
2509 1323 2746 1379 mulieri
2770 1325 3071 1397 locupleti,
3092 1328 3336 1383 nomine
3357 1330 3598 1400 Chaida,

1955 1411 2020 1459 ut
2049 1409 2308 1464 camelos
2342 1411 2490 1466 739
2522 1419 2793 1483 pasceret
2832 1430 3019 1487 eaque
3059 1433 3123 1473 re
3172 1417 3406 1474 lucrum
3439 1436 3604 1491 quaa-

1954 1501 2136 1552 reret.
2175 1498 2467 1555 Paulatim
2496 1506 2695 1557 autem
2726 1502 3003 1559 liberiore
3052 1505 3183 1577 ejus
3231 1513 3408 1563 utens
3457 1508 3605 1565 con-

1956 1584 2289 1656 suetudine,
2323 1593 2388 1643 ut
2418 1595 2544 1645 erat
2576 1592 2768 1663 vidua,
2806 1611 2867 1648 se
2898 1594 2958 1648 in
2988 1596 3238 1667 gratiam
3270 1598 3400 1670 ejus
3456 1599 3603 1655 insi-

1953 1674 2175 1743 nuavit,
2235 1694 2598 1750 uxoremque
2651 1681 2798 1737 adeo
2855 1700 2984 1739 eam
3054 1685 3238 1741 duxit.
3300 1687 3606 1745 Profectus

1952 1779 2130 1834 porro
2162 1765 2223 1819 in
2256 1767 2634 1825 Palmstinam
2666 1770 2824 1826 inter
2850 1773 3084 1829 Judseos
3114 1791 3182 1830 ac
3239 1775 3608 1832 Christianos

1953 1860 2221 1911 versatus
2249 1862 2357 1925 est,
2381 1863 2441 1912 et
2469 1859 2744 1929 quaedam
2765 1860 2838 1916 de
2856 1864 3040 1918 sacris
3072 1865 3306 1920 Litteris
3337 1872 3603 1922 venatus.

1954 1944 2097 1998 Cum
2129 1950 2328 2001 autem
2361 1952 2420 2001 et
2447 1947 2717 2004 daemone
2752 1953 3151 2023 exagitaretur
3206 1959 3266 2009 et
3315 1955 3602 2013 comitiali

1956 2033 2158 2089 morbo
2190 2035 2507 2107 laboraret,
2537 2054 2783 2094 uxorem
2833 2058 3022 2110 suam,
3070 2060 3201 2114 quas
3248 2060 3482 2117 gravem
3527 2063 3599 2102 ex

1952 2138 2021 2176 eo
2052 2124 2637 2198 capiebatdolorem,
2670 2130 2829 2200 quod
2872 2130 3088 2186 nobilis
3135 2133 3264 2205 ipsa
3310 2151 3495 2207 egeno
3538 2140 3600 2191 et

1950 2209 2241 2268 daemonis
2268 2216 2676 2273 vexationibus
2705 2218 2960 2276 obnoxio
2991 2222 3221 2278 homini
3272 2226 3592 2296 nupsisset,

1951 2300 2032 2355 ita
2062 2301 2364 2373 demulsit,
2387 2306 2544 2374 quod
2569 2306 2793 2364 diceret
2816 2326 2878 2364 se
2899 2310 2973 2365 ad
3001 2317 3384 2383 conspectum
3398 2314 3593 2386 angeli

1951 2390 2206 2446 Gabrieli
2238 2393 2349 2447 sibi
2380 2397 2720 2466 apparentis
2751 2398 3084 2454 concidere.
3118 2402 3256 2457 Erat
3284 2402 3512 2458 amicus
3538 2403 3593 2458 ei

1948 2479 2186 2535 mulieri
2212 2483 2540 2539 monachus
2570 2484 2835 2555 quidam,
2879 2489 2981 2558 qui
3033 2488 3107 2543 ob
3156 2489 3367 2546 falsam
3416 2491 3596 2548 ﬁdem

1946 2569 2243 2641 relegatus
2299 2571 2381 2626 ibi
2445 2573 2687 2628 vivebat.
2752 2576 2899 2631 Huic
2956 2578 3174 2633 mulier
3223 2583 3409 2635 totam
3470 2598 3596 2637 rem

1947 2658 2157 2729 aperit,
2192 2660 2386 2732 angeli
2434 2661 2615 2717 etiam
2674 2665 2917 2719 nomine
2976 2666 3227 2737 prolato.
3285 2670 3341 2724 Is
3397 2674 3597 2726 autem

1947 2749 2293 2819 monachus,
2323 2751 2410 2805 uti
2441 2751 2787 2822 opinionem
2820 2771 2951 2810 eam
2994 2773 3239 2827 prorsus
3287 2758 3349 2812 in
3397 2760 3596 2816 animo

1944 2836 2212 2892 mulieris
2241 2840 2643 2910 conﬁrmaret,
2674 2859 2808 2898 vere
2838 2845 3209 2901 Moamedum
3240 2847 3366 2903 haec
3397 2849 3594 2905 dicere

1944 2924 2061 2980 ait:
2095 2942 2232 2981 eum
2259 2927 2417 2981 enim
2449 2929 2726 3001 angelum
2757 2931 2831 2985 ad
2872 2934 3138 3002 quemvis
3167 2940 3358 2990 vutem
3413 2937 3589 2993 mitti.

1942 3013 2150 3069 Mulier
2200 3015 2379 3071 fidem
2446 3017 2638 3073 verbis
2696 3019 3037 3091 impostoris
3095 3022 3253 3079 illius
3310 3027 3587 3082 monachi

1942 3104 2166 3160 habens
2206 3106 2340 3161 aliis
2389 3109 2511 3164 suis
2558 3111 2874 3181 gentilibus
2922 3113 3275 3172 mulieribus
3320 3116 3585 3175 fabulam

1942 3195 2238 3262 narravit;
2271 3195 2344 3250 ab
2376 3196 2469 3251 his
2498 3215 2674 3270 porro
2704 3200 2779 3255 ad
2808 3201 2963 3257 viros
2993 3219 3063 3259 ea
3107 3206 3423 3262 emanavit.
3455 3209 3582 3262 Pri-

188 3253 313 3335 καὶ.
348 3253 750 3357 Νεστοριανοῖς,
808 3253 896 3336 {at
982 3279 1238 3344 πάντοθεν
1316 3277 1717 3365 ἐρανισάμενος,
1778 3273 1830 3365 ἐξ

1946 3301 2105 3339 mum
2137 3301 2540 3342 successorem
2566 3289 2905 3346 Moamedus
2951 3292 3586 3365 reliquit‘Abubacha-

189 3367 470 3427 Ἰουδαίων
503 3371 596 3444 μὲν
638 3371 964 3446 μοναρχίαν,
998 3368 1049 3443 ἐξ
1085 3371 1376 3444 Ἀρειανῶν
1407 3364 1464 3422 δὲ
1511 3366 1688 3441 Λόγον
1742 3364 1833 3419 καὶ

194 3463 413 3534 Πνεῦμα
465 3461 676 3530 κτιστὰ,
734 3460 840 3515 ἀπὸ
900 3457 958 3514 δὲ
1013 3460 1393 3531 Νεστοριανῶν
1475 3450 1834 3529 ἀνθρωπολα-

184 3549 390 3623 τρείαν,
432 3548 604 3621 ἑαυτῷ
641 3547 929 3624 θρησκείαν
980 3552 1365 3622 περιποιεῖται,
1422 3546 1510 3600 καὶ
1570 3543 1834 3617 προφάσει

187 3636 511 3712 θεογνωσίας
540 3636 991 3711 εἷ’σποιησάμενος
1031 3638 1095 3692 τὸ
1151 3630 1305 3700 ἔθνος
1352 3631 1587 3707 ἐδίδαξεν
1636 3631 1834 3693 αὐτοὺς

183 3727 596 3802 περιτέμνεσθαι
625 3727 716 3782 καὶ
760 3724 950 3802 ἄνδρας
1003 3726 1095 3781 καὶ
1150 3730 1409 3801 γυναῖκας
1444 3722 1536 3779 καὶ
1585 3719 1680 3777 ἕνα
1736 3720 1835 3794 μό-

188 3837 281 3872 νον
311 3822 631 3893 προσκυνεῖν
659 3818 811 3887 Θεὸν,
840 3817 933 3872 τὸν
966 3813 1022 3871 δὲ
1051 3816 1280 3889 Χριστὸν
1326 3817 1489 3888 τιμᾷν
1536 3813 1611 3875 ὡς
1662 3806 1834 3886 Λὸγον

189 3909 346 3975 Θεοῦ,
380 3905 487 3981 οὐχ
516 3907 590 3969 ὡς
621 3907 744 3962 Υὶὸν
778 3904 856 3975 δὲ,
906 3903 1033 3961 ἀλλ’
1081 3905 1155 3970 ὡς
1206 3904 1265 3960 ἐκ
1313 3903 1629 3978 Ηνεύματος
1677 3899 1836 3975 ἁγίου

186 3993 570 4072 γεγενημένον·
609 3996 774 4074 λόγον
819 3994 877 4050 δὲ
934 3995 1026 4050 καὶ
1083 3998 1294 4068 πνεῦμα
1352 3991 1687 4070 προφορικὸν
1745 3987 1836 4043 καὶ

194 4084 272 4146 εἷς
302 4082 432 4159 ἆὲρα
457 4082 721 4159 χεόμενον
755 4086 1018 4154 ὑπονοεῖν,
1055 4084 1153 4139 οὐκ
1208 4082 1538 4138 ἐνυπόστατα
1584 4077 1710 4137 οὐδὲ
1759 4081 1837 4150 τῷ

187 4174 477 4246 Γεννήτορι
507 4173 796 4247 ὁμοούσια’
827 4174 927 4243 τήν
988 4170 1045 4228 δὲ
1092 4172 1242 4248 ἁγίαν
1300 4171 1565 4247 Παρθένον
1623 4170 1833 4245 Μαρίαν

192 4263 271 4336 μή
307 4262 484 4337 λέγειν
518 4264 804 4334 Θεοτόκον,
852 4260 1000 4319 ἀλλά
1053 4265 1152 4333 τήν
1202 4262 1413 4338 Ἀαρὼν
1458 4263 1549 4317 καὶ
1598 4260 1838 4323 Μωσέως

186 4349 452 4430 ἀδελφήν⁸
485 4351 626 4426 μηδὲ
658 4352 1030 4428 βαπτίζεσθαι,
1088 4349 1231 4425 μηδὲ
1277 4345 1641 4419 σαϐϐατίζειν,
1698 4351 1838 4423 μήτε

194 4439 254 4496 δῖε
280 4446 397 4503 τοῖς
425 4448 680 4517 νομικοῖς
707 4441 743 4512 ἤ
784 4441 1151 4517 εὐαγγελικοῖς
1199 4436 1371 4504 ἔθεσιν
1424 4437 1835 4509 ἐπακολουθεῖν,

192 4527 340 4586 ἀλλᾶ
373 4529 756 4607 βδελύττεσθαι
779 4531 871 4587 τὸν
905 4533 1152 4606 σταυρὸν,
1184 4531 1275 4586 καὶ
1301 4532 1401 4600 τήν
1452 4529 1603 4584 σκιὰν
1645 4526 1835 4583 ἐσταυ-

1936 3388 2086 3427 rem.
2119 3373 2501 3447 Obtinuitque
2532 3392 2602 3432 ea
2630 3377 2873 3435 haeresis
2903 3380 2965 3436 in
3022 3382 3290 3453 partibus
3335 3386 3585 3441 Ethribi

1936 3477 2123 3534 usque
2154 3464 2228 3519 ad
2261 3464 2485 3520 bellum
2536 3472 2925 3538 postremum,
2978 3471 3171 3543 primo
3224 3473 3582 3533 decennium

1938 3551 2188 3619 occulte,
2221 3552 2384 3609 aliud
2414 3554 2552 3610 inde
2583 3555 2765 3626 bello,
2799 3564 2857 3614 et
2885 3565 3087 3632 aperte
3120 3578 3334 3618 novem
3378 3581 3589 3623 annos.

1939 3641 2165 3695 Invisus
2187 3641 2288 3696 ille
2310 3642 2428 3698 Deo
2452 3659 2520 3698 ac
2538 3660 2788 3701 vesanus
2811 3648 3172 3718 Moamedus,
3188 3651 3592 3726 Hebrasorum,

1938 3730 2295 3786 Arianorum
2325 3736 2385 3786 et
2410 3733 2895 3793 Nestorianorum
2925 3743 3102 3794 utens
3134 3744 3590 3813 consuetudine,

1940 3824 2117 3889 atque
2147 3819 2412 3890 undique
2443 3821 2670 3893 aliquid
2719 3825 2889 3897 stipis
2936 3828 3278 3898 corradens,
3311 3847 3346 3887 a
3371 3831 3591 3889 Judmis

1943 3913 2177 3979 sumpta
2210 3908 2281 3962 de
2308 3926 2424 3964 uno
2458 3911 2575 3965 Deo
2607 3912 2897 3981 doctrina,
2939 3915 3012 3970 ab
3041 3917 3272 3973 Arianis
3312 3920 3501 3976 Verbo
3533 3927 3592 3978 et

1941 3997 2164 4067 Spiritu
2194 3999 2427 4066 creatis,
2460 4016 2494 4053 a
2521 4001 2887 4059 Nestorianis
2939 4005 3103 4061 cultu
3149 4007 3349 4064 divino
3395 4009 3589 4067 homi-

1941 4085 2117 4140 nibus
2147 4086 2502 4154 exhibendo,
2526 4105 2741 4145 novam
2769 4092 2881 4147 sibi
2901 4094 3252 4166 religionem
3279 4099 3583 4169 conﬁnxit,
3642 4099 3656 4113 ⁸

1941 4191 2009 4229 ac
2038 4174 2146 4228 sub
2178 4180 2465 4246 prmtextu
2496 4179 2852 4250 cognitionis
2882 4182 3094 4239 divina;
3124 4186 3328 4258 populi
3366 4189 3587 4245 animis

1942 4262 2052 4316 sibi
2084 4262 2371 4319 devinctis
2402 4271 2611 4321 auctor
2639 4267 2711 4322 iis
2740 4269 2871 4339 fuit,
2922 4277 2988 4327 nt
3032 4289 3166 4328 cum
3218 4291 3413 4331 mares
3461 4282 3587 4335 tum

1940 4352 2178 4408 feminae
2211 4354 2797 4429 circumciderentur,
2834 4362 2986 4417 740
3015 4369 3081 4418 ut
3117 4380 3306 4421 unum
3354 4372 3587 4424 tantum

1942 4441 2127 4497 Deum
2158 4441 2495 4512 adorarent,
2528 4451 2594 4500 ut
2629 4447 2928 4506 Christum
2980 4460 3424 4522 venerarentur,
3463 4473 3588 4514 non

1942 4531 2109 4601 quasi
2139 4531 2375 4602 Filium,
2409 4534 2513 4589 sed
2543 4540 2773 4592 tantum
2812 4555 2920 4610 pro
2954 4541 3147 4598 Verbo
3179 4544 3283 4599 Dei
3330 4549 3470 4601 nato
3517 4561 3589 4603 ex

194 4621 403 4695 ρῶσθαι
450 4624 548 4676 τοῦ
603 4621 1216 4708 Χριποῦᾼὸμολογεῖν.
1277 4619 1731 4708 Παρηγγυήσατο,
1781 4614 1837 4673 δὶ

1946 4619 2168 4692 Spiritu
2198 4626 2400 4676 sancto
2426 4638 2440 4688 ;
2473 4629 2541 4678 ut
2568 4625 2810 4681 verbum
2842 4634 2900 4684 et
2930 4630 3201 4702 spiritum
3232 4634 3392 4705 quod
3448 4652 3589 4708 pro-

186 4709 380 4772 αὐτοῖς
415 4710 503 4764 καὶ
570 4713 679 4764 τῶν
728 4706 966 4764 καθόλου
1022 4708 1480 4785 ἀπηγορευμένων
1537 4710 1618 4779 τῷ
1674 4706 1831 4779 νόμῳ

188 4797 432 4872 [Ρ.ἆ2ὅ]
489 4798 760 4874 μετέχειν,
818 4796 966 4868 πλήν
1022 4801 1194 4872 κρεῶν
1246 4794 1529 4873 χοιρείων,
1586 4792 1722 4868 οἷ’νῳ
1777 4792 1834 4849 δὲ

191 4886 496 4940 παντάπασι
535 4888 611 4960 μή
669 4894 927 4963 χρῆσθαι.
996 4887 1259 4943 Τοιοῦτόν
1315 4907 1369 4941 τι
1430 4884 1831 4958 μυθευσάμενος

188 4974 379 5030 ἑαυτόν
412 4997 545 5050 φησι
576 4974 903 5053 κλειδοῦχον
956 4984 1272 5053 γεγενῆσθαι
1328 4979 1425 5030 τοῦ
1480 4972 1831 5051 παραδείσου,

186 5064 281 5120 καὶ
311 5065 445 5121 κατὰ
471 5069 571 5137 τὴν
620 5066 827 5142 ἡμέραν
883 5072 983 5136 τῆς
1038 5065 1289 5143 κρίσεως,
1345 5065 1478 5139 μετὰ
1535 5067 1597 5121 τὸ
1654 5083 1830 5139 παρα-

187 5159 382 5223 στῆναι
435 5156 528 5210 τὸν
588 5154 789 5212 Μωσέα
841 5154 932 5210 σὺν
992 5160 1108 5217 τοῖς
1168 5153 1538 5231 ⁹[σραηλίταις
1606 5155 1696 5210 καὶ
1754 5155 1828 5215 ὡς

180 5238 501 5318 παραϐάτας
528 5249 627 5300 τοῦ
651 5243 825 5319 νόμου
870 5248 939 5313 τῇ
995 5244 1217 5300 κολάσει
1274 5248 1371 5299 τοῦ
1427 5244 1600 5320 πυρὸς
1657 5263 1827 5319 παρα-

184 5327 433 5403 δοθῆναι,
463 5333 616 5397 αὖθις
675 5334 886 5405 Ἰησοῦν
943 5336 1282 5407 παραστῆναι
1334 5333 1465 5408 [καὶ]
1518 5334 1830 5409 ἀρνησάμε-

177 5440 274 5474 νον
337 5418 644 5497 ἔμπροσθεν
694 5427 832 5479 Θεοῦ
887 5420 970 5477 ὅτι
1021 5423 1120 5478 οὑκ
1199 5423 1344 5478 εἶπεν
1431 5422 1618 5478 ἑαυτὸν
1697 5422 1829 5478 εἶναι

178 5507 306 5563 Υἱὸν
349 5515 505 5581 Θεοῦ,
535 5509 664 5574 τοὺς
694 5508 752 5566 δὲ
783 5510 1160 5587 Χριστιανοὺς,
1194 5513 1268 5574 ὡς
1308 5516 1555 5567 τοιοῦτον
1607 5511 1826 5585 τολμή-

177 5616 380 5660 σαντας
408 5603 743 5675 προστρῖψαι
773 5602 854 5673 τῷ
881 5601 1098 5674 Χριστῷ
1129 5597 1304 5675 ὄνομα
1350 5601 1439 5656 καὶ
1485 5601 1612 5656 Θεὸν
1662 5601 1826 5656 αὐτὸν

170 5687 268 5742 καὶ
308 5688 433 5745 my
483 5688 618 5745 Θεοῦ
672 5690 762 5745 καὶ
838 5690 1014 5764 Λόγον
1069 5688 1472 5768 σεσαρκωμένον
1530 5693 1621 5747 καὶ
1675 5712 1829 5748 σταυ-

466 5807 735 5874 Panos.
786 5810 897 5875 Gn.
942 5810 1149 5873 CXXI.

1942 4711 2129 4765 fertur
2176 4717 2235 4767 et
2274 4712 2335 4767 in
2382 4729 2582 4769 aerem
2636 4717 2962 4775 effunditur
3007 4722 3416 4794 opinarentur,
3463 4743 3588 4784 non

1941 4817 2073 4870 quae
2103 4800 2165 4854 in
2197 4800 2395 4856 divina
2434 4802 2826 4862 subsisterent
2865 4811 3125 4867 essentia
3171 4818 3271 4869 aut
3315 4815 3583 4886 ejusdem

1942 4905 2076 4943 cum
2107 4889 2380 4945 Genitore
2412 4898 2612 4948 essent
2639 4899 2866 4951 naturai
2892 4912 2906 4965 ;
2939 4915 3014 4954 ne
3060 4900 3296 4958 beatam
3339 4905 3581 4961 Mariam

1940 4977 2210 5033 dicerent
2237 4980 2336 5035 Dei
2389 4981 2765 5055 Genitricem,
2825 4987 2930 5042 sed
2985 5004 3247 5046 sororem
3306 4993 3478 5046 Mosis
3522 4998 3582 5049 et

1940 5068 2227 5133 Aaronis;
2257 5084 2333 5123 ne
2362 5068 2806 5141 baptizarentur
2835 5081 2937 5130 aut
2964 5077 3282 5134 Sabbatum
3314 5087 3576 5152 agerent,

1938 5172 2132 5226 neque
2190 5156 2337 5228 legis
2395 5157 2763 5230 Evangeliive
2812 5163 3082 5221 instituta
3132 5173 3421 5236 tenerent;
3474 5170 3580 5225 sed

1938 5262 2175 5301 crucem
2233 5244 2740 5319 abominarentur,
2797 5252 3189 5326 umbramque
3243 5256 3459 5313 Christi
3517 5259 3582 5315 in

1939 5352 2175 5391 crucem
2208 5341 2397 5390 actam
2427 5337 2776 5395 faterentur.
2810 5344 2961 5410 Quin
2993 5351 3053 5400 et
3080 5347 3348 5403 omnium
3378 5364 3587 5406 eorum

1941 5442 2114 5481 usum
2156 5425 2229 5479 iis
2259 5427 2578 5493 concessit,
2616 5429 2832 5498 quibus
2861 5432 2957 5486 lex
2988 5434 3313 5505 interdicit,
3346 5445 3593 5512 excepta

1942 5513 2104 5585 porci
2138 5528 2333 5568 carne.
2370 5513 2516 5569 Vino
2550 5533 2796 5587 prorsus
2826 5520 3128 5578 abstinere
3163 5524 3362 5596 jussit.
3415 5529 3596 5584 Porro

1944 5608 2139 5659 autem
2164 5600 2421 5657 fabulam
2454 5603 2633 5661 talem
2666 5615 3040 5667 commentus
3073 5619 3181 5669 est.
3217 5614 3336 5671 Sibi
3368 5616 3452 5673 ait
3479 5618 3603 5674 cla-

1941 5710 2043 5749 ves
2068 5690 2328 5764 paradisi
2351 5694 2703 5752 commissas
2750 5697 2957 5756 fuisse.
3004 5702 3109 5758 Die
3150 5703 3387 5777 judicii,
3434 5712 3602 5778 post-

3354 5822 3432 5883 26
