4052 6316
513 261 627 324 8H

1874 261 2188 324 GEORGII
2231 262 2572 327 CEDllENI

3817 267 3928 327 812

515 411 695 466 quam
711 396 900 452 Moses
921 410 1056 452 cum
1075 391 1362 451 Israelitis
1388 393 1463 450 ad
1488 393 1754 450 tribunal
1780 395 1990 464 astitit,
2042 399 2101 450 et
2128 393 2156 450 ii

2285 395 2524 469 ρωθὲντα
2555 394 3002 474 δογματίσαντας,
3043 401 3114 473 τῇ
3165 399 3263 454 τοῦ
3302 397 3472 474 πυρὸς
3513 395 3705 475 γεέννῃ
3757 417 3932 472 παρα-

513 490 581 556 ut
609 485 708 555 qui
739 485 932 558 legem
964 483 1287 540 violassent
1315 483 1571 540 ﬂammas
1623 484 1899 558 supplicii
1947 482 2168 540 addicti

513 573 774 642 fuerunt,
807 591 1046 632 rursum
1068 575 1275 642 ,Jesum
1309 591 1372 630 se
1404 575 1647 645 stitisse,
1681 591 1748 630 ac
1803 590 2001 630 coram
2050 574 2168 630 Deo

513 678 760 736 negasse
785 679 1050 735 unquam
1073 681 1136 720 se
1168 679 1389 720 nomen
1419 664 1550 718 Filii
1581 664 1682 720 Dei
1705 663 1815 720 sibi
1839 679 2167 734 arrogasse.

514 751 653 807 Ideo
685 752 1072 818 Christianos,
1107 753 1206 822 qui
1239 753 1418 809 talem
1451 753 1682 808 Christo
1709 753 1946 808 titulum
1979 753 2166 824 impo-

510 857 657 898 nere
684 843 811 920 ausi
837 841 1112 909 fuissent,
1155 858 1412 916 eumque
1446 843 1654 911 Deum,
1699 842 1800 897 Dei
1850 842 2061 896 Filium
2113 846 2170 896 et

514 931 771 1006 Verbum
793 931 1166 997 incarnatum
1199 948 1266 987 ac
1293 932 1640 987 cruciﬁxum
1659 931 2165 1003 pronuntiassent,

512 1021 576 1076 in
607 1037 897 1093 geennam
930 1021 1082 1094 ignis
1107 1019 1359 1077 deditos.
1392 1020 1728 1076 Secundum
1759 1021 1886 1076 haec
1907 1037 1970 1076 se
1991 1037 2025 1076 a
2047 1021 2167 1075 Deo

513 1115 788 1170 vocatum
821 1109 1004 1182 fuisse
1038 1109 1357 1168 admodum
1387 1111 1550 1183 pium
1589 1115 1646 1166 et
1702 1109 2032 1178 laudatum,
2065 1108 2166 1181 qui

513 1198 620 1274 toti
667 1199 828 1272 genti
883 1199 1122 1271 pietatis
1181 1203 1387 1256 auctor
1442 1205 1618 1268 esset,
1678 1197 1930 1270 ideoque
1979 1198 2166 1254 claves

511 1287 772 1368 paradisi
852 1287 965 1350 sibi
1048 1288 1384 1352 mandatas.
1439 1289 1763 1360 Postquam
1823 1287 2165 1360 paradisum

512 1377 866 1449 aperuisset,
923 1392 1130 1438 secum
1189 1377 1445 1434 intrasse
1527 1377 1897 1452 segtuaginta
1978 1376 2167 1441 millia

511 1465 848 1546 hominum,
885 1466 1028 1542 741
1067 1466 1169 1538 qui
1201 1483 1270 1521 eo
1316 1481 1562 1540 pergere
1614 1466 1958 1522 valuissent.
2003 1465 2163 1534 Reli-

512 1572 661 1633 quos
703 1555 1039 1631 judicatum
1089 1556 1182 1610 iri.
1231 1556 1360 1612 lam
1405 1557 1598 1628 justos
1645 1555 1944 1627 voluptate
1999 1559 2166 1613 extra

510 1647 698 1718 ullam
719 1647 1182 1723 controversiam
1207 1647 1352 1704 frui:
1385 1663 1534 1718 quos
1559 1663 1695 1703 vero
1727 1646 2162 1718 deprehensum

512 1738 591 1792 sit
620 1752 922 1810 peccasse,
955 1752 1056 1792 eos
1087 1735 1160 1792 ad
1191 1735 1346 1792 colla
1377 1753 1484 1792 sua
1528 1735 1788 1808 pittaciis
1817 1735 2070 1808 alligatis
2099 1735 2160 1790 in

510 1827 856 1902 paradisum
935 1827 1180 1898 intrare,
1269 1827 1582 1898 vocarique
1638 1825 1880 1885 libertos
1935 1825 2038 1882 Dei
2094 1838 2166 1881 ac

509 1917 897 1992 Muchumeti.
918 1919 1216 1975 Praeterea
1241 1923 1496 1991 nugatur
1519 1917 1580 1972 in
1603 1917 1876 1989 paradiso
1900 1921 2017 1972 tres
2035 1933 2165 1972 esse

506 2007 839 2080 paradisos,
868 2023 1054 2064 unum
1075 2007 1296 2075 mellis,
1320 2007 1505 2062 alium
1525 2005 1716 2074 lactis,
1739 2007 1858 2062 vini
1884 2007 2124 2062 tertium
2147 2023 2163 2075 ;

509 2104 569 2155 et
596 2099 670 2156 iis
697 2097 935 2170 impleri
969 2097 1171 2154 licere.
1208 2099 1334 2168 Una
1363 2115 1493 2156 esse
1522 2097 1828 2170 mulieres,
1867 2113 1936 2154 ac
1967 2112 2166 2152 comas

507 2204 744 2255 ornare,
805 2193 864 2245 et
919 2203 1170 2259 corpora
1242 2186 1636 2260 voluptatibus
1695 2185 1895 2242 dedita
1950 2185 2162 2246 colere.

504 2277 740 2332 Judmos
772 2279 832 2341 et
859 2276 1226 2332 Christianos
1271 2275 1435 2348 ligna
1478 2275 1552 2331 ad
1601 2275 1799 2348 ignem
1847 2274 2163 2330 fovendum

505 2365 695 2422 factos
725 2382 876 2422 esse.
903 2365 1163 2424 Relictos
1193 2365 1534 2434 Samaritas,
1561 2369 1627 2420 ut
1655 2365 1861 2420 ﬁmum
1891 2380 1963 2420 ex
1988 2381 2162 2437 para-

514 2455 643 2511 diso
667 2457 928 2526 egerant,
951 2470 1027 2509 ne
1049 2453 1203 2510 fetor
1232 2455 1295 2510 in
1324 2471 1392 2509 eo
1423 2455 1656 2510 existat.
1691 2453 1982 2522 Quemvis,
2017 2469 2162 2524 qua-

505 2544 627 2600 lem
657 2543 837 2600 vitam
870 2543 1055 2618 egerit
1087 2543 1149 2598 in
1180 2543 1414 2615 Opibus,
1442 2542 1725 2616 pauperie
1763 2548 1865 2598 aut
1892 2543 2161 2608 infamia,

507 2634 592 2696 sic
621 2639 680 2690 et
707 2632 882 2690 isthic
911 2633 1150 2690 habere.
1201 2633 1290 2688 Ad
1341 2633 1466 2689 haec
1525 2632 1860 2706 prodigiose
1911 2639 2162 2705 nugatus

508 2726 602 2780 est
629 2722 822 2778 omnis
849 2727 910 2778 et
933 2720 1075 2778 boni
1120 2727 1177 2778 et
1232 2723 1374 2778 mali
1423 2723 1608 2778 Deum
1657 2739 1786 2780 esse
1834 2727 2160 2778 auctorem.

505 2815 811 2886 Latrones,
833 2814 1129 2872 veneﬁcos
1159 2813 1429 2886 aliosque
1456 2815 1619 2869 vetiti
1650 2813 1933 2870 facinoris
1962 2812 2164 2869 convi-

503 2909 630 2961 ctos
659 2904 831 2960 aDeo
860 2901 936 2960 ad
964 2903 1077 2959 hoc
1108 2907 1269 2959 certo
1299 2903 1554 2960 consilio
1592 2901 1924 2960 destinatos
1954 2903 2160 2972 fuisse,

502 2999 569 3049 ut
599 2993 685 3049 sic
715 2997 1110 3050 morerentur.

575 3087 818 3142 Miretur
847 3101 989 3140 sane
1039 3083 1258 3155 aliquis
1315 3089 1541 3140 tantam
1598 3085 1717 3140 Deo
1773 3083 2158 3158 repugnantis

503 3180 680 3246 atque
710 3172 843 3230 vani
875 3142 1580 3247 hominis-imposturam,
1623 3191 1756 3244 quae
1807 3142 1969 3229 tanto
2000 3177 2152 3242 tem-
2186 3142 2230 3208 Ο

504 3278 648 3335 pore
677 3261 934 3326 duravit,
965 3266 1068 3318 aut
1096 3267 1421 3318 extremam
1457 3263 1656 3334 potius
1708 3279 1777 3318 ac
1826 3261 2155 3318 belluinam

507 3367 716 3409 eorum
746 3349 1131 3416 dementiam,
1164 3351 1264 3421 qui
1295 3351 1358 3405 in
1391 3351 1550 3406 hunc
1580 3367 1770 3421 usque
1818 3349 1975 3406 diem
2022 3352 2156 3422 ejus

507 3439 758 3496 fallaciis
773 3438 1091 3510 mancipati
1115 3445 1274 3508 sunt,
1298 3455 1366 3494 ac
1385 3456 1492 3511 pro
1519 3439 1716 3495 divina
1737 3456 1866 3494 eam
1896 3444 1954 3493 et
1966 3439 2158 3495 valida

507 3546 571 3586 re
601 3529 846 3588 ducunt.
879 3529 1168 3586 Excaecati
1197 3529 1358 3586 enim
1383 3535 1443 3586 et
1471 3531 1614 3585 fatui
1639 3529 1910 3585 homines
1930 3545 2154 3596 veram,

507 3635 737 3678 sacram
768 3635 836 3676 ac
876 3618 1156 3674 divinitus
1205 3619 1484 3678 traditam
1535 3619 1712 3675 fidem
1761 3619 2154 3691 caligantibus

504 3709 692 3771 animi
749 3708 938 3766 oculis
994 3713 1378 3781 prastereunt,
1434 3709 1582 3764 falso
1661 3713 1858 3764 autem
1912 3709 2154 3764 nomine

502 3799 846 3872 insignitam
880 3798 1231 3870 religionem
1261 3803 1718 3870 commentaque
1753 3799 1902 3854 142
1929 3798 2155 3869 praesti-

501 3887 744 3961 giatpris
770 3889 943 3946 istius
974 3888 1419 3962 amplectuntur
1447 3887 1652 3944 miseri
1691 3892 1867 3958 atque
1909 3887 2150 3958 stupidi.

501 3976 583 4031 Ac
612 3991 814 4030 verum
845 3974 1086 4047 quidem
1117 3977 1324 4044 Deum,
1359 3992 1537 4047 quem
1569 3975 1662 4030 lex
1693 3981 1752 4030 et
1776 3981 1937 4031 vates
1968 3974 2151 4030 divini

500 4064 816 4138 perspicue
846 4064 1320 4138 praedicaverunt
1347 4064 1523 4136 eique
1564 4064 1743 4120 fidem
1792 4064 2152 4132 habuerunt,

500 4153 588 4210 illi
609 4153 931 4227 repudiant
957 4159 1138 4226 atque
1171 4153 1512 4225 improbant
1537 4170 1550 4208 :
1584 4155 1702 4208 Deo
1732 4158 1932 4209 autem
1953 4153 2154 4210 adver-

497 4258 652 4310 sum,
703 4243 1010 4313 insanum,
1058 4241 1376 4314 palamque
1405 4258 1439 4296 a
1469 4241 1641 4298 furiis
1691 4243 2050 4314 exagitatum
2095 4247 2154 4297 et

497 4347 701 4386 earum
733 4331 1028 4388 instinctu
1055 4331 1402 4404 loquentem
1455 4331 1655 4386 vesani
1707 4337 1884 4402 atque
1929 4331 2148 4402 rabiosi

497 4435 634 4494 cum
657 4419 872 4493 gaudio
895 4419 1358 4492 amplectuntur.
1391 4421 1530 4485 Qum
1559 4421 1720 4475 enim
1751 4437 1784 4476 a
1812 4422 1930 4478 Deo
1960 4421 2148 4493 inspio

2276 481 2524 554 δοθῆναι.
2557 490 2688 544 Εἶτα
2719 487 2904 544 ἑαυτόν
2936 509 3098 568 φησιν
3131 487 3234 544 ὑπὸ
3290 491 3386 544 τοῦ
3434 491 3570 544 Θεοῦ
3623 486 3924 556 κεκλῆσθαι

2279 571 2426 646 μάλα
2455 571 2704 647 θεοσεϐῆ,
2749 577 2823 642 ὡς
2875 581 2972 632 τοῦ
3028 577 3229 640 παντὸς
3287 576 3445 632 αὐτὸν
3503 587 3695 640 εθνους
3753 573 3928 630 α’ἱτιον

2275 658 2579 724 θεοσεϐείας
2613 665 2920 742 ὑπάρξαντα
2967 665 3322 734 ἐπαινεῖσθαι,
3379 665 3469 722 καὶ
3511 665 3713 721 τούτου
3766 665 3928 740 χάριν

2273 749 2606 830 κλειδοῦχον
2634 759 2730 810 τοῦ
2761 752 3089 830 παραδείσου
3139 757 3478 834 γεγενῆσθαι.
3531 753 3644 812 Καί
3685 775 3750 832 γε
3804 756 3932 828 μετὰ

2273 839 2336 894 τὸ
2378 839 2466 895 ὑπ’
2495 841 2661 898 αὐτοῦ
2691 844 2782 898 τὸν
2809 842 3140 920 παράδεισον
3171 845 3516 924 ἀνεῳχθῆναι
3564 840 3928 906 συνεισελθεῖν

2277 929 2432 1001 αύτῷ
2455 925 2833 1004 ἑϐδομήκοντά
2862 931 3122 1012 χιλιάδας
3148 934 3274 996 τοὺς
3305 931 3632 1006 δυναμένους
3685 931 3927 1010 ἐφορμῆο

2273 1038 2360 1072 σαι
2389 1021 2527 1093 πρὸς
2556 1025 2740 1080 τοῦτο.
2771 1023 2905 1084 Τοὺς
2937 1019 2994 1078 δὲ
3026 1021 3262 1086 λοιποὺς
3309 1023 3658 1098 κριθήσεσθαι
3717 1019 3926 1100 φάσκει,

2275 1105 2364 1162 καὶ
2395 1107 2522 1172 τοὺς
2557 1110 2650 1184 μὲν
2685 1107 2926 1191 δικυίους
2966 1107 3360 1191 ἀναμφιϐόλως
3391 1118 3490 1182 τῆς
3537 1117 3760 1188 τρυφῆς
3803 1111 3928 1165 ἀπο-

2278 1192 2497 1266 λαῦσαι,
2530 1198 2656 1262 τοὺς
2724 1195 2782 1255 δὲ
2833 1188 3248 1277 εὑρισκομένους
3306 1197 3676 1277 ἁμαρτωλοὺς
3735 1202 3927 1254 πιττά-

2271 1305 2366 1340 κια
2404 1283 2458 1342 ἐν
2489 1293 2608 1350 τοῖς
2654 1288 2965 1365 τραχήλοις
3007 1289 3364 1367 περιέχοντας
3406 1286 3665 1364 δεδεμένα
3716 1289 3804 1352 εἷς
3845 1289 3926 1345 τὸν

2274 1373 2599 1450 παράδεισον
2649 1377 2845 1442 αὐτοὺς
2901 1376 3178 1448 εἰσελθεῖν,
3237 1378 3326 1434 καὶ
3381 1379 3610 1440 τούτους
3664 1379 3924 1452 ὀνομάζε-

2281 1466 2404 1520 σθαι
2461 1466 2855 1544 ἀπελευθέρους
2907 1472 3004 1524 τοῦ
3061 1469 3195 1524 Θεοῦ
3247 1466 3337 1524 καὶ
3409 1472 3506 1524 τοῦ
3561 1467 3928 1544 Μουχούμετ.

2270 1553 2428 1612 Εἶναι
2460 1554 2518 1610 δὲ
2545 1561 2692 1630 τρεῖς
2744 1557 3104 1632 παραδείσους
3153 1556 3207 1614 ἐν
3253 1561 3335 1630 τῷ
3379 1554 3696 1632 παραδείσῳ
3759 1555 3931 1635 φλυα-

2271 1647 2376 1717 ρεῖ,
2408 1639 2500 1699 ἕνα
2543 1644 2770 1718 μέΛιτος
2801 1646 2889 1702 καὶ
2922 1645 3100 1722 ἕτερον
3145 1645 3416 1722 γάλακτος
3463 1645 3554 1702 καὶ
3602 1646 3800 1722 ἓτερον
3852 1645 3930 1700 οἳ.

2269 1751 2386 1805 νου³
2418 1733 2555 1808 πρὸς
2587 1734 2650 1788 τὸ
2695 1735 2812 1808 μετ’
2867 1733 3104 1808 ἐξουσίας
3153 1734 3530 1810 ἐμπιπλᾶσθαι
3569 1735 3782 1791 αὐτῶν.
3832 1738 3929 1796 Τὰς

2275 1817 2334 1876 δὲ
2361 1827 2622 1899 γυναῖκας
2650 1822 2836 1887 αὐτοῖς
2876 1829 3110 1880 συνεῖναι
3157 1824 3246 1880 καὶ
3303 1821 3624 1904 φιλοκαλεῖν
3678 1824 3783 1887 τὰς
3836 1826 3928 1880 κό-

2276 1931 2380 1984 μας
2439 1911 2614 1967 αὐτῶν
2668 1912 2759 1968 καὶ
2814 1914 3124 1989 θεραπεύειν
3173 1913 3242 1969 τά
3305 1911 3575 1992 φιλήδονα
3672 1915 3922 1987 σώματα.

2267 2000 2402 2063 Τοὺς
2433 1997 2491 2056 δὲ
2518 1999 2822 2066 Ἰουδαίους
2887 2002 2979 2058 καὶ
3024 2001 3380 2080 Χριστιανοὺς
3422 2001 3558 2074 ξύλα
3601 2007 3706 2058 τοῦ
3759 2005 3922 2078 πυρὸς

2269 2091 2618 2165 γενομὲνους,
2680 2089 3077 2172 ὑπολειφθῆναι
3155 2091 3282 2155 τοὺς
3338 2092 3684 2168 Σαμαρείτας
3748 2093 3919 2167 λέγων

2269 2179 2407 2254 πρὸς
2445 2181 2502 2234 νὸ
2561 2179 2802 2258 ἐκφέρειν
2855 2182 2958 2250 τήν
3013 2183 3218 2258 κόπρον
3271 2180 3446 2237 αὐτῶν
3484 2180 3545 2238 ἐκ
3593 2179 3700 2237 τοῦ
3759 2203 3923 2257 παρα,

2271 2265 2472 2340 δείσου,
2505 2270 2654 2332 ὅπως
2688 2271 2766 2344 μὴ
2794 2269 3022 2346 ἐποζέοῃ
3055 2271 3085 2326 ὁ
3131 2267 3476 2346 παράδεισος.
3522 2273 3802 2329 Ἕκαστον
3849 2271 3920 2344 δὲ,

2270 2356 2346 2419 ὡς
2375 2355 2438 2412 ἄν
2465 2353 2620 2429 ἐϐίω,
2651 2357 2748 2414 εἴτ’
2785 2358 2840 2414 ἐν
2892 2359 3121 2436 πλούτῳ
3151 2358 3188 2430 ἤ
3218 2361 3376 2433 πενίᾳ
3419 2359 3507 2415 καὶ
3559 2357 3780 2432 ἀδοξίᾳ,
3835 2362 3918 2417 τὸν

2269 2445 2429 2502 αὐτὸν
2461 2449 2678 2504 κάκεῖσε
2707 2447 2912 2524 διάγειν
2940 2449 3161 2525 τρόπον.
3197 2447 3372 2512 Οὗτος
3425 2449 3518 2504 οὗν
3555 2450 3583 2504 ὁ
3616 2451 3920 2527 θεοστυγὴς

2268 2544 2358 2598 καὶ
2379 2547 2703 2622 παμμίαρος
2751 2547 2950 2610 παντὸς
3007 2549 3212 2624 ἀγαθοῦ
3265 2549 3358 2603 καὶ
3413 2551 3585 2604 κακοῦ
3639 2549 3738 2603 τὸν
3797 2550 3918 2605 Θεὸν

2268 2633 2444 2688 α’ἰτιον
2479 2634 2743 2714 ὑπάρχειν
2773 2633 3228 2713 ἐτερατολόγησε·
3261 2637 3348 2693 καὶ
3377 2635 3504 2699 τοὺς
3565 2634 3777 2711 λῃστὰς
3827 2638 3913 2692 καὶ

2269 2724 2588 2800 φαρμακοὺς
2643 2724 2733 2781 καί
2787 2724 2918 2788 τοὺς
2967 2723 3167 2788 ἃλλαις
3217 2725 3665 2802 ἀπηγορευμέναι
3721 2727 3914 2798 πράξεο

2269 2833 2349 2866 σιν
2384 2811 2634 2882 ἁλόντας,
2695 2813 2868 2878 οὕτως
2915 2813 3147 2894 φλυαρεῖ
3186 2815 3214 2869 ὁ
3245 2813 3424 2884 ἄθεος,
3477 2809 3705 2891 ἔγραψεν
3747 2812 3916 2878 αὐτὸς

2269 2901 2298 2956 ὁ
2328 2901 2476 2974 Θεὸς,
2504 2902 2594 2958 καὶ
2625 2901 2934 2979 προώρισεν
2965 2903 3254 2958 ἀποθανεῖν
3290 2901 3510 2968 αὐτούς.

2339 3079 2640 3156 Θαυμάσειε
2672 3079 2718 3138 δ’
2749 3079 2808 3138 ἄν
2839 3103 2922 3146 τις
2962 3085 3062 3156 τήν
3119 3083 3388 3155 τοσαύτην
3441 3085 3529 3138 καὶ
3580 3080 3918 3154 τηλικαύτην

2268 3168 2462 3245 διαρκῆ
2521 3171 2734 3243 ἀπάτην
2788 3176 2885 3228 τοῦ
2959 3173 3240 3248 θεομάχου
3321 3175 3412 3228 καὶ
3498 3173 3920 3251 ματαιόφρονος,

2267 3259 2481 3332 μᾶλλον
2543 3259 2600 3316 δὲ
2655 3261 2893 3338 ἐσχάτην
2949 3261 3247 3338 παράνοιαν
3307 3263 3394 3318 καὶ
3451 3260 3763 3334 κτηνωδίαν
3815 3267 3922 3319 τῶν

2267 3347 2551 3424 μέχρινῦν
2587 3354 2656 3425 τῇ
2711 3351 2908 3406 τούτου
2970 3349 3150 3426 πλάνῃ
3209 3348 3637 3426 δεδουλωμένων
3694 3351 3788 3406 καὶ
3847 3353 3921 3415 ὡς

2267 3437 2493 3512 ἴσχυράν
2553 3439 2644 3494 καὶ
2728 3439 2870 3503 θείαν
2949 3439 3199 3518 ἀφρόνως
3280 3438 3482 3510 ταύτην
3565 3441 3920 3515 ἡγουμένων·

2267 3525 2406 3598 Πρὸς
2432 3525 2536 3601 γὰρ
2565 3527 2663 3595 τήν
2694 3522 2866 3588 ὅντως
2893 3525 3080 3598 ἀληθῆ
3109 3548 3168 3583 τε
3205 3527 3295 3582 καὶ
3343 3527 3492 3601 ἱερὰν
3548 3527 3637 3582 καὶ
3693 3523 3926 3603 θεοόράο

2263 3609 2450 3670 ϐευτον
2508 3613 2690 3670 πίστιν
2749 3613 2992 3690 ἐναργῶς
3047 3615 3566 3696 ἀποτυφλώττουσιν
3646 3617 3701 3670 οἱ
3762 3615 3924 3672 ἐσκο-

2258 3705 2502 3776 τισμὲνοι
2560 3705 2650 3760 καὶ
2705 3703 2974 3774 ἀσύνετοι,
3031 3706 3164 3782 πρὸς
3247 3703 3306 3760 δὲ
3383 3707 3484 3774 τήν
3549 3703 3920 3780 ψευδώνυμον

2263 3789 2512 3868 λατρείαν
2543 3793 2632 3848 καὶ
2663 3792 3070 3868 πλαστοΑογίαν
3123 3797 3221 3848 τοῦ
3268 3791 3494 3870 φὲνακος
3543 3794 3920 3870 προσέχουσιν

2261 3880 2313 3935 οἱ
2371 3879 2602 3938 δείλαιοι
2655 3882 2746 3936 καὶ
2805 3879 3182 3958 βαρυκάρδιοι.
3239 3881 3346 3938 Τὸν
3399 3882 3501 3958 γὰρ
3553 3881 3728 3945 ὄντως
3789 3879 3920 3938 ὄντα

2259 3970 2408 4037 Θεὸν,
2439 3971 2531 4026 τὸν
2565 3967 2652 4026 διὰ
2689 3970 2862 4045 νόμου
2917 3971 3009 4026 καὶ
3062 3975 3358 4050 προφητῶν
3411 3969 3664 4042 ἐκδήλως
3717 3993 3922 4048 κηρυτ-

2256 4058 2486 4134 τόμενόν
2521 4080 2581 4116 τε
2609 4059 2698 4116 καὶ
2737 4061 3124 4134 πιστευόμενον
3170 4059 3555 4136 ἀπωθούμενοι
3602 4062 3696 4116 καὶ
3749 4083 3923 4118 κατα-

2259 4148 2652 4228 ψηφιζόμενοι,
2687 4150 2782 4204 τὸν
2837 4149 3085 4206 ἀντίθεον
3127 4149 3216 4205 καὶ
3275 4151 3560 4225 μεμηνότα
3610 4150 3703 4206 καὶ
3758 4173 3924 4228 φανς-

2261 4241 2370 4312 ρῶ)
2402 4241 2487 4310 [Ρ.
2538 4241 2667 4312 424]
2725 4237 2828 4294 ὑπὸ
2883 4243 2990 4294 τῶν
3053 4237 3316 4314 Ἐρινύωε
3369 4237 3767 4316 ἐνεργούμενον
3834 4240 3922 4295 καὶ

2258 4326 2628 4404 φθεγγόμενον
2712 4328 2764 4381 οἱ
2849 4328 3182 4406 κακόφρονες
3263 4328 3353 4382 καὶ
3431 4325 3736 4391 λυσσώδεις
3797 4328 3922 4404 ἔρα-

2259 4415 2436 4488 σμίως
2474 4415 2564 4470 καί
2589 4416 2909 4492 γεγηθότῶς
2941 4417 3270 4491 προσίενται.
3307 4418 3444 4472 Ποία
3501 4418 3607 4494 γὰρ
3659 4417 3917 4482 θεόπνευ·

494 4513 624 4574 rata
663 4508 964 4579 Scriptura
1019 4508 1092 4564 de
1137 4509 1321 4581 impio
1373 4515 1432 4566 et
1478 4509 1723 4565 vecorde
1776 4509 2150 4566 Muchumeto

2266 4525 2385 4568 στος
2429 4507 2614 4581 Γραφὴ
2674 4505 2797 4582 περὶ
2854 4511 2952 4560 τοῦ
3011 4501 3303 4568 δυσσεϐοῦς
3357 4505 3449 4562 καὶ
3506 4509 3916 4582 παραπαίοντος

495 4598 724 4672 aliquid
753 4601 1037 4672 praecepit
1056 4599 1084 4655 ‘2
1109 4606 1212 4656 aut
1243 4601 1376 4672 quis
1417 4601 1754 4656 divinorum
1785 4607 1982 4656 vatum
2011 4619 2147 4658 eum

491 4687 730 4760 pietatis
751 4687 1054 4746 doctorem
1078 4690 1202 4746 fore
1225 4689 1538 4762 prmdixit‘?
1562 4689 1981 4760 Respondeant
2003 4691 2148 4746 mihi

491 4776 590 4832 isti
612 4779 806 4836 omnis
829 4795 1011 4835 sacrae
1043 4779 1457 4850 inspirationis
1488 4785 1547 4834 et
1571 4778 1923 4834 initiationis
1947 4796 2146 4835 exsor-

491 4871 599 4936 tes,
631 4883 755 4936 cur,
785 4884 920 4923 cum
952 4884 1163 4923 omnes
1183 4867 1314 4939 jam
1346 4865 1484 4921 inde
1516 4866 1588 4922 ab
1609 4866 1837 4922 Adamo
1863 4883 2051 4939 usque
2072 4870 2146 4925 ad

487 4957 703 5013 Christi
761 4957 1081 5014 adventum
1131 4962 1294 5012 vates
1373 4972 1494 5011 non
1554 4956 1716 5010 inviti
1801 4965 2142 5029 agnoscant,

486 5047 726 5104 interim
757 5047 1058 5121 Christum
1102 5047 1312 5112 Deum,
1373 5045 1446 5102 de
1505 5062 1622 5118 quo
1689 5046 1776 5100 illi
1834 5048 2142 5119 perspicue

485 5135 786 5192 vaticinati
819 5143 977 5212 sunt,
1010 5134 1328 5206 abnegent,
1361 5135 1687 5206 pessimum
1727 5141 1927 5191 autem
1971 5135 2141 5192 illum

487 5231 546 5280 et
575 5226 851 5282 vitiosum
883 5225 1210 5292 hominem,
1243 5225 1414 5296 cujus
1445 5225 1611 5281 nulla
1658 5243 1902 5296 prorsus
1943 5226 2018 5282 ab
2067 5226 2140 5282 iis

487 5313 642 5369 facta
671 5321 762 5369 est
795 5315 1037 5383 mentio,
1093 5331 1198 5384 pro
1249 5330 1431 5370 sacrm
1481 5314 1790 5387 religionis
1840 5314 2138 5372 initiatore

485 5403 1095 5476 praestantissimoquc
1129 5403 1449 5459 verissima:
1481 5402 1616 5458 ﬁdei
1641 5404 1922 5477 magistro
1943 5405 2139 5460 existi-

485 5495 672 5560 ment,
723 5508 792 5549 ac
851 5498 1131 5568 tanquam
1179 5491 1542 5548 benefactori
1596 5492 1830 5548 divinus
1879 5493 2136 5551 honores

487 5577 778 5655 deferant,
825 5579 990 5655 impii
1050 5580 1162 5656 ipsi
1237 5585 1415 5656 atque
1473 5581 1720 5652 infandi.
1781 5582 2136 5656 Examinent

2261 4594 2598 4669 Μουχούμετ
2679 4591 3183 4669 προδιεστείλατο;
3277 4595 3312 4666 ἢ
3394 4601 3554 4659 ποῖος
3627 4597 3913 4657 θεσπέσιος

2259 4685 2418 4742 αὐτὸν
2460 4686 2750 4763 προφήτης
2798 4684 2872 4747 ὡς
2932 4681 3260 4740 διδάσκαλον
3319 4681 3593 4748 εὐσεϐείας
3631 4689 3914 4762 προανήγ·

2257 4772 2478 4851 γειλεν;
2511 4775 2718 4829 Οὐκοῦν
2759 4772 3063 4830 εἶ’πάτωσαν
3107 4776 3158 4829 οἱ
3214 4774 3486 4850 ἀμέτοχοι
3533 4775 3716 4846 πάσης
3763 4777 3914 4850 ἱερᾶς

2257 4863 2542 4929 ἐπιπνοίας
2599 4863 2688 4918 καὶ
2751 4867 3027 4937 μυήσεως,
3082 4869 3200 4926 πῶς
3251 4865 3379 4928 τοὺς
3435 4865 3542 4920 ἀπὸ
3599 4862 3788 4939 Ἀδὰμ
3825 4865 3914 4920 καὶ

2258 4951 2424 5026 μέχρι
2478 4957 2580 5019 τῆς
2635 4955 2880 5026 Χριστοῦ
2945 4950 3242 5027 παρουσίας
3312 4954 3602 5028 προφήτας
3659 4952 3912 5024 ἀσμένως

2254 5039 2414 5111 δῆθεν
2448 5036 2854 5120 ἀποδεχόμενοι
2915 5041 3000 5098 τὸν
3061 5041 3156 5116 μὶν
3217 5041 3306 5097 ὑπ’
3363 5043 3542 5098 αὐτῶν
3601 5037 3910 5118 διαῤῥήδην

2253 5129 2808 5208 προαναφωνούμενον
2898 5131 3132 5204 Χριστὸν
3227 5131 3319 5186 τὸν
3406 5131 3535 5186 Θεὸν
3595 5131 3907 5206 ἀρνοῦνται,

2249 5221 2340 5277 τὸν
2371 5217 2427 5275 δὲ
2457 5221 2709 5275 κάκιστον
2743 5221 2829 5275 καὶ
2888 5220 3174 5299 μοχθηρὸν
3222 5219 3312 5276 καί
3365 5218 3508 5295 μηδὲ
3560 5221 3624 5276 τὸ
3674 5218 3906 5276 σύνολον

2250 5309 2339 5364 ὕπ’
2424 5307 2602 5364 αὐτῶν
2687 5309 3171 5382 μνημονευόμενον
3253 5307 3330 5374 ὦς
3424 5310 3734 5384 θεομύστην
3815 5309 3905 5365 καὶ

2248 5397 2586 5474 ἐξοχώτατον
2653 5396 2742 5451 καὶ
2835 5395 3212 5469 ἀληθεστάτης
3267 5397 3502 5462 πίστεως
3570 5395 3906 5456 διδάσκαλον

2249 5487 2614 5563 ἀποδέχονται
2671 5487 2764 5542 καὶ
2825 5485 2899 5550 ὡς
2953 5485 3237 5563 εὐεργέτην
3295 5487 3659 5557 ἐκθειάζουσιν
3714 5490 3764 5544 0i
3819 5488 3908 5543 ἆν-

2245 5581 2385 5636 όσιοι
2416 5577 2507 5632 καὶ
2555 5571 2889 5648 δυσώνυμοι.
2943 5575 3402 5651 Ἀνακρινέτωσαν
3446 5571 3504 5630 δὲ
3549 5577 3604 5632 οἱ
3654 5573 3907 5650 ἀδιάκρι-
