4108 6300
280 382 421 443 813

1445 373 1992 440 HISTORIARUM
2035 375 2595 443 COMPENDIUM.

3580 381 3720 447 BM

290 514 506 573 τοικαῖ
543 511 832 589 μανιώδεις
890 511 982 567 καὶ
1036 513 1105 566 τὰ
1156 508 1246 566 ὑπ’
1303 508 1472 565 αὐτοῦ
1517 508 1808 584 μανιωδῶς
1864 509 1955 565 καὶ

2075 512 2273 569 furiosi
2330 515 2429 569 isti
2485 530 2555 570 ac
2609 531 2810 572 rerum
2864 516 3217 574 discrimina
3274 515 3717 574 confundentes

300 602 590 669 δυσσεϐῶς
647 600 881 681 ῥηθέντα
928 601 1250 676 ληρήματα,
1305 600 1394 656 καὶ
1442 599 1748 678 λεγέτωσαν
1800 601 1959 657 ποίαν

307 694 632 777 συμφωνίαν
663 689 857 773 ἔχουσι
875 692 943 747 τὰ
970 688 1345 765 θεοπαράδοτα
1392 690 1583 765 Λόγια.
1638 692 1701 749 Ὀ
1737 692 1832 764 μὲν
1858 692 1962 766 γὰρ

295 790 453 849 θεῖος
484 784 657 862 λόγος
707 779 1014 861 ἀναφανδὸν
1071 777 1309 835 διδάσκει
1358 779 1455 835 τὸν
1505 780 1635 835 Θεὸν
1695 779 1963 854 ὑπάρχειν

297 875 548 932 ἀναίτιον
580 871 781 933 παντὸς
813 874 986 925 κακοῦ
1016 868 1105 924 καὶ
1151 867 1244 923 τὸν
1289 866 1568 943 ἄνθρωπον
1622 867 1962 940 αὐτεξούσιον

297 967 451 1021 εἶναι
481 970 581 1034 τῆς
614 963 808 1017 ἑαυτοῦ
836 957 1110 1035 σωτηρίας
1145 957 1238 1013 καὶ
1294 956 1591 1020 ἀπωλείαςο
1643 959 1671 1010 ὁ
1722 954 1779 1011 δὲ
1806 977 1962 1030 τρισυ

298 1055 503 1119 ἀθλιος
554 1051 645 1107 καὶ
705 1049 1130 1125 τρισκατάρατος
1189 1047 1278 1102 καὶ
1335 1051 1435 1102 τοῦ
1486 1051 1623 1101 Θεοῦ
1698 1045 1789 1102 καὶ
1854 1050 1963 1101 τῶν

230 1160 239 1163 ”
300 1143 611 1216 ἀνθρώπων
643 1136 911 1200 ἄσπονδος
950 1136 1173 1212 ἐχθρὸς,
1207 1135 1267 1191 ἐκ
1319 1137 1634 1210 σκαιοτέρου
1681 1135 1772 1190 καὶ
1831 1134 1961 1190 λαοο

296 1233 516 1290 πλάνου
581 1227 841 1303 δαίμονος
935 1225 1306 1305 ἐνηχούμενος
1376 1226 1467 1280 καὶ
1552 1223 1962 1301 ἐνεργούμενος,

297 1321 510 1383 παντὸς
533 1319 731 1394 ἀγαθοῦ
754 1317 846 1372 καὶ
876 1319 1119 1389 πονηροῦ
1175 1316 1265 1370 τὸν
1318 1315 1451 1370 Θεὸν
1514 1314 1688 1385 αἳτιον
1745 1312 1961 1386 τολμη-

300 1418 419 1489 ρῶς
476 1408 903 1486 ἀποφθέγγεται,
951 1405 1042 1460 καὶ
1124 1408 1227 1459 πᾶν
1281 1405 1416 1480 ’ὅπερ
1499 1401 1560 1459 ἄν
1619 1400 1822 1477 ἐπέλθῃ
1883 1408 1962 1476 τῷ

296 1499 602 1577 ἀνθρώπῳ,
660 1495 755 1552 κᾶν
811 1495 865 1566 ἐξ
923 1491 1181 1569 ἐπηρείας
1264 1498 1363 1548 τοῦ
1400 1572 1403 1575 _
1446 1495 1691 1567 πονηροῦ
1737 1491 1833 1548 κᾶν
1907 1491 1960 1566 ἐξ

297 1589 508 1651 οἰκείας
565 1585 829 1662 ῥᾳθυμίας
875 1584 971 1639 καὶ
1031 1580 1394 1658 ἀδιακρισίας,
1444 1588 1546 1652 τῆς
1597 1581 1740 1644 θείας
1800 1585 1962 1638 τοῦτο

293 1681 590 1755 τυγχάνειν
645 1675 909 1750 προνοίας
969 1673 997 1727 ὁ
1049 1671 1340 1746 ἀλιτήριος
1421 1669 1791 1749 ἀποφαίνεται.
1855 1673 1961 1725 Καὶ

295 1771 335 1825 ὁ
383 1769 476 1843 μὲν
530 1767 872 1842 περιφρονεῖν
919 1760 1163 1817 πλούτου
1226 1761 1317 1815 καὶ
1373 1762 1815 1839 ταπεινοφρονεῖν
1870 1757 1960 1813 καὶ

293 1859 395 1915 τὸν
424 1852 677 1927 ἐνήδονον
715 1852 830 1928 βίον
859 1849 1208 1915 ἀποσείεσθαι
1235 1849 1329 1906 καὶ
1359 1850 1436 1924 μὴ
1496 1847 1794 1904 ἀποδοῦναι
1860 1867 1958 1902 και

298 1949 402 2005 κὸν
459 1944 579 2001 ἀντὶ
636 1945 807 1998 κακοῦ
863 1939 1310 2017 παρακελεύεται,
1367 1939 1396 1993 ὁ
1454 1936 1512 1993 δὲ
1567 1937 1826 1993 πλουτεῖν
1865 1938 1956 1992 καὶ

307 2034 716 2114 ὑψηλοφρονεῖν
792 2030 885 2085 καὶ
957 2034 1128 2084 πᾶσαν
1229 2024 1431 2096 ἡδονὴν
1507 2027 1566 2082 ἐκ
1647 2026 1958 2103 περιουσίας

293 2126 625 2195 ἀσπάζεσθαι
672 2121 764 2177 καὶ
830 2120 1188 2189 ἀντεπεξιὲναι
1281 2114 1491 2193 σφόδρα
1569 2123 1688 2180 τοῖς
1744 2117 1950 2173 ἀντιπί.

294 2236 524 2272 πτουσιν
576 2213 650 2276 ὡς
705 2206 941 2285 ψυχικόν
1001 2210 1273 2280 σωτήριον
1336 2207 1427 2261 καὶ
1481 2211 1580 2262 τοῦ
1643 2204 1955 2280 παραδείσω

292 2306 581 2381 πρόξενον.
637 2299 798 2359 Ἀλλ’
857 2297 902 2353 ὤ
955 2304 1056 2369 τῆς
1106 2297 1360 2360 ἀπονοίας
1416 2297 1505 2351 καὶ
1575 2295 1954 2371 παραπληξίας

300 2395 394 2452 καὶ
453 2392 665 2472 χλεύης
724 2393 822 2444 τοῦ
873 2387 1076 2464 γόητος
1144 2387 1235 2442 καὶ
1282 2384 1654 2460 παλαμναίου,
1711 2386 1801 2440 καὶ
1857 2388 1954 2456 τῆς

305 2480 732 2560 παραφροσύνης
761 2477 851 2535 καὶ
904 2477 1182 2539 ἀπωλείας
1227 2480 1338 2531 τῶν
1388 2476 1515 2551 παρ’
1573 2474 1736 2530 αὐτοῦ
1767 2472 1956 2537 δεινῶς

301 2568 896 2649 ἐξανδραποδισθέντων
951 2567 1042 2623 καὶ
1111 2563 1277 2641 μέχρι
1333 2569 1425 2620 νῦν
1493 2566 1955 2640 παρασυρομὲνων

305 2662 400 2720 καὶ
435 2659 853 2733 άπατωμένωνί
915 2653 1055 2714 Οὐδὲ
1137 2655 1241 2732 γὰρ
1332 2657 1603 2709 συνιοῦσιν
1683 2655 1738 2707 οἱ
1821 2650 1955 2730 ἄγαν

311 2749 593 2826 μοχθηροὶ
641 2748 727 2803 καὶ
786 2742 1080 2823 θηριώδεις
1109 2745 1198 2800 καὶ
1259 2742 1384 2799 λίαν
1428 2741 1676 2798 ἀσύνετοι
1707 2742 1784 2804 εἷς
1843 2744 1960 2799 οἷον

304 2838 550 2918 χαλεπὸν
601 2837 736 2915 χάος
793 2835 886 2890 καὶ
946 2833 1249 2903 Σατανικήν
1298 2826 1574 2906 Χάρυϐδιν
1634 2831 1957 2887 κατεποντί-

313 2940 511 2998 σθησαν
539 2923 837 2981 καὶτὲλεον
880 2922 1278 2993 κατεπόθησαν,
1336 2921 1428 2976 καὶ
1495 2919 1573 2982 εἰς
1630 2922 1782 2981 οἳους
1820 2918 1961 2998 ἀφύ-

302 3039 469 3080 κτους
493 3017 585 3072 καὶ
632 3011 1037 3088 ἀδιεξοδεύτους
1096 3007 1460 3087 λαϐυρίνθυος
1512 3011 1605 3066 καὶ
1663 3006 1962 3075 δυσϐάτους

307 3104 584 3181 ἀτραποὺς
637 3104 726 3160 καὶ
786 3104 1180 3183 ψυχοφθόρους
1248 3100 1647 3180 φενακισθέντες
1710 3099 1960 3162 ἐλεεινῶς

304 3194 719 3267 ἐξεκυλίσθησαν
782 3193 875 3248 καὶ
933 3190 1328 3267 συνεσχέθησαν
1424 3188 1815 3267 ὑποφθαρέντες
1879 3188 1955 3249 εἷς

304 3284 490 3348 τέλος.
524 3283 617 3339 Διὸ
653 3281 745 3337 καὶ
784 3280 1074 3355 θαυμάζειν
1105 3279 1228 3335 λίαν
1256 3277 1429 3335 ἔπεισί
1487 3298 1583 3353 μοι
1629 3280 1728 3348 τὴν
1761 3279 1954 3332 τοσαύ-

302 3395 409 3446 την
436 3372 661 3450 ἀλογίαν
721 3370 812 3427 καὶ
869 3368 1215 3439 ἀναισθησίαν
1276 3366 1474 3435 αὐτῶν,
1537 3366 1732 3442 καίπερ
1773 3366 1958 3440 οἰομέ-

309 3485 423 3519 νων
463 3460 910 3539 ἐντρεχεστάτούς
954 3457 1175 3521 ἑαυτοὺς
1206 3460 1345 3514 εἶναι
1409 3457 1503 3512 καὶ
1560 3454 1961 3531 λογιωτάτους,

307 3556 434 3612 πῶς
464 3551 528 3606 ού
559 3553 879 3606 κατανοοῦσι
909 3555 1010 3619 τῆς
1041 3552 1198 3618 κενῆς
1256 3546 1467 3617 ἀπάτης
1518 3548 1604 3619 [Ρ.
1632 3549 1758 3618 425]
1788 3545 1963 3599 αὐτῶν

308 3641 406 3697 τὸν
456 3639 699 3696 δλισθον.
767 3635 918 3694 Ἔδει
971 3637 1097 3713 γάρ,
1152 3630 1261 3691 ἔδει
1317 3636 1445 3696 τοὺς
1505 3633 1676 3696 ὅντως
1731 3632 1968 3709 ἄφρονας

320 3730 417 3786 καὶ
450 3723 903 3805 βοσκηματώδεις
934 3724 1220 3802 ἐπιγνῶναι
1263 3725 1355 3779 τὸν
1404 3723 1529 3799 περὶ
1582 3725 1682 3792 τῆς
1738 3722 1967 3778 ἀναστά-

322 3837 461 3879 σεως
492 3817 666 3872 αὐτῶν
699 3813 981 3891 πρόδηλον
1037 3814 1128 3868 καὶ
1190 3813 1429 3888 μυσαρὸν
1490 3810 1720 3888 βρόχον,
1780 3807 1968 3885 ⁴ὅτιπερ

321 3904 415 3962 διὰ
457 3907 716 3981 βρώσεως
767 3905 856 3961 καὶ
918 3904 1130 3965 πόσεως
1184 3904 1241 3956 ἓν
1295 3901 1553 3974 μετουσίᾳ
1604 3901 1970 3976 τυγχάνοντες

318 3991 585 4070 ἄφθαρτοι
610 3990 852 4057 καθόλου
880 3990 971 4046 καὶ
1003 3990 1253 4046 ἀθάνατοι
1286 3987 1620 4063 διαμένουσι.
1665 3989 1768 4045 Καὶ
1839 3987 1973 4043 πότε

316 4085 413 4138 καὶ
510 4086 616 4136 ποῦ
705 4080 900 4136 λοιπὸν
985 4081 1084 4149 τὴν
1169 4075 1754 4154 άποκαραδοκουμένην
1828 4077 1974 4146 ζωὴν

318 4171 547 4227 αἰώνιον
602 4171 694 4226 καὶ
752 4170 1023 4245 ἀκήρατον
1066 4173 1184 4230 τοῖς
1239 4172 1451 4229 πιστοῖς
1508 4167 1645 4220 κατᾶ
1689 4165 1786 4228 τὰς
1832 4164 1975 4228 θείας

320 4261 541 4336 Γραφάς
574 4261 626 4314 οἱ
680 4259 862 4330 θνητοὶ
896 4258 987 4314 καὶ
1018 4261 1172 4333 ψυχῇ
1236 4258 1325 4312 καὶ
1384 4257 1601 4329 σώματι
1656 4254 1975 4324 τεύξονταις

324 4349 427 4403 Καὶ
457 4350 591 4424 πρὸς
634 4347 817 4421 τούτῳ
876 4345 1113 4402 ἵστωσαν
1173 4348 1225 4401 οἱ
1282 4344 1563 4421 ἀλόγιστοι
1618 4344 1708 4397 καὶ
1749 4340 1977 4405 τάλανες

324 4437 403 4500 ὡς
430 4435 646 4493 οὐδέπω
709 4436 876 4512 μέχρι
932 4437 1023 4491 καὶ
1061 4437 1304 4511 τήμερον
1353 4441 1455 4503 τῆς
1506 4433 1746 4495 παλαιᾶς
1799 4432 1976 4487 αὐτῶν

327 4523 617 4589 καὶάθέου
676 4524 898 4596 πλάνης
949 4523 1370 4598 ἀπηλλάγησαν,
1430 4519 1557 4577 ἀλλ’
1609 4521 1661 4577 ἐν
1720 4522 1980 4595 προσχή-

2068 602 2250 674 impia
2282 609 2339 658 et
2378 604 2615 661 rabiosa
2673 606 2835 661 illius
2885 606 3114 676 deliria,
3164 612 3221 661 et
3266 606 3568 678 exphicent
3615 606 3719 677 Qui

2066 707 2202 747 cum
2235 693 2417 748 sacris
2459 694 2714 750 oraculis
2770 712 2841 750 ea
2897 695 3266 751 conveniant.
3325 696 3471 752 Nam
3531 710 3715 752 sucum

2071 781 2301 836 Litterae
2334 781 2534 838 dicent
2568 784 2752 838 Deum
2801 784 3024 839 nullius
3078 801 3208 840 esse
3255 785 3399 841 mali
3447 801 3714 852 causam,

2068 870 2374 926 hominem
2399 888 2504 927 sua
2543 871 2847 928 voluntate
2892 873 3010 928 sibi
3068 872 3159 929 vel
3199 874 3452 929 salutem
3503 884 3715 946 parare

2068 960 2160 1014 vel
2183 960 2453 1015 exitium.
2476 964 2546 1015 At
2568 961 2940 1017 miserrimus
2966 962 3073 1017 ille
3104 963 3499 1034 omnibusque
3524 965 3718 1031 modis

2071 1041 2454 1105 deteStandus
2467 1057 2528 1105 et
2542 1050 2942 1122 implacabilis
2965 1051 3066 1106 Dei
3084 1051 3513 1123 hominumque
3529 1054 3719 1110 hostis

2068 1140 2499 1209 Mucbumetus,
2533 1157 2567 1195 a
2595 1141 2945 1211 pravissimo
2997 1146 3057 1196 et
3100 1141 3503 1197 multitudinis
3554 1143 3723 1198 deei~

2068 1227 2575 1299 piendao‘artiﬁce
2628 1230 2899 1287 daemone
2950 1229 3282 1300 inspiratus
3344 1232 3494 1286 ηε
3543 1237 3720 1302 atque

2069 1317 2344 1388 agitatus,
2376 1318 2570 1373 omnis
2602 1324 2661 1373 et
2690 1318 2831 1374 boni
2882 1323 2941 1374 et
2987 1318 3131 1374 mali
3176 1323 3482 1374 auctorem
3528 1320 3719 1376 Deum

2067 1405 2351 1461 audacter
2404 1408 2800 1479 pronuntiat;
2852 1414 3032 1479 atque
3078 1406 3304 1477 omnia,
3348 1424 3719 1481 quacunque

2072 1494 2299 1550 homini
2331 1497 2612 1552 eveniunt
2643 1497 2731 1552 vel
2761 1496 2981 1552 diaboli
3009 1496 3219 1553 fraude
3250 1496 3342 1552 vel
3378 1514 3487 1554 sua
3532 1498 3720 1569 ipsius

2070 1585 2340 1641 socordia
2380 1592 2557 1658 atque
2605 1587 3020 1659 imprudentis,
3071 1586 3286 1643 divina
3332 1588 3720 1660 providentia;

2065 1674 2241 1745 jussu
2273 1676 2503 1730 evenire
2534 1676 2825 1748 ﬂagitiose
2847 1677 3079 1732 asserit.
3112 1677 3346 1735 Emdem
3386 1692 3569 1734 seem
3599 1678 3722 1735 Lit-

2072 1767 2212 1819 terte
2245 1764 2604 1821 contendere
2652 1780 2817 1837 epes,
2851 1766 3111 1823 demisso
3143 1782 3270 1822 esse
3301 1767 3523 1838 animo,
3552 1767 3717 1823 volu-

1988 1875 2035 1940 Β
2068 1852 2321 1923 ptariam
2353 1854 2531 1909 vitam
2576 1855 2804 1928 iugere,
2855 1870 3049 1927 neque
3107 1871 3216 1927 pro
3274 1855 3429 1912 malo
3486 1857 3717 1913 malum

2066 1941 2317 1998 reddere
2366 1941 2601 2015 jubent.
2660 1944 2765 1999 Ille
2801 1944 3021 2000 divitiis
3068 1944 3328 2014 studere,
3379 1945 3710 2017 superbire,

2067 2031 2301 2086 abunde
2322 2048 2531 2087 omnes
2549 2038 2823 2103 expetere
2844 2034 3482 2107 voluptates,omnique
3494 2040 3710 2092 conatu

2064 2120 2270 2175 ulcisci
2296 2121 2661 2177 adversarios
2681 2124 2971 2194 praecipit,
3002 2124 3286 2181 salutaria
3315 2125 3441 2181 hac
3468 2125 3707 2194 animm,

2065 2212 2125 2263 et
2152 2209 2426 2287 paradiso
2458 2211 2779 2266 immittere
2810 2212 3050 2268 docens.
3076 2214 3127 2268 λΟ
3147 2212 3508 2269 dementiam
3529 2219 3709 2284 atque

2062 2299 2397 2354 vecordiam
2428 2305 2487 2356 et
2515 2300 2773 2357 ludibria
2814 2302 3218 2358 scelestissimi
3261 2304 3639 2375 impostorisl
3670 2320 3708 2358 ο

2065 2387 2378 2443 stultiliam
2409 2394 2587 2460 atque
2616 2390 2861 2445 exitium
2890 2399 3099 2446 eorum
3124 2407 3273 2462 quos
3303 2392 3404 2446 ille
3434 2392 3499 2446 in
3528 2392 3707 2446 mise-

2065 2493 2193 2533 ram
2215 2478 2559 2534 servitutem
2585 2480 2721 2552 egit,
2756 2485 2814 2534 et
2840 2482 2904 2535 in
2932 2481 3093 2536 hunc
3120 2498 3313 2553 usque
3342 2481 3500 2537 diem
3519 2497 3553 2538 α
3570 2492 3709 2537 vero

2067 2567 2308 2624 abducit
2335 2573 2511 2639 atque
2542 2568 2796 2641 decipit!
2828 2570 3031 2642 Neque
3061 2570 3222 2626 enim
3278 2570 3711 2643 perversissimi

2066 2657 2163 2712 isti
2187 2673 2255 2713 ac
2283 2657 2441 2713 bruti
2472 2663 2533 2714 et
2557 2658 2927 2715 stolidissimi
2958 2661 3232 2716 homines
3279 2661 3622 2733 intelligunt
3649 2659 3714 2715 in

2069 2760 2248 2818 quam
2277 2762 2452 2818 grave
2484 2748 2663 2803 chaos
2693 2764 2761 2803 ac
2791 2765 2968 2819 quam
2996 2750 3058 2804 in
3091 2750 3416 2807 satanicam
3452 2747 3715 2821 Charyb-

2068 2833 2171 2888 din
2202 2832 2460 2888 demersi
2493 2840 2669 2905 atque
2700 2835 2946 2890 omnino
2979 2835 3241 2908 absorpti
3273 2837 3412 2904 sint,
3444 2837 3506 2892 in
3537 2851 3717 2908 quam

2068 2922 2515 2995 inexplicabiles
2537 2928 2596 2978 et
2624 2923 2847 2979 exitum
2877 2924 3110 2979 nullum
3139 2925 3426 2981 habentes
3454 2925 3717 2996 labyrin-

2072 3015 2206 3069 thos
2236 3012 2631 3083 difﬁcilesque
2661 3017 2722 3067 et
2749 3013 2824 3068 ad
2869 3013 3116 3069 exitium
3165 3013 3380 3070 animm
3432 3014 3718 3071 ducentes

2072 3103 2251 3159 calles
2285 3118 2389 3172 per
2408 3100 2678 3156 fraudem
2698 3101 2924 3157 inducti
2948 3103 3284 3158 volutentur
3304 3104 3543 3172 misere,
3566 3107 3625 3158 et
3643 3104 3719 3160 ad

2073 3196 2400 3247 extremam
2421 3190 2749 3261 perniciem
2771 3190 3167 3248 detineantur.
3187 3194 3377 3264 Atque
3405 3192 3549 3248 mihi
3573 3206 3716 3249 sane

2067 3280 2227 3336 subit
2256 3280 2457 3335 mirari
2483 3284 2708 3335 tantam
2740 3295 2943 3335 eorum
2977 3281 3286 3336 stultitiam
3308 3287 3486 3353 atque
3516 3286 3718 3354 stupo-

2064 3382 2230 3438 rem;
2264 3368 2525 3439 quicum
2565 3385 2628 3424 se
2676 3368 3094 3425 callidissimos
3148 3386 3277 3427 esse
3327 3376 3505 3443 atque
3549 3371 3715 3444 inge-

2065 3458 2440 3514 niosissimos
2496 3462 2725 3529 putent,
2810 3457 3217 3515 lubricitatem
3293 3464 3496 3516 tamen
3555 3474 3717 3516 vane

2067 3548 2409 3619 imposturae
2466 3545 2629 3602 illius
2676 3560 2797 3602 non
2848 3548 3345 3604 animadvertunt.
3398 3548 3719 3622 Oportebat
3800 3622 3805 3625 Α

2071 3636 2228 3690 enim
2286 3635 2529 3690 omnino
2574 3636 2788 3691 stultos
2846 3652 2946 3691 eos
2996 3643 3055 3692 et
3095 3637 3392 3693 belluinos
3442 3638 3718 3694 homines

2070 3724 2284 3780 saltem
2316 3729 2583 3795 apertam
2612 3724 2779 3781 illam
2805 3730 2864 3780 et
2884 3726 3345 3781 abominandam
3362 3726 3434 3781 de
3460 3741 3721 3782 resurre-

2073 3814 2268 3868 ctione
2288 3812 2585 3867 fallaciam
2618 3814 2975 3885 perspicere,
3015 3814 3165 3870 744
3188 3830 3305 3885 qua
3334 3812 3565 3886 decepti
3595 3814 3723 3869 exi-

2072 3903 2320 3957 stimant
2349 3917 2410 3956 se
2441 3902 2716 3956 interitus
2744 3908 3047 3973 expertem
3080 3903 3260 3958 vitam
3280 3909 3456 3975 atque
3486 3903 3727 3958 immor-

2071 3992 2253 4047 talem
2286 3991 2440 4044 inter
2469 3990 2682 4061 pocula
2712 3997 2770 4045 et
2800 3991 3067 4047 convivia
3097 3996 3358 4050 acturos.
3390 3993 3495 4048 Ubi
3525 3999 3725 4048 autem

2075 4086 2133 4135 et
2164 4078 2401 4150 quando
2433 4080 2654 4134 aeterna
2684 4085 2743 4134 et
2777 4080 3128 4152 incorrupta
3158 4082 3292 4150 vita,
3333 4096 3511 4153 quam
3543 4082 3728 4138 sacris

2078 4168 2309 4223 Litteris
2341 4167 2692 4238 promissam
2724 4169 2805 4239 pii
2836 4175 2996 4224 certa
3026 4186 3129 4241 spe
3159 4177 3525 4242 exspectant,
3549 4172 3646 4226 isti
3668 4176 3729 4225 et

2078 4272 2321 4327 corpore
2382 4261 2438 4309 et
2494 4256 2696 4311 anima
2752 4257 3033 4312 mortales
3089 4258 3551 4329 adipiscentur?
3605 4259 3726 4314 Hoc

2079 4361 2315 4418 quoque
2350 4345 2497 4400 fatui
2530 4344 2618 4399 illi
2648 4351 2825 4417 atque
2855 4347 3057 4401 miseri
3089 4347 3298 4415 sciant,
3332 4348 3489 4420 quod
3521 4347 3727 4402 etiam-

2079 4451 2222 4490 num
2254 4440 2451 4489 vetere
2481 4449 2587 4489 suo
2619 4438 2677 4489 et
2705 4435 2886 4506 impio
2916 4451 3116 4490 errore
3138 4436 3369 4491 liberati
3402 4450 3523 4492 non
3563 4440 3723 4506 sunt,

2083 4523 2187 4579 sed
2219 4522 2327 4578 sub
2359 4522 2664 4595 religionis
2694 4528 2979 4594 prmtextu
3010 4524 3160 4581 falsa
3206 4524 3412 4582 colunt
3452 4526 3723 4598 numina,

329 4635 458 4690 ματι
491 4609 793 4679 θεοσεϐείας
846 4611 1313 4688 εἷδωλολατροῦσι
1368 4610 1708 4682 λεληθότως,
1739 4608 1828 4664 καὶ
1881 4609 1967 4665 τὸν

2083 4634 2151 4673 ac
2181 4617 2241 4671 in
2269 4632 2337 4671 ea
2366 4615 2633 4671 abditum
2664 4616 2951 4672 daemonis
2982 4618 3251 4675 omnium
3295 4620 3586 4676 malorum
3617 4626 3726 4676 au-

328 4701 766 4777 ἐγκεκρυμμένον
792 4705 862 4777 τῇ
894 4701 1152 4777 θρησκείᾳ
1206 4701 1381 4756 αὐτῶν
1438 4696 1601 4754 δόλον
1654 4702 1751 4753 τοῦ
1808 4697 1979 4776 ἀρχε-

331 4790 503 4845 κάκου
533 4787 798 4864 δαίμονος
832 4789 949 4847 οὐδ’
981 4790 1130 4853 ’ὀλως
1158 4791 1210 4846 οἱ
1249 4790 1569 4845 ἀνούστατοι
1597 4787 1689 4843 καὶ
1718 4785 1977 4858 ἀπόπλη-

335 4881 928 4955 κτοιὲπιγιινώσκουσι.
961 4878 1140 4936 Πάλαι
1201 4881 1296 4953 μὲν
1352 4878 1453 4954 γάρ
1512 4874 1982 4951 εἶδωλολατροῦνο

332 4986 421 5028 τες
477 4968 567 5021 καὶ
640 4968 708 5042 τῇ
773 4971 901 5043 παρ’
957 4967 1233 5040 Ἕλλησιν
1307 4964 1608 5043 Ἀφροδίτῃ
1691 4965 1980 5039 λεγομένῃ,

331 5054 583 5111 τουτέστι
630 5058 698 5131 τῇ
737 5055 934 5132 ἡδονῇ,
992 5060 1443 5135 προσκυνοῦντες,
1489 5056 1579 5110 καὶ
1638 5056 1733 5110 τὸν
1790 5054 1985 5130 ἀστέρα

331 5142 534 5214 ταύτης
590 5144 682 5199 τὸν
742 5146 1054 5224 Ἑωσφόρον
1113 5146 1247 5202 εἶναι
1313 5142 1741 5221 μυθολογοῦσιν,
1798 5142 1865 5213 ἤν
1916 5141 1983 5213 δὴ

328 5232 421 5288 καὶ
454 5227 676 5308 Κουϐἀρ
718 5239 787 5310 τῇ
847 5237 1050 5292 ἑαυτῶν
1106 5235 1441 5314 κακεμφάτῳ
1499 5230 1726 5309 γλώσσῃ
1791 5232 1988 5288 ἐπονο-

290 5318 621 5396 ’μάσαντες,
683 5322 816 5399 ὅπερ
876 5325 988 5380 ἐστὶ
1060 5324 1295 5401 μεγάλη,
1381 5320 1648 5395 διέμειναν
1704 5318 1809 5384 ἓως
1867 5321 1985 5394 ἄρτι

326 5411 425 5479 τὴν
458 5410 794 5486 Ἀφροδίτην
823 5413 945 5469 θεὸν
993 5412 1373 5486 ὀνομάζοντες.
1406 5413 1519 5469 Ἵνα
1569 5408 1626 5466 δὲ
1688 5412 1764 5483 μή
1820 5408 1988 5481 δόξω-

334 5501 431 5574 μέν
470 5520 578 5555 τισι
611 5500 999 5579 ψευδολογεῖν,
1062 5502 1467 5582 σαφηνίσωμεν,
1500 5501 1563 5554 τὸ
1616 5498 1753 5575 μέγα
1810 5500 1988 5556 αὐτῶν

338 5590 662 5664 μυστήριον.
697 5594 861 5665 Ἔχει
884 5589 944 5645 δὲ
972 5592 1006 5660 ἡ
1041 5590 1184 5662 λέξις
1234 5596 1333 5662 τῆς
1393 5593 1631 5664 μυσαρᾶς
1667 5587 1842 5644 αὐτῶν
1900 5591 1991 5645 καὶ

339 5674 714 5753 παμϐεὸήλου
756 5686 1073 5756 προσευχῆς
1104 5677 1296 5744 οὕτως.
1356 5677 1557 5747 ’Δλλᾶ,
1609 5676 1810 5752 ’Δλλᾶ,
1877 5681 1992 5739 Οὐὰ

2086 4706 2267 4762 ctoris
2297 4705 2496 4760 dolum
2530 4723 2650 4777 prm
2682 4706 2870 4761 nimia
2899 4706 3200 4764 dementia
3219 4725 3287 4765 ac
3308 4714 3547 4782 stupore
3560 4709 3728 4765 nullo

2089 4795 2263 4851 modo
2301 4794 2800 4852 animadvertunt.
2832 4795 2977 4851 Cum
3009 4798 3167 4852 enim
3206 4799 3535 4870 antiquitus
3580 4798 3734 4854 falsa

2090 4884 2495 4956 superstitiose
2528 4884 2752 4939 seducti
2792 4885 3073 4941 Venerem
3123 4887 3477 4954 Graecorum,
3533 4887 3594 4941 id
3643 4891 3734 4942 est

2088 4973 2468 5045 voluptatem,
2488 4973 2704 5028 divinis
2726 4972 3054 5030 honoribus
3068 4975 3733 5047 coluerint,stellamque

2093 5064 2222 5136 ejus
2256 5062 2585 5118 Luciferum
2619 5076 2749 5118 esse
2780 5063 3027 5120 fabulati
3081 5066 3222 5135 sint,
3275 5082 3453 5136 quam
3502 5066 3681 5121 etiam
3704 5084 3740 5122 a

2094 5150 2506 5223 magnitudine
2548 5150 2743 5207 Kubar
2774 5168 2881 5208 sua
2920 5153 3121 5224 inepta
3167 5153 3371 5226 lingua
3415 5152 3744 5226 appellave-

2099 5246 2258 5306 runt,
2291 5241 2353 5294 in
2413 5240 2571 5293 hunc
2626 5257 2816 5309 usque
2877 5240 3032 5296 diem
3090 5242 3303 5297 Veneri
3356 5258 3573 5298 nomen
3642 5243 3747 5300 Dei

2099 5330 2386 5384 tribuunt.
2412 5328 2576 5393 Quod
2605 5345 2678 5384 ne
2698 5329 2791 5383 cui
2822 5328 3128 5385 videamur
3147 5332 3390 5405 fingere,
3425 5331 3746 5406 explicabi-

2100 5434 2232 5473 mus
2264 5432 2542 5488 magnum
2577 5434 2782 5473 eorum
2816 5418 3189 5491 mysterium.
3231 5422 3421 5477 Verba
3477 5420 3751 5479 obscena)

2100 5523 2303 5563 eorum
2329 5513 2388 5561 et
2409 5506 2841 5577 profanissimm
2864 5510 3222 5580 precationis
3253 5511 3379 5567 haec
3410 5518 3547 5568 sunt
3571 5529 3584 5568 :
3619 5511 3754 5569 Alla

2103 5596 2234 5652 Alla
2263 5596 2346 5650 Ua
2376 5595 2574 5650 Kubar
2604 5596 2754 5652 Alla.
2789 5597 2923 5653 Alla
2949 5598 3101 5669 Alla,
3127 5600 3174 5654 si
3207 5599 3638 5674 interpreteris,
3660 5606 3753 5657 est

2104 5686 2240 5741 Deus
2272 5687 2428 5742 Deus.
2467 5684 2549 5740 Ua
2578 5687 2777 5756 major.
2829 5684 3027 5742 Kubar
3076 5703 3300 5759 magna,
3350 5690 3469 5746 sive
3513 5690 3649 5746 luna
3692 5693 3754 5744 et
