4052 6316
485 335 604 395 815
1808 322 2126 387 GEORGII
2170 321 2512 385 CEDRENI

497 470 696 527 Venus.
722 470 808 523 Ita
835 481 973 536 ergo
1003 463 1219 520 habet:
1252 463 1404 519 Deus
1420 462 1576 518 Deus
1598 459 1791 531 major
1820 463 1878 513 et
1905 473 2116 527 magna

2258 449 2473 531 Κουϐἀρ
2523 453 2720 516 Ἀλλᾶ.
2801 456 2904 514 Καὶ
2959 459 3023 514 τὸ
3080 460 3176 532 μὲν
3232 457 3410 518 Ἀλλᾶ
3459 460 3828 536 ἑρμηνεύεται
3892 461 3920 515 6

489 558 773 615 nimirum
807 556 1000 609 Venus
1060 555 1253 608 Deus:
1314 560 1494 622 atque
1551 551 1664 605 hoc
1717 548 1851 603 Alla
1907 547 1970 601 in
2029 547 2108 601 fin

2257 545 2388 607 Θεὸς
2423 546 2450 600 6
2481 546 2637 616 Θεὸς,
2666 547 2730 602 τὸ
2771 544 2828 601 δὲ
2855 547 2969 604 0ύά
3002 554 3206 620 μεῖζον,
3235 550 3298 605 τὸ
3346 548 3404 605 δὲ
3429 546 3651 623 Κουϐὰρ
3687 548 3918 627 μεγάλη

488 647 786 719 adjectum
820 643 1046 699 indicat
1074 660 1088 710 ;
1122 660 1255 713 quea
1285 641 1489 696 omnia
1517 639 1878 712 proprietate
1907 636 1999 692 sui
2028 652 2116 690 ser

2252 634 2379 703 ἤτοι
2413 633 2615 705 σελήνη
2647 634 2738 690 καὶ
2784 635 3104 713 Ἀφροδίτη.
3169 640 3345 715 Ὅπερ
3401 637 3542 694 ἐστὶν
3581 637 3790 701 οὕτως’
3858 640 3919 696 Ὀ
3994 636 3995 641 “

487 736 682 792 monis
713 733 1008 789 occultata
1053 730 1467 803 pronuntiant.
1521 728 1633 783 Sed
1682 726 1869 781 oratio
1916 730 2116 779 nostra

2253 724 2384 785 Θεὸς
2415 724 2443 777 6
2474 724 2605 788 Θεὸς
2638 726 2841 797 μείζων
2871 726 2961 780 καὶ
2987 729 3023 797 ἡ
3060 728 3297 804 μεγάΛη,
3331 727 3430 784 εἴτ’
3450 730 3543 784 οὗν
3578 726 3916 808 ’Δφροδίτη,
3996 724 3997 781 Ῑ

3788 330 3916 389 816
3992 330 3993 375 ί

3990 247 3993 367 ί

487 826 700 881 missos
724 824 949 878 faciens
970 821 1253 893 porcinos
1270 820 1414 874 istos
1445 824 1504 875 et
1525 817 1823 872 belluinos
1846 813 2139 879 homines,

488 916 588 987 qui
619 921 836 987 praeter
874 913 1235 984 voluptatem
1289 916 1348 965 et
1393 909 1580 965 otium
1627 906 1776 961 nihil
1825 906 2023 960 sciunt
2074 920 2143 958 ac

488 1004 617 1059 sine
650 1018 831 1059 sensu
862 1000 1153 1064 laborant,
1186 997 1449 1053 historia;
1482 996 1780 1065 reliquum
1814 996 2101 1065 pertexat.

2251 812 2404 874 Θεός.
2441 814 2539 867 Καὶ
2571 817 2735 870 τοῦτο
2766 816 3051 894 σαφηνίζει
3075 818 3111 887 ἠ
3171 816 3432 892 έπαγωγή
3458 822 3555 873 τοῦ
3584 816 3917 873 τελευταίου

2252 899 2444 957 Ἀλλᾶ.
2478 903 2655 978 ’Δπερ
2683 904 2892 959 ’ἅπαντα
2923 905 3403 981 έπικεκρυμμένως
3433 911 3502 981 τῇ
3535 905 3780 977 ἰδιότητι
3815 915 3916 977 τῆς

2251 990 2451 1045 ἑαυτῶν
2481 990 2737 1067 γλώττης
2771 992 3055 1051 λαλοῦσιν.
3096 994 3275 1053 Ἀλλὰ
3303 997 3430 1058 τοὺς
3464 998 3561 1069 μὲν
3601 994 3917 1073 χοιρώδεις

484 1090 575 1147 καὶ
603 1085 978 1162 τελματώδεις
1007 1086 1098 1141 καὶ
1132 1083 1301 1157 μηδὲν
1332 1081 1501 1139 πλέον
1529 1089 1626 1152 τῆς
1655 1078 1861 1151 ἡδονῆς
1890 1079 1981 1134 καὶ
2013 1077 2293 1154 ῥᾳστώνης
2327 1075 2535 1143 εἰδότας
2564 1080 2832 1158 ἀφέμενος
2870 1083 2899 1138 6
2931 1081 3117 1160 λόγος,
3148 1086 3223 1147 ὡς
3255 1084 3660 1155 ἀνεπαισθήτως
3687 1089 3920 1140 vocron
3998 1078 3999 1141 Ϊ

484 1198 602 1248 τας,
628 1177 767 1247 πρὸς
796 1177 864 1231 τὰ
895 1175 1017 1247 ἑξῆς
1045 1180 1146 1243 τῆς
1175 1170 1414 1247 ἱστορίας
1447 1169 1723 1248 χωρείτω.

562 1266 713 1323 745
743 1268 1063 1336 Postquam
1094 1263 1502 1318 Muchumetus
1534 1260 1637 1314 ille
1668 1258 1833 1313 dirus
1885 1262 2141 1313 mortem

2324 1258 2474 1314 Μετὰ
2504 1254 2563 1313 δέ
2591 1280 2653 1336 γε
2680 1261 2773 1315 τὸν
2796 1261 3022 1317 θάνατον
3066 1266 3165 1317 τοῦ
3223 1260 3493 1333 θεηλάτου
3558 1263 3913 1338 Μουχούμετ
4000 1258 4001 1269 “

489 1356 655 1423 obiit,
684 1355 884 1410 media
906 1353 1001 1408 die
1047 1353 1203 1407 visus
1257 1357 1347 1406 est
1395 1355 1644 1416 cometa,
1686 1363 1863 1419 quem
1893 1362 1928 1401 a
1958 1345 2116 1400 trahi:

2250 1345 2417 1425 ἐφάνη
2449 1349 2585 1404 κατὰ
2617 1346 2962 1426 μεσημϐρίαν
2992 1351 3168 1428 ἀστὴρ
3204 1353 3233 1407 6
3295 1353 3589 1427 λεγόμενος
3646 1354 3910 1425 Δοκίτης,

487 1446 681 1501 forma
709 1445 893 1500 Graeci
929 1442 1173 1497 Dociten
1205 1440 1541 1506 nominant,
1576 1438 1828 1493 Arabum
1862 1451 2116 1507 premunt

2246 1437 2583 1510 προμηνύων
2613 1440 2711 1509 τὴν
2739 1444 2847 1495 τῶν
2881 1435 3127 1515 ’Δράϐων
3159 1440 3527 1515 ἐπικράτειαν.
3583 1444 3820 1517 Ἔμεινε
3854 1440 3913 1498 δὲ

488 1536 642 1590 tians
665 1533 1007 1605 imperium.
1036 1532 1278 1587 Duravit
1297 1531 1424 1585 dies
1449 1528 1708 1600 triginta,
1732 1544 1767 1582 a
1788 1526 2037 1581 meridie
2063 1540 2116 1579 a<

2246 1523 2334 1578 ἐπὶ
2364 1526 2573 1598 ⁴ἡμέρας
2602 1528 2909 1602 τριάκοντα,
2942 1525 3223 1585 διατείνων
3275 1531 3379 1586 ἀπὸ
3414 1526 3769 1606 μεσημϐρίας
3804 1529 3910 1594 ἕως

487 1624 958 1695 septentrionem
991 1622 1355 1694 pertingens.
1386 1609 1601 1673 Habuit
1628 1616 1805 1688 gladii
1861 1615 2113 1670 formam

2245 1611 2467 1688 ἄρκτου.
2500 1616 2602 1671 ἸΙν
2634 1614 3000 1696 δὶξιφοειδής.

555 1716 723 1768 Anno
763 1711 1043 1785 vigesimo
1077 1715 1288 1781 quarto
1320 1708 1573 1763 moritur
1595 1705 1971 1771 Abubachar,
2002 1720 2116 1757 cun

2313 1707 2407 1774 Τῷ
2448 1701 2532 1759 κδ’
2561 1703 2666 1759 ἔτει
2724 1701 3078 1783 Ἀϐουϐάχαρ
3119 1707 3366 1779 τελευτᾷ,
3423 1709 3743 1785 ἀμηρεύσας
3808 1707 3907 1782 ἔτη

488 1818 721 1858 ameras
751 1801 836 1873 (id
862 1799 1097 1871 imperii
1128 1814 1349 1854 nomen
1380 1798 1490 1869 est)
1532 1796 1745 1851 fuisset
1773 1810 1963 1849 annos
1993 1792 2116 1847 duo:

2248 1789 2344 1846 δύο
2372 1794 2570 1877 ἥμισυ,
2605 1795 2695 1850 καὶ
2728 1796 2834 1850 ἀντ’
2895 1796 3059 1851 αὐτοῦ
3112 1804 3302 1874 κρατεῖ
3329 1796 3603 1875 Οὕμαρος,
3663 1801 3729 1861 ὃς
3758 1821 3906 1877 παρ-

486 1909 533 1946 s.
567 1890 841 1945 Succedit
870 1891 921 1944 ei
956 1889 1226 1943 Umarus.
1257 1887 1359 1941 Hic
1383 1887 1648 1940 Bostram
1673 1883 1936 1953 aliasque
1967 1880 2113 1935 urbe

2252 1876 2416 1937 έλαϐε
2456 1882 2695 1958 Βόστραν
2748 1885 2848 1953 τήν
2905 1883 3070 1940 πόλιν
3130 1888 3219 1942 καὶ
3275 1884 3452 1950 ἄλλας
3518 1887 3762 1957 πολλὰς,
3813 1876 3903 1946 καί

481 1981 641 2051 cepit
669 1984 729 2035 et
758 1994 946 2051 usque
977 1978 1050 2033 ad
1086 1977 1395 2032 Gabitham
1438 1990 1784 2047 progressus
1836 1976 1928 2027 est
1996 1971 2116 2025 Cun

2246 1973 2386 2043 ἦλθε
2417 1975 2582 2051 μέχρι
2611 1982 2709 2032 τοῦ
2737 1972 2957 2036 Γαϐιθᾶ.
2992 1979 3189 2051 Τούτῳ
3247 1975 3546 2052 συμϐαλὼν
3606 1978 3902 2055 Θεόδωρος

481 2070 593 2125 hoc
638 2068 844 2141 prmlio
892 2067 1213 2123 commisso
1257 2064 1601 2120 Theodorus
1656 2060 1910 2117 Heraclii
1958 2060 2116 2114 frate:

2248 2065 2400 2119 ὁτοῦ
2454 2065 2780 2137 Ἡρακλείου
2863 2063 3096 2144 ἀδελφὸς
3151 2067 3242 2122 καὶ
3299 2069 3556 2139 ἡττηθεὶς
3606 2070 3749 2145 πρὸς
3812 2071 3903 2126 τὸν

479 2159 668 2213 victus
688 2156 763 2214 ad
782 2158 1202 2227 imperatorem
1229 2154 1463 2208 Edessa:
1496 2159 1619 2207 tum
1652 2155 1923 2222 agentem
1954 2147 2134 2202 venit.

477 2249 807 2320 Imperator
821 2246 1009 2318 copiis
1036 2247 1298 2300 Boanem
1329 2244 1459 2315 ejus
1491 2243 1617 2298 loco
1649 2240 1916 2311 praeﬁcit.
1950 2239 2136 2292 Theo-

477 2339 689 2394 dorum
721 2352 896 2408 porro
928 2334 1307 2390 sacellarium
1352 2349 1488 2389 cum
1548 2330 1810 2386 exercitu
1864 2331 2129 2383 Romano

472 2426 753 2482 adversus
781 2423 1004 2479 Arabes
1031 2422 1233 2477 mittit.
1267 2422 1354 2486 Ei,
1406 2436 1543 2475 cum
1590 2419 1665 2473 ad
1715 2418 1988 2474 Emesam
2037 2432 2134 2471 ve-

477 2516 688 2582 nisset,
718 2514 977 2569 occurrit
1005 2528 1236 2567 ameras
1266 2528 1400 2565 cum
1429 2508 1813 2565 multitudine
1859 2508 2129 2562 Sarrace-

473 2620 722 2671 norum,
748 2607 1060 2672 castraque
1092 2600 1250 2655 locat
1295 2599 1369 2655 ad
1414 2598 1821 2655 Bardanisium
1858 2595 2127 2650 ﬂuvium.

475 2694 677 2763 Itaque
697 2692 1021 2762 Heraclius,
1044 2691 1223 2746 rebus
1244 2690 1595 2761 desperatis,
1619 2688 1848 2760 Syriam
1866 2687 2090 2743 deserit
2111 2703 2125 2740 :

451 2782 843 2854 sublatisque
899 2780 1321 2851 Hierosolymis
1400 2777 1837 2834 venerabilibus
1924 2776 2122 2849 lignis,

474 2871 1031 2942 Constantinopolin
1061 2869 1188 2925 abit
1240 2870 1495 2924 Boanem
1527 2874 1725 2923 autem
1775 2883 1811 2922 a
1840 2868 2123 2921 Damasco

478 2963 752 3017 Emesam
784 2960 1075 3016 divertere
1098 2958 1292 3031 jubet,
1343 2964 1403 3012 et
1446 2956 1817 3013 Theodorum
1875 2954 2124 3011 sacella-

479 3051 636 3107 rium
666 3066 803 3106 cum
835 3050 1096 3105 exercitu
1117 3047 1511 3119 quadraginta
1528 3045 1878 3101 millium.Hi
1898 3044 2122 3100 Arabes

471 3140 544 3196 ab
573 3140 786 3195 Emesa
817 3139 1169 3195 Damascum
1200 3152 1388 3208 usque
1419 3139 1878 3206 persequuntur.

539 3232 712 3284 Anno
761 3226 1044 3298 vigesimo
1104 3226 1312 3297 quinto
1375 3224 1683 3280 Sarraceni
1735 3222 2121 3278 multitudine

467 3317 734 3372 Arabum
766 3314 967 3386 stipati
996 3314 1226 3369 bellum
1271 3314 1558 3381 inferunt,
1607 3312 1878 3383 factaque
1927 3328 2124 3383 pugna

466 3408 768 3461 Romanos
800 3402 1060 3458 vincunt.
1091 3404 1276 3456 Porro
1307 3402 1529 3457 milites
1566 3402 1778 3457 Baanis
1827 3400 2119 3456 seditione

469 3498 651 3563 mota,
686 3491 955 3549 Heraclio
1014 3491 1330 3562 imperium
1386 3490 1691 3561 abrogant,
1741 3490 2118 3559 Baanemque

466 3583 888 3654 imperatorem
946 3580 1281 3653 designant.
1331 3579 1574 3634 Interim
1628 3577 1935 3634 sacellario
1984 3594 2119 3632 cum

467 3673 589 3729 suis
618 3671 957 3740 recedente,
992 3669 1298 3726 Sarraceni
1327 3668 1629 3724 licentiam
1660 3668 1839 3737 nacti,
1890 3668 2117 3723 bellum

436 3804 439 3805 ν
464 3758 643 3815 Baani
677 3759 826 3814 746
848 3758 1091 3828 faciunt,
1112 3772 1367 3827 eumque
1389 3756 1651 3811 vincunt.
1676 3757 1819 3810 Nam
1843 3754 2111 3823 Romani,

465 3864 600 3904 cum
631 3848 949 3904 vehemens
1009 3852 1210 3903 auster
1252 3846 1323 3900 iis
1372 3850 1527 3903 esset
1574 3843 1877 3908 adversus,
1926 3844 2010 3898 ita
2049 3847 2117 3898 ut

469 3953 589 4007 praa
603 3936 986 3992 multitudine
1010 3935 1268 4008 pulveris
1291 3935 1491 3989 hostes
1513 3949 1756 3987 cernere
1778 3932 2114 4002 nequirent,

467 4042 685 4097 magna
722 4042 855 4082 cum
896 4025 1063 4081 clade
1094 4025 1233 4092 fusi,
1270 4040 1332 4079 se
1364 4023 1526 4094 ipsos
1558 4024 1618 4076 in
1647 4022 1784 4093 fuga
1822 4023 1883 4076 in
1920 4022 2114 4077 amnis

459 4114 863 4171 Jermochthaa
894 4115 1200 4185 angustias
1236 4112 1722 4184 praecipitarunt;
1776 4117 1953 4182 atque
2002 4112 2114 4166 hoc

464 4204 644 4260 modo
676 4203 780 4260 illa
817 4203 1207 4276 quadraginta
1237 4201 1423 4257 millia
1455 4200 1777 4273 perierunt.
1805 4201 2111 4255 Sarraceni

460 4298 661 4349 autem
691 4293 979 4349 Damasco
1009 4293 1256 4363 insuper
1280 4290 1451 4362 potiti
1491 4294 1630 4344 sunt
1659 4306 1727 4344 ac
1785 4290 2108 4357 Phoenicia,

432 4382 661 4454 ibique
705 4382 973 4438 habitare
1027 4385 1350 4452 coeperunt.
1402 4380 1468 4433 In
1520 4381 1827 4451 Aigyptum
1873 4394 2109 4449 quoque

2248 2152 2476 2227 βασιλέα
2506 2152 2727 2230 ἔρχεται
2776 2154 2827 2209 έν
2889 2151 3102 2230 Ἐδέσῃ.
3136 2157 3197 2212 Ὀ
3244 2153 3303 2210 δὲ
3350 2155 3606 2232 βασιλεὺς
3665 2177 3908 2233 προχει-

2242 2243 2446 2318 ρίζεται
2482 2240 2665 2319 ἕτερον
2706 2245 3011 2323 στρατηγὸν
3071 2252 3301 2317 Βοάνην,
3361 2247 3452 2302 τόν
3513 2246 3572 2301 δὲ
3628 2247 3908 2304 σακελλά-

2241 2352 2356 2406 ριον
2437 2331 2726 2409 Θεόδωρον
2786 2334 2919 2407 μετὰ
2975 2336 3299 2409 Ῥωμαϊκῆς
3354 2333 3641 2409 δυνάμεως
3696 2337 3905 2412 πέμπει

2237 2422 2374 2477 κατὰ
2405 2418 2674 2497 ’Δράϐων.
2722 2423 3171 2499 Παραγενόμενος
3231 2421 3287 2478 δὲ
3344 2423 3423 2486 είς
3477 2427 3719 2498 Ἔμεσαν
3776 2447 3899 2482 συν-

2236 2514 2367 2581 αντᾷ
2421 2508 2637 2581 πλῆθος
2698 2517 3021 2586 Σαρακηνῶν
3095 2513 3185 2568 καὶ
3240 2512 3331 2567 τὸν
3417 2513 3638 2589 ἀμηρᾶς
3689 2515 3893 2586 αὐτῶν,

2234 2600 2324 2655 καὶ
2355 2600 2432 2665 είς
2459 2602 2549 2656 τὸν
2583 2604 2668 2674 [Ρ.
2700 2603 2828 2674 426]
2890 2600 3246 2678 Βαρδανίσιον
3298 2603 3549 2677 ποταμὸν
3599 2625 3889 2683 παραφοσ-

2236 2688 2465 2745 σατεύει.
2523 2690 2844 2765 Ἡράκλειος
2886 2689 2943 2746 δὲ
2991 2690 3292 2754 ἀπελπίσας
3337 2691 3741 2765 καταλιμπάνει
3786 2697 3884 2765 τήν

2235 2778 2457 2852 Συρίαν,
2487 2779 2576 2834 καὶ
2602 2778 2735 2853 ἄρας
2766 2780 2834 2835 τὰ
2851 2779 3010 2853 τίμια
3039 2780 3176 2854 ξύλα
3202 2781 3310 2836 ἀπὸ
3356 2780 3759 2857 Ἰεροσολύμων
3790 2783 3877 2839 ἐπὶ

2231 2867 2802 2925 Κωνσταντινούπολιν
2833 2869 3017 2944 ἀπῄει.
3052 2871 3263 2941 Βοάνην
3322 2867 3380 2924 δὲ
3426 2869 3535 2925 ἀπὸ
3592 2876 3869 2943 Δαμασκοῦ

2230 2957 2306 3019 είς
2334 2960 2571 3031 Ἕμεσαν
2601 2958 2836 3036 στρέφει,
2869 2959 2958 3014 καὶ
2991 2957 3270 3033 Θεόδωρον
3294 2958 3643 3036 σακελλάριον
3666 2954 3853 3034 ἔχοντα

2229 3046 2453 3118 στρατὸν
2486 3044 2746 3121 χιλιάδας
2784 3054 2854 3120 μ’.
2889 3048 2986 3101 Καὶ
3019 3045 3278 3103 διώκουσι
3305 3048 3435 3110 τοὺς
3483 3043 3723 3123 ’Ἄραϐας
3761 3048 3865 3103 ἀπὸ

2151 3149 2194 3214 C
2235 3137 2473 3210 Ἐμέσης
2489 3133 2594 3198 ἕως
2627 3140 2933 3210 Δαμασκοῦ.

2302 3229 2394 3297 Τῷ
2432 3225 2506 3280 κε’
2559 3220 2669 3280 ἔτει
2718 3223 3188 3302 έπιστρατεύουσιν
3247 3227 3297 3281 οἱ
3367 3227 3682 3302 Σαρακηνοὶ
3745 3226 3877 3300 μετά

2225 3311 2477 3382 πλήθους
2506 3307 2776 3387 ’Λράϐων,
2832 3314 2925 3368 καὶ
2983 3309 3272 3386 συμϐολῆς
3310 3313 3612 3391 γενομένης
3666 3316 3882 3384 ἡττῶν-

2222 3422 2310 3456 ται
2340 3405 2630 3474 Ῥωμαῖοι.
2663 3404 3053 3464 Στασιάσαντες
3078 3400 3135 3458 δὲ
3192 3405 3243 3458 οἱ
3297 3403 3422 3477 περὶ
3461 3403 3678 3474 Βαάνην
3715 3404 3885 3480 Ἠρά-

2222 3490 2406 3545 κλειον
2480 3490 2919 3565 ἀποκηρύττουσι
2998 3491 3087 3547 καὶ
3172 3493 3383 3563 Βαάνην
3450 3491 3881 3568 ἀναγορεύουσιν

2226 3577 2475 3651 βασιλέα.
2508 3580 2598 3636 Ἐν
2618 3580 2833 3643 τούτοις
2868 3580 3252 3655 ὑποχωροῦσιν
3285 3581 3338 3634 οἱ
3371 3580 3494 3655 περὶ
3523 3580 3617 3635 τὸν
3676 3580 3883 3636 σακελ-

2223 3663 2433 3741 λάριον,
2491 3667 2581 3722 καὶ
2649 3668 2700 3721 οἱ
2757 3669 3058 3743 Σαρακηνοὶ
3114 3669 3363 3743 εὑρόντες
3410 3665 3590 3723 ἂδειαν
3625 3664 3880 3743 συμϐάλ-

2222 3754 2380 3811 λουσι
2451 3757 2582 3830 μετά
2639 3758 2879 3819 Βαάνους
2936 3757 3185 3831 πόλεμον
3240 3759 3328 3813 καὶ
3391 3760 3629 3827 ἡττῶσιν
3691 3758 3876 3814 αὐτόν·

2219 3844 2418 3918 ἀνέμου
2500 3846 2604 3920 γὰρ
2651 3846 2973 3908 πνεύσαντος
3056 3846 3245 3921 βιαίου
3321 3846 3481 3901 νότου
3550 3850 3691 3902 κατά
3737 3850 3874 3903 Ῥω-

2223 3933 2538 4008 μαίων,καὶ
2610 3936 2685 4007 μὴ
2738 3932 3048 4008 δυναμένων
3079 3937 3207 3997 τοὺς
3270 3935 3503 4011 ἐχθροὺς
3548 3936 3873 4007 ἀντωπῆσαι

2221 4021 2307 4078 διὰ
2346 4025 2437 4078 τὸν
2497 4021 2673 4078 πολὺν
2753 4025 3059 4101 κονιορτὸν,
3144 4023 3333 4088 δεινῶς
3412 4024 3727 4101 τρέπονται,
3777 4027 3872 4081 καὶ

2218 4113 2501 4187 ῥίπτοντες
2532 4112 2757 4177 ἑαυτοὺς
2795 4114 2871 4176 εἰς
2916 4114 3046 4178 τοὺς
3104 4115 3411 4178 στενωποὺς
3460 4118 3558 4170 τοῦ
3614 4119 3872 4188 ποταμοῦ

2219 4203 2554 4276 Ἰερμοχηθᾶ
2611 4199 2978 4279 διεφθάρησαν
3036 4205 3090 4257 αἱ
3137 4202 3539 4278 τεσσαράκοντά
3597 4202 3872 4278 χιλιάδες.

2218 4285 2531 4365 ΙΙαρέλαϐον
2564 4288 2622 4345 δὲ
2650 4291 2740 4346 καὶ
2765 4292 2864 4360 τὴν
2898 4292 3180 4364 Δαμασκὸν
3207 4293 3298 4347 καὶ
3366 4293 3465 4355 τὰς
3524 4293 3715 4368 χώρας
3771 4300 3874 4362 τῆς

2215 4379 2495 4451 Φοινίκης,
2524 4381 2617 4435 καὶ
2648 4379 2943 4450 οἰκίζονται
2976 4379 3106 4437 ἐκεῖ.
3142 4381 3277 4437 Εἶτα
3336 4380 3722 4456 στρατεύονται
3750 4394 3869 4437 κατ’

458 4472 615 4528 facta
636 4471 1033 4543 expeditione,
1065 4486 1192 4526 eam
1225 4473 1680 4539 occupaverunt,
1712 4467 1912 4537 ibique
1938 4467 2110 4524 sedes

2230 4467 2523 4543 Αἰγύπτου,
2582 4468 2671 4523 καὶ
2723 4463 2979 4530 λαϐόντες
3032 4469 3123 4523 καὶ
3181 4469 3349 4538 αὐτὴν
3424 4473 3770 4525 κατοικοῦσιν
3822 4469 3870 4524 έν

456 4575 729 4630 posuere.

532 4650 702 4702 Anno
752 4646 1034 4718 vigesimo
1094 4651 1258 4701 sexto
1311 4647 1582 4711 Umarus,
1634 4644 1695 4698 in
1745 4644 2119 4699 Palaestinam

461 4752 595 4790 cum
620 4735 835 4793 infesto
863 4735 1124 4791 exercitu
1148 4736 1498 4807 ingressus,‘~
1505 4749 1731 4788 sacram
1754 4732 1959 4787 urbem
1993 4751 2122 4788 cer-

458 4823 535 4880 tis
565 4823 1009 4881 conditionibus
1052 4824 1113 4879 in
1162 4829 1517 4895 potestatem
1570 4821 1819 4892 accepit,
1869 4822 2119 4893 Sophro-

456 4914 555 4970 nio
587 4919 712 4970 tum
744 4912 1096 4986 patriarchas
1129 4927 1377 4967 munere
1410 4911 1712 4980 fungente.
1772 4911 1842 4963 Ut
1873 4910 1933 4964 in
1984 4928 2115 4966 eam

458 5003 744 5076 pervenit,
780 5008 1004 5058 vestem
1054 5017 1126 5056 ex
1179 4999 1547 5055 camelorum
1591 4998 1730 5070 pilis
1778 5005 2113 5056 contextam

448 5093 694 5149 indutus
723 5098 903 5163 atque
930 5089 1289 5157 sordidatus,
1317 5089 1761 5157 satanicamque
1786 5088 2111 5143 simulatio-

446 5199 584 5238 nem
608 5182 920 5245 adhibens,
958 5178 1243 5250 templum
1257 5177 1593 5234 Iudaeorum
1615 5194 1651 5232 a
1671 5176 1985 5233 Solomone
2006 5194 2076 5233 ex

444 5277 736 5326 structum
760 5270 1050 5342 quaesivit,
1077 5273 1143 5323 ut
1162 5268 1224 5323 in
1247 5284 1316 5323 eo
1339 5284 1459 5323 sua:
1490 5266 1791 5337 sacrilegas
1816 5269 2099 5338 supersti-

446 5361 628 5415 tionis
659 5360 1029 5416 domicilium
1081 5358 1486 5414 constitueret.
1541 5358 1704 5410 Hunc
1752 5356 1957 5411 videns
1996 5357 2097 5411 So-

443 5449 844 5521 phronius,ait
861 5467 872 5503 :
889 5472 916 5498 ‹‹
936 5449 1205 5503 Profecto
1229 5448 1338 5501 hoc
1359 5452 1446 5500 est
1467 5445 1933 5501 abominandum
1949 5446 2098 5502 illud

443 5537 788 5593 vastationis
817 5542 1252 5610 argumentum,
1297 5542 1460 5590 stans
1503 5535 1565 5589 in
1612 5534 1741 5589 loco
1786 5536 2029 5591 sancto!
2061 5556 2088 5589 ι

446 5626 757 5699 multoque
787 5641 922 5683 cum
952 5625 1095 5681 ﬂetu
1124 5640 1253 5681 rem
1290 5624 1682 5680 Christianam
1733 5622 2092 5683 lamentatus

2215 4578 2379 4630 αυτῃ.

2293 4649 2382 4717 Τῷ
2436 4647 2515 4708 xc‘
2580 4644 2709 4718 ἔτει,
2781 4647 3057 4721 στρατεύει
3150 4643 3409 4722 Οῧμαρος
3464 4648 3603 4704 κατά
3657 4653 3872 4703 Παλαι-

2221 4733 2430 4805 στίνης,
2471 4735 2562 4790 καὶ
2619 4730 3037 4809 παραλαμϐάνει
3100 4734 3285 4809 λόγοις
3340 4737 3438 4805 τήν
3493 4736 3646 4811 ἁγίαν
3705 4736 3869 4791 πόλι]

2219 4824 2541 4901 Σωφρονίου
2569 4823 2915 4899 πατριάρχου
2947 4822 3122 4887 ὄντος.
3157 4823 3437 4889 Εἳσελθὼν
3497 4822 3555 4879 δὲ
3608 4824 3866 4899 Οῧμαρος

2218 4913 2295 4976 είς
2316 4913 2415 4980 τὴν
2442 4912 2597 4989 ἁγίαν
2630 4911 2792 4967 πόλιν
2820 4914 3091 4988 τριχίνοις
3158 4913 3217 4969 ἐκ
3270 4912 3531 4986 καμήλου
3575 4911 3864 4987 ἐνδύμασιν

2216 5001 2585 5077 ἠμφιεσμένος
2625 5000 3031 5076 έρῥυπωμένοις
3111 5002 3396 5078 ὑπόκρισίν
3441 5023 3502 5058 τε
3560 5004 3861 5071 Σατανικὴν

2213 5088 2640 5163 ἐνδεικνύμενος,
2698 5092 2790 5146 τὸν
2843 5094 2966 5147 ναὸν
3026 5091 3208 5164 ἐζήτει
3285 5096 3394 5146 τῶν
3456 5089 3757 5160 Ἰουδαίων,
3811 5093 3868 5145 δν

2211 5178 2541 5255 ᾠκοδόμησε
2599 5181 2892 5254 Σολομῶν,
2951 5184 3421 5257 προσκυνητήριον
3473 5185 3704 5247 ποιῆσαι
3759 5187 3865 5250 τῆς

2210 5268 2373 5322 αὐτοῦ
2422 5268 2801 5347 βλασφημίας.
2886 5271 3094 5327 Τοῦτον
3170 5267 3303 5324 ἰδὼν
3363 5270 3682 5344 Σωφρόνιος
3735 5268 3863 5347 ἔφη·

2210 5380 2239 5408 ‹‹
2270 5358 2387 5414 Ἐπ’
2447 5354 2706 5426 ἀληθείας
2749 5359 2910 5413 τοῦτό
2954 5358 3067 5413 ἐστι
3115 5359 3178 5413 τὸ
3239 5354 3528 5435 βδέλυγμα
3583 5364 3685 5426 τῆς
3741 5356 3867 5433 ὲρη-

2209 5447 2458 5519 μώσεως,
2491 5446 2661 5508 ἑστὼς
2698 5445 2751 5502 ἐν
2805 5446 2959 5521 τόπῳ
3018 5447 3162 5523 ἀγίῳ
3204 5448 3217 5503 ί
3255 5470 3283 5499 ιο
3341 5446 3585 5507 πολλοῖς
3640 5466 3700 5501 τε
3769 5442 3870 5499 δά-

2202 5555 2361 5608 κρυσι
2410 5533 2538 5597 τοὺς
2621 5535 2984 5609 Χριστιανοὺς
3077 5530 3428 5609 ἀπωδύρετο.
3492 5531 3872 5611 Παρεκάλεσεν

2204 5625 2296 5679 οὗν
2330 5623 2494 5681 αὐτὸν
2527 5618 2716 5679 λαϐεῖν
2757 5621 2969 5680 σινδόνα
3023 5623 3113 5680 καὶ
3170 5620 3507 5681 ένδύσασθαι³
3563 5623 3594 5678 6
3655 5620 3716 5679 δι
3761 5622 3866 5678 οὐκ
