4052 6316
176 458 304 520 817

1340 444 1701 505 HISTORIA
1716 440 1877 504 RUM
1924 441 2467 511 COMPENDIUM.

3486 453 3609 515 818

196 587 493 661 ἠνέσχετο.
535 582 711 655 Μόγις
769 581 862 635 οὖν
915 577 1157 647 ἐπείσθη,
1222 577 1313 632 καὶ
1370 575 1708 632 πλυνθέντων
1739 577 1836 627 τῶν

1962 581 2071 632 est.
2106 580 2381 638 Hortalus
2411 584 2610 655 itaque
2642 600 2777 641 eum
2835 592 2944 654 est,
2994 590 3060 641 ut
3106 585 3357 642 sindone
3408 604 3469 642 se
3524 588 3610 643 in-

203 679 372 734 αὐτοῦ
430 675 595 732 πάλιν
655 673 953 748 ἀπέστρεψε
1025 670 1092 726 τά
1167 674 1264 725 τοῦ
1345 668 1716 743 πατριάρχου.
1768 666 1836 718 Ἐγ

1957 665 2202 723 dueret:
2237 687 2439 727 verum
2494 674 2544 728 is
2586 676 2803 729 renuit.
2858 675 2961 730 Vix
3012 676 3253 731 tandem
3302 692 3603 748 assensus,

199 766 419 825 τούτοις
451 756 665 817 ἀπεϐίω
693 761 1028 832 Σωφρόνιος,
1086 756 1278 813 πολλά
1332 755 1470 812 κατά
1522 752 1836 829 Ἡρακλείοι

1955 758 2093 813 lotis
2125 762 2248 817 suis
2279 762 2558 832 vestibus,
2614 764 2961 834 patriarchae
3006 781 3143 822 suas
3189 765 3466 821 reddidit.
3522 769 3604 822 Ea

195 856 289 911 καὶ
318 858 426 909 τῶν
455 849 780 930 ὁμοφρόνων
839 846 1003 903 αὐτοῦ
1062 848 1292 923 Σεργίου
1342 846 1429 901 καὶ
1491 842 1707 920 Πύρρου
1738 845 1847 896 τῶν

201 940 608 1010 Μονοθελητῶν
638 937 1065 1014 ἀγωνισάμενος.
1124 935 1319 1009 Τούτῳ
1348 939 1429 1007 τῷ
1480 932 1586 989 ἔτει
1618 931 1847 989 ἀπολύει

197 1033 455 1107 Οὕμαρος
483 1033 574 1085 τὸν
596 1026 704 1087 ’Ῐὰδ
736 1027 812 1090 είς
865 1024 1081 1102 Συρίαν,
1135 1024 1223 1079 καὶ
1283 1022 1504 1093 ὑπέταξε
1532 1026 1703 1077 πᾶσαν
1729 1026 1846 1083 τοῖς

190 1132 441 1198 Σαρακην
450 1126 553 1183 οἷς.

265 1300 394 1376 Περὶ
426 1296 485 1354 δέ
510 1318 574 1373 γε
603 1303 701 1367 τῆς
724 1295 879 1373 ἁγίας
909 1297 1013 1370 γῆς
1068 1299 1097 1350 ὸ
1136 1294 1414 1356 θεσπέσιος
1447 1290 1600 1368 ἔλεγε
1680 1296 1843 1346 Μωυ-

189 1398 292 1461 σῆς
323 1389 459 1462 πρὸς
485 1388 577 1444 τὸν
609 1386 853 1461 Ἰσραήλ·
879 1383 1019 1440 Ἰδοὺ
1054 1383 1247 1459 Κύριος
1308 1384 1336 1437 6
1394 1384 1525 1444 Θεός
1585 1402 1680 1435 σου
1738 1380 1847 1435 εἰσ-

193 1483 316 1552 άξει
341 1501 398 1535 σε
427 1479 504 1540 είς
534 1481 638 1555 γῆν
672 1478 879 1553 ἀγαθήν
906 1475 996 1529 καὶ
1026 1473 1268 1544 πολλὴν,
1290 1474 1358 1542 ἦς
1388 1470 1685 1547 χείμαρῥοι
1717 1468 1847 1524 ὑδά-

185 1592 296 1626 των
323 1569 412 1624 καὶ
452 1566 622 1643 πηγαὶ
665 1562 901 1621 ἀϐύσσου
960 1563 1383 1639 ἐκπορευόμεναι
1443 1559 1533 1617 διὰ
1585 1564 1694 1616 τῶν
1748 1580 1846 1613 πε-

190 1657 389 1715 διάδων
423 1658 513 1712 καὶ
541 1660 650 1711 τῶν
686 1655 878 1730 ὀρέων.
911 1658 985 1722 Γῆ
1051 1656 1227 1727 πυροῦ
1287 1651 1379 1706 καὶ
1425 1657 1643 1726 κριθῆς,
1676 1648 1847 1722 ἄμπε-

191 1748 284 1805 λοι
309 1746 397 1802 καὶ
429 1750 590 1801 συκαῖ
616 1744 708 1800 καὶ
740 1744 884 1818 ῥοιαὶ
940 1742 1031 1797 καὶ
1090 1741 1353 1821 φοίνικες·
1416 1746 1488 1817 γῆ
1539 1738 1725 1794 ἐλαίου
1754 1737 1845 1792 καὶ

198 1836 438 1913 μέλιτος⁶
471 1842 544 1911 γῆ
579 1834 660 1909 ἐφ’
689 1832 757 1903 ἥν
789 1833 851 1887 ού
888 1832 1020 1904 μετὰ
1078 1830 1359 1906 πτωχείας
1392 1828 1535 1909 φάγῃ
1560 1829 1653 1883 τὸν
1686 1825 1846 1901 ἄρτον

1954 852 2304 921 tempestate
2335 852 2494 908 diem
2527 869 2701 908 suum
2732 854 2879 908 obiit
2915 855 3301 926 Sophronius,
3332 872 3467 911 cum
3498 857 3601 912 diu

1952 939 2327 1012 multumque
2358 942 2637 997 adversus
2671 943 3025 1010 Heraclium,
3059 948 3117 998 et
3164 961 3299 1000 cum
3346 962 3413 1000 eo
3463 961 3600 1001 sen-

1950 1028 2166 1084 tientes
2198 1031 2463 1103 Sergium
2495 1047 2563 1086 ac
2594 1033 2885 1103 Pyrrhum
2916 1033 3347 1089 monotheletas
3393 1035 3597 1090 decer-

1950 1120 2149 1172 tasset.
2187 1120 2305 1174 Hoc
2334 1136 2491 1175 anno
2528 1122 2775 1176 Umarus
2795 1121 3006 1177 Jadum
3039 1122 3099 1176 in
3131 1123 3358 1194 Syriam
3390 1124 3595 1193 mittit,

1948 1208 2252 1278 totamque
2284 1208 2346 1263 in
2380 1209 2843 1265 Sarracenorum
2875 1214 3232 1281 potestatem
3259 1210 3493 1283 redigit.

2023 1296 2169 1351 7.17
2225 1296 2515 1353 Caeterum
2575 1298 2648 1353 de
2700 1303 2857 1354 terra
2899 1304 3107 1355 sancta
3158 1301 3345 1355 Moses
3392 1300 3475 1355 ita
3520 1301 3602 1355 Is-

1947 1384 2174 1440 raelitis
2208 1391 2299 1440 est
2328 1387 2682 1443 vaticinatus
2716 1406 2727 1441 :
2758 1391 2906 1443 Ecce
2940 1389 3226 1444 Dominus
3266 1389 3420 1444 Deus
3463 1392 3601 1444 tuus

1947 1474 2286 1530 introducet
2332 1480 2386 1530 te
2448 1476 2510 1531 in
2568 1479 2872 1551 regionem
2927 1479 3145 1535 bonam
3200 1483 3259 1534 et
3314 1478 3599 1549 amplam,

1947 1565 2118 1635 cujus
2148 1582 2315 1637 aquae
2347 1573 2638 1623 torrentes
2672 1573 2728 1623 et
2776 1570 2973 1625 fontes
3022 1568 3217 1640 abyssi
3266 1573 3485 1625 exeunt
3528 1585 3597 1623 ex

1946 1654 2307 1725 planitiebus
2340 1662 2398 1711 et
2426 1658 2731 1713 montibus
2761 1675 2773 1712 :
2806 1664 3026 1714 terram
3058 1658 3253 1714 tritico
3284 1663 3342 1714 et
3373 1657 3597 1713 hordeo

1948 1742 2372 1813 abundantem,
2407 1746 2639 1814 vitibus,
2673 1747 2920 1815 ﬁcubus,
2954 1747 3129 1802 malis
3159 1747 3415 1819 pﬁnicis,
3465 1746 3597 1819 pal-

1950 1831 2099 1897 mis;
2132 1837 2349 1889 terram
2399 1834 2529 1889 oleo
2583 1840 2642 1891 et
2700 1835 2876 1892 melle
2934 1836 3301 1907 afﬂuentem,
3360 1836 3422 1892 in
3477 1852 3599 1908 qua

194 1944 309 1982 σου’
336 1928 411 2001 γῆ
437 1926 505 1995 ἧς
538 1925 589 1979 οἱ
622 1923 769 1979 λίθοι
802 1919 1047 1997 σίδηρος,
1094 1920 1184 1975 καὶ
1239 1919 1298 1974 ἐκ
1354 1924 1463 1974 τῶν
1496 1918 1666 1992 ἀρέων
1735 1918 1836 1972 αὐ-

1949 1937 2102 1991 pane
2132 1927 2232 1977 tuo
2262 1923 2486 1994 absque
2512 1925 2763 1996 penuria
2791 1926 3046 1980 vescaris
3075 1940 3087 1980 :
3112 1929 3332 1980 terram
3363 1925 3458 1980 cui
3489 1942 3595 1996 pro

192 2019 293 2082 τῆς
328 2013 715 2090 μεταλλεύσεις
747 2011 979 2089 χαλκόν*
1038 2017 1112 2086 γῆ
1174 2007 1369 2085 ῥέουσα
1399 2011 1486 2083 [Ρ.
1542 2012 1670 2083 42⁸7]
1698 2006 1842 2082 γάλα

190 2105 280 2161 καὶ
316 2103 463 2179 μέλι·
498 2111 568 2180 γῆ
603 2104 664 2173 ἢν
698 2103 897 2176 Κύριος
954 2102 983 2155 6
1040 2101 1170 2162 Θεός
1229 2121 1324 2154 σου
1365 2098 1669 2166 ἐπισκοπεῖ,
1725 2098 1841 2166 ἣτις

201 2194 548 2269 εὐλογημένη
603 2192 715 2248 ἐστὶ
771 2192 861 2246 καί
917 2191 1268 2266 καρποφόρος
1333 2189 1465 2263 ὑπὲρ
1517 2193 1689 2242 πᾶσαν
1741 2187 1841 2254 τήν

198 2289 323 2360 γῆν,
368 2283 454 2337 καὶ
525 2281 605 2352 τῷ
660 2277 973 2355 παραδείσῳ
1026 2280 1128 2331 τοῦ
1193 2279 1326 2331 Θεοῦ
1381 2270 1840 2349 παρεικαζομένη.

200 2372 612 2445 Προσμαρτυρεῖ
643 2365 700 2421 δὲ
728 2366 944 2424 τούτοις
992 2364 1081 2418 καὶ
1140 2364 1168 2418 ὁ
1227 2363 1543 2439 σοφώτατος
1598 2362 1841 2434 Ἀριστο-

199 2458 362 2529 τέλης
412 2458 610 2536 λέγων’
638 2456 738 2512 Καὶ
766 2456 869 2530 γὰρ
905 2452 1341 2528 πολυάνθρωπός
1396 2448 1536 2506 ἔστιν
1565 2452 1600 2519 ἡ
1639 2457 1707 2526 γῆ
1741 2455 1841 2517 τῆς

197 2548 543 2626 ἐπαγγελίας,
573 2547 664 2602 καὶ
693 2546 973 2607 παντοίοις
1004 2549 1233 2621 καρποῖς
1290 2543 1611 2613 εὐθηνοῦσα,
1661 2539 1841 2614 ιῖιμπιέ⁶

198 2636 308 2693 λων
331 2658 390 2691 τε
418 2636 506 2690 καὶ
537 2632 846 2710 ἀκροδρύων
877 2634 967 2689 καὶ
1000 2633 1258 2711 φοινίκων
1316 2630 1530 2700 πλῆθος
1587 2629 1840 2703 ἄπλετον,

199 2729 283 2782 καὶ
318 2729 491 2797 κτήνη
550 2724 851 2793 πάμπολλα
904 2724 992 2778 καὶ
1052 2721 1307 2800 διάφορα,
1366 2721 1455 2776 καὶ
1515 2718 1756 2796 δαψιλὴς
1803 2723 1838 2791 ἠ

201 2818 407 2873 τούτων
436 2816 580 2888 νομή
633 2813 702 2869 δι’
733 2813 864 2870 ὅλου
916 2818 1015 2870 τοῦ
1072 2815 1281 2888 χρόνου
1339 2812 1542 2887 γίνεται
1603 2808 1690 2865 διὰ
1740 2812 1840 2879 τὴν

201 2904 417 2975 πολλὴν
466 2905 746 2976 εὐκρασίαν
828 2911 929 2973 τῆς
985 2910 1087 2979 γῆς
1137 2902 1227 2957 καὶ
1276 2901 1529 2971 πιότητα·
1580 2899 1726 2954 πςλὺ
1784 2897 1841 2954 δὲ

198 2995 409 3064 πλῆθος
463 2994 552 3049 καὶ
604 2998 712 3062 τῶν
782 2992 1087 3069 ἀρωμάτων
1137 2992 1227 3045 καὶ
1294 2990 1463 3054 λίθων
1518 2988 1839 3045 πολυτελῶν

194 3085 285 3141 καὶ
345 3088 553 3160 χρυσοῦ
637 3080 1155 3156 παρακομιζομένου
1213 3077 1303 3135 διὰ
1380 3083 1489 3134 τῶν
1570 3073 1838 3151 Ἀράϐων

194 3176 449 3236 Ωσαύτως
476 3174 567 3229 οῦν
600 3173 689 3228 καὶ
723 3174 1003 3244 Ἰώσηπος
1060 3169 1183 3249 ἔφη·
1247 3169 1540 3248 Πάμφορος
1579 3171 1681 3246 γάρ
1713 3169 1845 3225 οὖσα

1949 2008 2248 2081 lapidibus
2279 2016 2368 2067 est
2414 2014 2661 2079 ferrum,
2719 2018 2777 2069 et
2827 2015 2995 2086 cujus
3049 2031 3120 2069 ex
3168 2014 3470 2069 montibus
3516 2031 3596 2069 eas

1948 2097 2193 2153 eﬂ'odias
2219 2116 2232 2153 :
2268 2105 2486 2155 terram
2510 2102 2661 2156 lacte
2686 2106 2742 2156 et
2762 2100 2939 2155 melle
2962 2105 3305 2157 manantem
3330 2117 3343 2154 :
3378 2106 3596 2156 terram

1948 2201 2127 2256 quam
2150 2187 2435 2244 Dominus
2467 2191 2620 2245 Deus
2653 2194 2789 2245 tuus
2819 2194 3119 2261 procurat,
3172 2189 3266 2244 cui
3315 2188 3598 2244 divinitus

1948 2280 2279 2351 properitas
2311 2285 2401 2335 est
2429 2280 2664 2349 collata,
2723 2286 2791 2335 ut
2844 2280 3146 2335 fertilitate
3195 2296 3403 2334 omnes
3451 2279 3598 2335 alias

1948 2373 2137 2424 terras
2169 2374 2431 2440 superet,
2463 2385 2531 2424 ac
2560 2369 2834 2440 paradiso
2866 2370 2967 2423 Dei
3000 2369 3077 2424 sit
3113 2368 3415 2424 assimilis.
3468 2367 3600 2422 Suf-

1948 2460 2214 2527 fragatur
2243 2458 2334 2512 his
2364 2458 2543 2512 etiam
2578 2458 3055 2529 sapientissimus
3104 2456 3450 2511 Aristoteles
3504 2457 3597 2512 his

1949 2548 2179 2603 verbis:
2231 2548 2375 2603 Nam
2424 2552 2583 2602 terra
2611 2547 3026 2618 promissionis
3070 2553 3129 2602 et
3173 2548 3487 2604 hominum
3535 2553 3594 2603 et

1948 2637 2219 2691 omnium
2271 2636 2507 2708 frugum
2565 2636 2736 2708 c0pia
2812 2635 3094 2692 abundat.
3161 2638 3459 2693 Immensa
3513 2636 3596 2692 ibi

1947 2723 2267 2780 multitudo
2319 2724 2549 2791 vitium,
2597 2723 2903 2796 glandium
2947 2730 3005 2778 et
3046 2724 3420 2795 palmarum:
3471 2731 3598 2781 tum

1950 2814 2145 2869 omnis
2167 2813 2399 2883 generis
2418 2829 2620 2884 pecus,
2647 2813 2930 2883 omnique
2945 2813 3086 2867 anni
3102 2818 3367 2884 tempore
3380 2830 3600 2884 pascua

1948 2903 2020 2957 iis
2051 2901 2288 2956 abunde
2331 2902 2794 2973 suppeditantia,
2862 2907 3102 2972 propter
3148 2890 3432 2972 optimam
3485 2904 3597 2957 soli

1950 2991 2297 3072 temperiem
2330 2995 2505 3060 atque
2559 2991 2983 3061 pinguedinem
3010 3006 3023 3043 :
3060 3006 3274 3061 magna
3305 2992 3481 3046 etiam
3514 2992 3594 3046 ibi

1948 3082 2266 3138 multitudo
2282 3088 2613 3138 aromatum
2625 3128 2637 3149 ,
2656 3082 2921 3154 lapidum
2939 3082 3334 3153 pretiosorum
3348 3084 3595 3156 aurique

1948 3190 2021 3229 ex
2052 3173 2270 3228 Arabia
2300 3173 2773 3244 importatorum.
2810 3173 2875 3226 In
2903 3172 3061 3227 hunc
3093 3172 3336 3227 modum
3367 3174 3596 3229 etJose—

191 3262 263 3320 δι’
294 3265 552 3340 εὔκρατον
582 3263 714 3338 ἀέρα
745 3262 833 3316 καὶ
862 3260 1080 3331 πολλὴν
1114 3259 1349 3331 πιότητα
1395 3262 1668 3334 χειμῶνος
1723 3256 1836 3334 ὥρᾳ

1950 3263 2103 3333 phus
2130 3262 2249 3317 ait:
2280 3261 2728 3317 Fecundissima
2769 3261 2929 3316 enim
2979 3277 3114 3316 cum
3159 3262 3236 3316 sit
3283 3278 3353 3317 ea
3408 3263 3592 3336 regio,

188 3352 398 3433 ἐκφέρει
425 3354 597 3429 κάρυα
621 3353 708 3406 καὶ
736 3351 786 3406 ἐν
820 3350 1057 3424 καύματι
1104 3350 1374 3423 φοίνικας,
1433 3349 1520 3403 καὶ
1579 3348 1835 3404 πλεῖστον

189 3448 420 3521 γεωργεῖ
475 3436 680 3498 ἔλαιον.
737 3442 841 3497 Καὶ
900 3439 1176 3519 σταφυλὴν
1236 3439 1331 3511 μὲν
1381 3438 1473 3493 καὶ
1556 3442 1689 3492 σῦκα
1747 3436 1837 3494 διὰ

194 3537 379 3606 μηνῶν
421 3530 547 3587 δέκα
606 3529 874 3594 ἐσθίουσιν
937 3530 991 3583 οἱ
1061 3526 1253 3597 ἐκεῖσε,
1310 3527 1436 3589 τοὺς
1495 3524 1553 3582 δὲ
1605 3525 1833 3590 λοιποὺς

185 3621 428 3697 καρποὺς
480 3618 563 3683 δὶς
617 3624 715 3676 τοῦ
769 3617 1016 3674 ἐνιαυτοῦ
1050 3621 1308 3693 τρυγῶσι.
1356 3617 1434 3672 Τὸ
1494 3614 1552 3670 δὲ
1606 3614 1834 3692 μέγεθος

179 3715 294 3767 τῶν
356 3710 599 3786 βοτρύων
653 3715 755 3778 τῆς
830 3707 1108 3786 σταφυλῆς
1190 3704 1394 3775 ἐκείνης
1453 3701 1725 3775 ἐδήλωσεν
1795 3708 1831 3775 ἡ

187 3800 372 3878 Γραφή
416 3798 650 3875 λέγουσα
696 3797 821 3871 περὶ
874 3799 983 3849 τῶν
1032 3794 1385 3848 κατασκόπων
1444 3793 1517 3847 ὧν
1549 3791 1835 3849 ἀπέστειλε

188 3891 451 3957 Μωϋσῆς,
484 3886 568 3943 ὅτι
600 3885 770 3955 ἦλθον
800 3882 905 3947 ἓως
964 3884 1245 3962 φάραγγος
1304 3882 1557 3958 βότρυος,
1587 3883 1674 3937 καὶ
1736 3884 1831 3937 κό-

184 3982 383 4053 ψαντες
440 3976 638 4041 ἐκεῖθεν
699 3975 893 4047 κλῆμα
953 3973 1043 4028 καὶ
1103 3972 1298 4048 βότρυν
1381 3971 1660 4046 σταφυλῆς
1715 3971 1829 4041 ⁷ἕνα,

181 4068 321 4140 ἦραν
356 4064 516 4121 αὺτὸν
548 4063 1033 4143 ἐπ’ἀναφορεῦσιν·
1094 4060 1144 4115 ἐν
1204 4060 1352 4133 ξύλῳ
1408 4060 1512 4136 γάρ
1569 4060 1829 4135 ἐσχημα-

173 4154 420 4228 τισμένῳ
449 4153 706 4228 πλαγίως
741 4152 901 4226 μέσον
962 4150 1308 4227 κρεμασθεὶς,
1365 4150 1455 4204 καὶ
1520 4148 1605 4203 ἐπ’
1661 4150 1828 4221 ὥμων

179 4244 279 4301 δύο
306 4241 515 4319 ἀνδρῶν
578 4242 994 4319 βασταζόμενος,
1074 4245 1235 4295 πᾶσιν
1293 4236 1498 4309 ἐδήλου
1525 4244 1624 4307 τῆς
1674 4238 1828 4315 ἁγίας

176 4341 283 4410 γῆς
343 4333 551 4402 ἐκείνης
603 4333 704 4401 τήν
760 4329 1070 4403 εὐκαρπίαν.
1142 4330 1218 4383 Δι’
1268 4329 1338 4397 ἧς
1392 4324 1752 4401 Ἀλέξανδρος
1803 4328 1831 4381 ὁ

187 4423 353 4500 μέγας
385 4421 867 4499 διαπορευόμενος,
919 4420 1011 4474 καὶ
1069 4418 1205 4489 ξύλα
1262 4418 1603 4494 καρποφόρα,
1655 4415 1709 4470 ἐν
1740 4419 1830 4478 οἷς

182 4515 274 4569 καὶ
332 4515 573 4589 πήγανον
636 4512 961 4584 θεασάμενος
1017 4511 1078 4564 τὸ
1136 4507 1272 4584 ὕψος
1328 4509 1417 4563 καὶ
1475 4507 1682 4569 πλάτος
1739 4506 1830 4587 ἐφ-

185 4601 426 4675 άμιλλον
457 4606 647 4669 συκῆς,
679 4598 948 4672 ἐθαύμασε
978 4596 1182 4674 σφόδρα
1211 4603 1310 4666 τῆς
1356 4602 1460 4673 γῆς
1489 4595 1698 4665 ἐκείνης
1732 4598 1830 4663 τὴν

187 4690 481 4765 εὐκαρπίαν
538 4711 597 4745 τε
642 4690 733 4744 καὶ
790 4688 1044 4757 πιότητα.
1105 4685 1279 4743 Ἀλλὰ
1312 4684 1535 4758 μήνκαὶ
1593 4679 1839 4741 ὀποϐάλ-

193 4800 367 4852 σαμον
418 4784 647 4853 γεωργεῖ
700 4777 975 4845 πλεῖστον,
1036 4776 1125 4831 καὶ
1175 4773 1329 4850 ἔτερα
1384 4773 1572 4829 πολλά
1628 4771 1827 4829 δυσπό-

191 4887 353 4942 ριστα
406 4867 496 4920 καὶ
559 4865 868 4941 ἀνθρώποις
920 4862 1201 4939 ἐπέραστα.
1275 4863 1570 4926 Κάντεῦθεν
1623 4862 1825 4932 τοίνυν,

188 4958 265 5019 ὡς
346 4955 612 5031 ἐξαίρετον
685 4956 777 5011 καὶ
835 4952 1193 5033 διαφέρουσαν
1250 4950 1591 5028 ἀσυγκρίτως
1647 4953 1826 5022 πάσης

175 5053 283 5116 τῆς
315 5052 444 5121 γῆς,
478 5045 702 5106 εἰκότως
745 5041 945 5099 ἔδωκεν
997 5040 1167 5112 αὐτὴν
1230 5042 1259 5095 6
1316 5040 1443 5102 Θεὸς
1497 5044 1577 5112 τῷ
1605 5042 1830 5115 ἠγαπη-

183 5136 333 5212 μένῳ
363 5135 454 5190 καὶ
482 5134 823 5209 πρωτοτόκῳ
853 5132 956 5204 υἱῷ
1000 5132 1169 5186 αὐτοῦ
1228 5130 1306 5193 εἷς
1363 5128 1739 5203 κληρονομίαν
1769 5152 1829 5187 τε

172 5228 267 5282 καὶ
326 5224 653 5281 ἀπόλαυσιν.
715 5223 987 5297 Είσήγαγε
1070 5220 1175 5296 γάρ
1230 5218 1449 5289 αὐτοὺς,
1508 5221 1694 5294 φησὶν,
1752 5221 1828 5283 είς

177 5318 311 5392 ’ὀρος
342 5315 678 5390 ἀγιάσματος
746 5310 930 5380 αὐτοῦ,
990 5305 1118 5382 ὄρος
1183 5313 1345 5365 τοῦτο
1397 5308 1427 5364 ὃ
1485 5309 1733 5365 ἐκτίσατο
1791 5313 1826 5380 ἡ

175 5404 325 5478 δεξιά
355 5403 541 5459 αὐτοῦ.
594 5405 893 5479 Τοιγαροῦν
954 5398 1005 5454 ἐν
1060 5403 1129 5474 τῇ
1188 5399 1313 5473 ἁγίᾳ
1362 5398 1530 5473 ταύτῃ
1578 5398 1667 5453 καὶ
1732 5419 1829 5471 μα-

171 5494 342 5569 καρίᾳ
369 5497 444 5569 γῇ
474 5492 563 5549 καὶ
595 5493 766 5568 ἀγαθῇ
824 5497 922 5560 τῆς
980 5488 1306 5566 ἐπαγγελίας
1358 5489 1692 5562 πολυμερῶς
1738 5492 1825 5544 καὶ

168 5583 545 5658 πολυτρόπως
598 5580 771 5637 πάλαι
829 5581 858 5634 6
913 5578 1043 5640 Θεὸς
1111 5577 1292 5654 Λόγος
1365 5583 1481 5640 τοῖς
1518 5578 1829 5654 προφήταις

257 5757 303 5796 ³⁸
329 5754 486 5813 Plal.
520 5769 727 5824 mm,
758 5753 845 5809 54.

1950 3356 2025 3413 ob
2055 3370 2252 3412 aerem
2284 3354 2434 3408 bene
2465 3358 2881 3424 temperatum,
2913 3368 2981 3407 ac
3011 3352 3261 3407 multam
3285 3352 3593 3425 pinguedi-

1942 3463 2103 3515 nem,
2134 3445 2329 3499 hieme
2356 3460 2539 3499 nuces
2569 3443 2813 3514 profert,
2846 3448 2995 3497 aestu
3044 3442 3330 3513 dactylos,
3372 3448 3431 3498 et
3457 3443 3592 3514 plu-

1941 3536 2161 3590 rimum
2192 3533 2273 3588 ibi
2304 3533 2417 3588 olei
2449 3532 2682 3587 colitur.
2715 3531 2823 3597 Qui
2855 3532 2937 3586 ibi
2962 3532 3178 3597 vivunt,
3210 3530 3415 3587 decem
3437 3532 3587 3587 inte-

1939 3642 2073 3698 gros
2105 3640 2346 3679 menses
2377 3622 2503 3677 uvis
2533 3638 2601 3677 ac
2640 3621 2868 3676 ﬁcubus
2920 3626 3276 3676 vescuntur:
3324 3622 3587 3692 reliqua-

1937 3731 2070 3769 rum
2102 3714 2334 3785 frugum
2371 3717 2491 3766 toto
2522 3727 2678 3765 anno
2712 3714 2801 3764 est
2828 3710 3169 3765 collectura.
3201 3710 3328 3764 1am
3360 3710 3580 3781 magni-

1941 3805 2206 3860 tudinem
2249 3802 2553 3857 botrorum
2586 3801 2719 3855 vitis
2751 3800 2918 3854 istius
2949 3800 3252 3871 Scriptura
3288 3798 3580 3866 indicans,

1939 3896 2075 3950 dea
2122 3896 2276 3948 Mose
2332 3892 2531 3946 missis
2592 3890 2741 3945 748
2800 3890 3172 3961 exploratum
3228 3895 3430 3945 narrat
3482 3907 3584 3945 eos

1937 4001 2125 4054 usque
2147 3983 2221 4038 ad
2244 3981 2459 4038 vallem
2482 3997 2725 4035 uvarum
2758 3980 3117 4052 pervenisse,
3149 3978 3352 4051 ibique
3373 3980 3584 4051 palmi-

1935 4078 2055 4128 tem
2089 4088 2223 4127 cum
2246 4070 2420 4126 unica
2436 4086 2548 4124 uva
2572 4074 2864 4125 resectum
2890 4069 3039 4124 vecti
3071 4068 3417 4141 impositum
3449 4087 3584 4141 por-

1938 4167 2093 4217 tasse
2119 4178 2132 4214 :
2166 4161 2384 4230 quippe
2417 4157 2488 4213 de
2520 4158 2676 4230 ligno
2708 4158 2956 4229 figurato
2988 4157 3219 4213 medius
3258 4174 3584 4230 suspensus

1936 4251 2038 4306 ille
2069 4264 2359 4316 racemus,
2392 4265 2459 4303 ac
2488 4247 2739 4302 duorum
2772 4247 3030 4302 virorum
3072 4247 3338 4302 humeris
3390 4253 3586 4320 gesta-

1939 4345 2053 4403 tus,
2086 4337 2415 4392 ubertatem
2447 4352 2629 4391 sacrm
2653 4336 2823 4390 istius
2845 4339 3016 4390 terra;
3038 4335 3315 4391 omnibus
3344 4336 3585 4391 demon-

1938 4427 2161 4483 stravit.
2204 4428 2315 4480 Per
2344 4427 2496 4479 hanc
2525 4425 2639 4479 iter
2666 4424 2892 4479 faciens
2924 4423 3277 4489 Alexander,
3310 4424 3584 4480 arbores-

1939 4533 2052 4588 que
2104 4515 2309 4570 videns
2360 4514 2689 4586 frugiferas,
2749 4518 2926 4584 atque
3006 4514 3163 4568 inter
3218 4513 3335 4569 alia
3391 4518 3585 4569 rutam

1942 4606 2254 4662 altitudine
2269 4621 2337 4659 ac
2348 4602 2739 4675 amplitudine
2755 4604 2891 4658 ficui
2905 4604 3589 4673 temulam,vehementer

1949 4696 2058 4751 soli
2116 4693 2270 4750 illius
2321 4693 2695 4749 fertilitatem
2750 4698 2929 4763 atque
2995 4693 3417 4766 pinguedinem
3476 4698 3587 4761 est,

1937 4784 2262 4841 admiratus
2316 4785 2609 4838 Praeterea
2637 4781 2931 4853 plurimus
2970 4782 3051 4837 ibi
3082 4783 3449 4854 opobalsami
3500 4792 3591 4842 est

1939 4890 2008 4929 ex
2038 4873 2271 4928 cultura
2299 4876 2639 4944 proventus.
2673 4870 3043 4942 aliorumque
3099 4872 3421 4928 multorum
3454 4890 3586 4943 qua;

1937 4967 2147 5035 paratu
2171 4960 2457 5027 difficilia,
2491 4960 2831 5015 hominibus
2861 4965 3007 5015 sunt
3026 4960 3396 5017 charissima.
3424 4963 3587 5016 Hanc

1938 5052 2135 5123 itaque
2166 5056 2408 5114 terram,
2448 5055 2515 5104 ut
2542 5049 2820 5106 eximiam
2853 5054 2912 5103 et
2974 5048 3068 5104 cui
3118 5049 3369 5105 conferri
3418 5050 3584 5106 nulla

1938 5140 2056 5197 alia
2076 5143 2396 5206 mereatur,
2419 5138 2839 5193 convenienter
2857 5138 3010 5192 Deus
3031 5136 3247 5192 dilecto
3279 5154 3385 5193 suo
3407 5142 3586 5210 atque

1938 5227 2330 5300 primogenito
2376 5225 2499 5280 tilio
2558 5223 2921 5279 haareditatis
2977 5223 3107 5279 loco
3166 5224 3586 5294 possidendam

1936 5315 2369 5386 fruendamque
2400 5312 2581 5368 dedit.
2633 5311 2964 5367 Introduxit
3011 5312 3171 5367 enim
3221 5328 3344 5382 eos,
3390 5313 3591 5387 inquit

1940 5403 2261 5473 Scriptura,
2312 5403 2371 5459 in
2422 5417 2560 5456 eum
2607 5404 2873 5455 montem
2923 5415 3101 5470 quem
3144 5399 3350 5458 dextra
3396 5404 3584 5475 ipsius

1939 5490 2286 5547 condiderat
2308 5490 2371 5544 η.
2406 5490 2610 5559 Itaque
2641 5504 2778 5560 ergo
2808 5488 2870 5542 in
2916 5494 3121 5545 sancta
3149 5490 3260 5547 hac
3308 5497 3367 5547 et
3412 5492 3586 5551 beata

1937 5581 2210 5653 bonaque
2243 5586 2402 5636 terra
2430 5578 2849 5652 promissionis
2878 5577 3264 5637 multifariam
3297 5598 3365 5638 ac
3409 5583 3583 5640 variis

2993 5749 3005 5781 ἓ
