4052 6316
441 359 563 423 819
1759 360 2164 424 GEORGlGll
2206 359 2551 422 CEDRENI
3767 352 3895 415 820

446 494 640 552 modis
670 494 813 551 olim
845 496 998 551 Deus
1029 495 1284 551 Verbum
1317 495 1548 553 vatibus
1598 513 1728 551 sese
1775 495 2095 552 videndum

2211 490 2451 566 ὁραθείς,
2480 491 2792 564 θεοπρεπῶς
2839 510 2898 545 τε
2961 491 3057 552 τὰς
3116 490 3399 566 θεοφανίας
3458 489 3872 563 ποιησάμενος,

450 583 740 652 exhibuit,
766 601 1005 655 sumque
1028 585 1298 640 essentia:
1320 585 1744 641 convenienter
1768 586 2099 657 apparitio:

2212 573 2417 653 ἔλεγενθ
2452 580 2599 655 Ἐγὼ
2630 579 2843 654 ὁράσεις
2885 577 3166 650 ἐπλήθυνα
3222 580 3313 635 καὶ
3369 579 3422 634 ἐν
3456 580 3618 659 χερσὶ
3650 600 3885 657 προφη-

455 690 564 731 nes
597 674 721 741 Dei,
753 679 1052 746 operatus,
1085 675 1167 731 ita
1182 675 1361 731 dixit:
1395 678 1512 749 Ego
1534 676 1936 747 apparitiones
1951 675 2099 731 mul-

2209 673 2315 724 τῶν
2379 664 2655 741 ἐμυήθην.⁴
2708 669 2826 726 Ἐπ’
2883 667 3129 745 ἐσχάτων
3190 667 3246 724 δὲ
3313 669 3656 745 σαρκοφόρος
3705 666 3876 745 ὤφθη

456 763 740 836 tiplicavi,
774 769 831 819 et
860 764 1017 819 inter
1053 780 1267 820 manus
1316 770 1513 820 vatum
1560 765 1828 823 initiatus
1873 782 2004 821 sum
2039 765 2099 820 ι’.

2209 757 2298 812 καὶ
2335 762 2452 819 τοῖς
2482 757 2793 832 ἀνθρώποις
2825 757 3251 835 συνανεστράφη,
3282 755 3584 833 πληρώσας
3641 758 3739 812 καὶ
3790 761 3879 827 τὸ,

452 854 621 913 Idem
647 854 724 910 ad
754 858 1085 911 extremum
1111 870 1350 909 carnem
1381 859 1636 926 gestans,
1663 855 1816 909 inter
1836 856 2099 912 homines

2209 848 2411 921 Μήτηρ
2442 846 2602 918 Σιὼν,
2636 845 2749 922 ἐρεῖ
2779 843 3084 921 ἄνθρωπος,
3116 847 3205 900 καὶ
3265 845 3550 922 ἅνθρωπος
3593 845 3877 919 ἐγεννήθη

455 944 769 1016 perspicue
800 946 891 998 est
919 947 1203 999 versatus.
1238 942 1297 997 id
1346 960 1584 1015 quoque
1637 945 1942 1001 oraculum
1991 945 2099 1000 im-

2209 933 2262 990 έν
2282 936 2442 1011 αὐτῇ,
2490 936 2581 990 καὶ
2621 935 2782 998 αὐτὸς
2850 935 3212 1010 ἐθεμελίωσεν
3270 938 3442 1008 αὐτὴν
3501 936 3530 990 6
3581 938 3881 1009 Ὓψιστος-

454 1033 873 1104 plcnszMater
922 1031 1081 1099 Sion,
1140 1031 1298 1088 dicet
1345 1031 1543 1099 homo,
1590 1038 1649 1088 et
1693 1033 1871 1088 homo
1922 1034 1982 1090 in
2037 1051 2106 1089 ea

453 1127 633 1178 natus
662 1126 770 1177 est.
804 1120 933 1192 Ipse
963 1120 1302 1177 Altissimus
1331 1120 1718 1181 tundamenta
1766 1123 1895 1193 ejus
1945 1123 2106 1180 loca-

455 1210 618 1269 vit“.
652 1209 871 1267 Eadem
902 1210 963 1265 in
993 1209 1232 1282 regione
1256 1211 1514 1266 salutare
1543 1210 1691 1266 obiit
1720 1212 2103 1283 supplicium,

458 1316 646 1373 eoque
669 1300 777 1357 toti
798 1298 1022 1363 mundo
1046 1298 1299 1357 salutem
1320 1301 1560 1371 paravit.
1577 1302 1709 1372 Ipse
1731 1302 1878 1365 adeo
1907 1302 2107 1361 Domi-

2208 1026 2298 1081 'Ev
2337 1026 2490 1097 ᾗκαὶ
2551 1026 2614 1081 τὸ
2675 1026 2946 1100 σωτήριον
3005 1025 3293 1099 ὑπομείνας
3344 1027 3515 1090 πάθος
3568 1027 3672 1093 τήν
3733 1048 3884 1103 παγ-

2206 1115 2440 1187 κόσμιον
2489 1113 2779 1192 εἶργάσατο
2839 1114 3134 1190 σωτηρίαν.
3201 1113 3367 1176 Αὐτὸς
3419 1115 3524 1189 γὰρ
3581 1115 3611 1168 6
3672 1114 3885 1188 Κύριος

2207 1199 2428 1277 καρδίαν
2478 1210 2579 1274 τῆς
2627 1211 2729 1279 γῆς
2788 1202 3013 1259 ἐκάλεσε
3066 1204 3166 1273 τὴν
3221 1202 3605 1278 ἰερουσαλήμσ
3662 1206 3879 1276 Ὥσπερ

2207 1294 2293 1365 [Ρ.
2326 1296 2455 1367 428]
2485 1294 2589 1369 γὰρ
2621 1296 2686 1363 ἦν
2720 1296 2906 1355 Ἰωνᾶς
2927 1294 2979 1349 ἐν
3007 1297 3075 1363 τῇ
3092 1293 3284 1365 κοιλίᾳ
3300 1298 3396 1348 τοῦ
3425 1296 3630 1365 κήτους
3656 1294 3879 1369 ἡμέρας

455 1407 570 1446 nus
600 1388 1008 1460 Hierosolyma
1037 1405 1139 1444 cor
1172 1390 1321 1449 749
1355 1395 1525 1445 terra:
1583 1390 1919 1463 appellavit,
1970 1408 2109 1449 cum

457 1479 721 1535 diceret:
750 1479 913 1534 Sicut
941 1478 1100 1534 enim
1130 1479 1306 1534 Jonas
1336 1478 1398 1534 in
1429 1485 1630 1535 ventre
1660 1481 1775 1535 ceti
1823 1479 1935 1537 fuit
1984 1486 2106 1540 tres

458 1568 587 1634 dies
616 1567 982 1639 totidemque
1016 1572 1240 1636 noctes,
1286 1568 1371 1623 sic
1410 1573 1468 1623 et
1510 1570 1693 1625 Filius
1740 1570 2001 1626 hominis
2043 1571 2106 1626 in

458 1661 662 1714 ventre
694 1662 866 1712 terras
897 1655 1270 1716 tantumdem
1326 1658 1611 1730 temporis
1659 1659 1990 1715 morabitur
2035 1658 2101 1716 ‘7.

457 1746 605 1803 Inde
633 1750 695 1801 et
720 1745 888 1801 divus
919 1745 1379 1816 Chrysostomus.
1401 1747 1526 1802 hanc
1556 1747 1732 1803 verba
1780 1749 2099 1822 explicans,

2207 1388 2351 1460 τρεῖς
2376 1384 2467 1439 καὶ
2495 1390 2642 1460 τρεῖς
2671 1385 2885 1457 νύκτας,
2914 1384 3085 1449 οὕτως
3115 1380 3261 1440 ἔσται
3288 1384 3379 1440 καὶ
3431 1387 3460 1440 6
3490 1386 3618 1449 Υἱὸς
3646 1390 3753 1441 τοῦ
3785 1386 3876 1440 ἆν-

2207 1473 2428 1548 θρώπου
2458 1473 2509 1529 ἐν
2541 1478 2610 1548 τῇ
2640 1470 2827 1547 κοιλίᾳ
2863 1481 2962 1545 τῆς
2992 1481 3096 1549 γῆς
3129 1480 3274 1548 τρεῖς
3340 1475 3551 1549 ἡμέρας
3597 1476 3692 1529 καὶ
3724 1481 3876 1550 τρεῇ

2214 1562 2430 1625 νύκτας.
2461 1564 2619 1621 ’Όθεν
2649 1564 2740 1617 καὶ
2798 1565 2827 1617 6
2884 1566 3026 1626 θεῖος
3083 1563 3472 1639 Χρυσόστομος
3523 1565 3603 1625 εἰς
3663 1564 3730 1618 τὸ
3764 1564 3869 1644 91'.-

2214 1670 2341 1707 σκον
2376 1651 2563 1728 ῥητὸν,
2593 1653 2691 1709 Ἐκ
2748 1652 2892 1707 Σιὼν
2922 1654 2959 1722 ἡ
3020 1651 3307 1727 εὐπρέπεια
3356 1660 3458 1723 τῆς
3515 1651 3871 1730 ὡραιότητος

2208 1741 2395 1810 αὐτοῦ,
2427 1741 2581 1821 φησί·
2610 1741 2716 1798 Καὶ
2739 1742 2839 1818 γὰρ
2897 1741 2986 1797 ἐπὶ
3038 1750 3140 1813 τῆς
3172 1742 3409 1805 παλαιᾶς
3455 1740 3659 1799 ἐκεῖθεν
3694 1745 3873 1819 γέγο-

456 1839 547 1907 Ea:
573 1837 739 1893 Sione
765 1836 929 1896 decor
955 1837 1255 1891 venustatis
1278 1837 1416 1906 ejus,
1449 1836 1532 1892 ita
1561 1837 1802 1894 scribit:
1859 1839 2005 1895 Nam
2045 1845 2099 1895 et

2205 1851 2287 1885 νεν
2315 1832 2351 1901 ἡ
2381 1835 2479 1886 τοῦ
2509 1836 2644 1887 Θεοῦ
2674 1831 2985 1908 εὐπρέπεια,
3038 1832 3155 1888 οἷον
3214 1833 3243 1887 6
3302 1832 3517 1908 βωμὸς,
3546 1834 3618 1889 τὰ
3645 1836 3717 1889 ’Ἀ
3789 1855 3872 1888 La-

455 1931 650 1981 vetere
673 1925 923 1984 durante
949 1923 1167 1980 findere
1189 1924 1326 1979 inde
1348 1925 1528 1982 decus
1548 1927 1649 1981 Dei
1670 1943 1798 1983 sese
1817 1929 2098 1998 exseruit,

451 2019 520 2081 ut
541 2031 666 2081 ara,
688 2018 754 2069 ut
773 2013 1091 2086 penetrale.
1109 2014 1434 2080 sacrarium
1469 2032 1796 2087 omnesque
1827 2035 2100 2075 cmremo-

449 2104 566 2160 nim
596 2108 659 2165 et;
682 2103 942 2174 antiquas
973 2102 1119 2175 legis
1148 2103 1607 2173 administratio,
1636 2109 1760 2161 tum
1784 2107 2109 2163 multitudo.

452 2191 847 2256 sacerdotum,
882 2192 1260 2259 sacriﬁcium,
1296 2193 1489 2249 solida
1514 2194 1727 2261 hostia,
1769 2212 1937 2251 sacra
1975 2213 2099 2252 car-

452 2283 636 2350 mina,
661 2281 969 2337 cantiones
999 2281 1385 2353 psalmorum.
1418 2283 1568 2348 Quin
1602 2289 1662 2338 et
1716 2283 1915 2340 futura
1944 2302 2097 2357 quae-

457 2386 692 2441 cunque
723 2374 942 2438 essent,
975 2369 1114 2424 inde
1145 2371 1475 2442 perscripta
1515 2378 1655 2429 sunt
1701 2376 1977 2431 oraculis.
2028 2378 2100 2432 At

452 2464 779 2531 postquam
827 2458 1253 2530 promissorum
1312 2461 1528 2517 veritas
1578 2463 1843 2519 exhiberi
1900 2467 2095 2538 ccepit,

456 2549 585 2621 ejus
615 2564 850 2620 quoque
875 2547 962 2603 rei
994 2547 1167 2604 initia
1195 2548 1273 2604 ibi
1306 2550 1563 2607 fuerunt.
1598 2552 1739 2607 Inde
1769 2571 1913 2610 crux
1933 2556 2100 2613 efful-

458 2638 557 2708 sit,
612 2637 760 2693 inde.
808 2637 1131 2695 innumera.
1176 2638 1281 2695 illa
1346 2639 1753 2711 pulcherrima
1811 2644 2096 2704 facinora.

454 2728 681 2793 Idcirco
730 2730 793 2787 et
845 2726 917 2787 de
975 2727 1303 2798 posteriore
1357 2729 1581 2791 Christi
1630 2731 1825 2804 legum
1878 2734 2098 2793 latione

453 2832 704 2890 magnus
728 2814 831 2876 ille
857 2815 1039 2877 Isaias
1059 2817 1143 2871 sic
1167 2816 1355 2873 fatur:
1381 2820 1464 2874 Ex
1486 2819 1661 2876 Sione
1691 2820 1787 2877 lex
1817 2825 2097 2895 prodibit,

456 2910 518 2962 et
544 2921 751 2971 sermo.
769 2904 879 2959 Dei
906 2920 976 2960 ex
1015 2905 1456 2978 Hierosolymis,
1497 2924 1564 2963 ac
1603 2909 1899 2981 judicium
1947 2914 2103 2969 inter

451 2999 658 3069 gentes
677 2993 835 3051 feret
856 2992 1120 3050 "tSionis
1138 2995 1298 3051 enim
1321 2997 1563 3053 nomine
1587 2998 1668 3053 ibi
1684 3003 1865 3056 totam
1888 3001 2106 3071 intelli.

448 3085 537 3158 git
564 3083 866 3156 regionem
899 3100 967 3139 ac
993 3083 1045 3137 ei
1077 3083 1449 3153 adjacentem
1496 3086 1710 3145 ludam
1755 3090 2105 3161 primariam

448 3171 681 3237 urbem.
713 3171 881 3237 Inde,
911 3171 1089 3226 veluti
1128 3174 1466 3230 carceribus
1496 3175 1571 3231 ad
1611 3193 1849 3233 cursum
1899 3180 2098 3238 idonei

452 3267 629 3333 atque
660 3259 850 3332 parati
883 3259 1124 3330 quidam
1185 3263 1343 3332 equi,
1389 3264 1450 3319 in
1504 3265 1845 3323 universum
1893 3270 2103 3337 orbem,

453 3349 665 3405 emissi.
701 3353 851 3403 sunt
888 3349 1140 3419 apostoli
1177 3366 1188 3404 :
1250 3351 1388 3407 inde
1449 3353 1738 3410 miracula
1794 3365 2099 3429 coeperunt

453 3437 653 3493 edere.
704 3436 789 3494 Ibi
837 3436 1113 3495 salutaris
1167 3440 1489 3511 perpessio,
1534 3446 1890 3501 resurrectio
1938 3452 1997 3502 et
2037 3448 2099 3504 in

459 3525 677 3583 cmlum
704 3526 1031 3598 assumptio
1060 3525 1320 3599 fuerunt,
1352 3528 1430 3585 ibi
1485 3531 1723 3587 exordia
1771 3538 1829 3588 et
1875 3536 2098 3606 princi-

455 3614 622 3687 pium
670 3619 888 3670 nostrae
945 3614 1188 3681 salutis;
1248 3616 1330 3672 ibi
1388 3623 1641 3691 carptum
1690 3626 1779 3677 est
1819 3639 2097 3681 arcanam

454 3703 786 3763 doctrinam
818 3705 1232 3777 promulgare;
1264 3707 1343 3761 ibi
1374 3708 1633 3778 primum
1658 3711 1983 3782 patefactus
2011 3720 2101 3770 est

449 3796 643 3863 Pater,
676 3798 735 3848 et
762 3793 1024 3860 innotuit
1052 3795 1392 3867 unigenitus
1430 3798 1635 3863 Filius,
1671 3805 1951 3873 tantaque
1970 3805 2097 3876 Spi-

449 3882 821 3949 ritussancti
849 3883 1039 3954 gratia
1072 3883 1326 3952 donata;
1380 3886 1459 3941 ibi
1510 3887 1581 3943 de
1631 3890 1783 3946 τεο
1828 3892 2097 3964 incorpo-

444 3972 566 4027 reis
594 3970 774 4029 rebus
805 3978 1198 4029 exercuerunt
1228 3973 1720 4046 disputationem,
1751 3996 1819 4035 ac
1843 3983 2096 4051 promis-

444 4059 642 4123 siones
673 4058 745 4114 de
767 4059 962 4128 donis,
986 4059 1367 4117 facultatibus
1400 4069 1457 4119 et
1485 4064 1700 4121 futuris
1733 4066 1903 4123 bonis
1929 4086 1940 4135 ;
1966 4086 2097 4140 quae

444 4149 651 4213 omnia
676 4154 1016 4205 venustates
1047 4151 1148 4206 Dei
1179 4151 1456 4224 appellat.
1493 4154 1882 4212 Pulchritudo
1935 4159 2096 4215 enim

445 4238 546 4293 Dei
579 4243 643 4295 et
674 4244 969 4307 venustas,
1003 4240 1234 4295 bonitas
1268 4240 1398 4311 ejus
1439 4247 1529 4297 est
1579 4248 1637 4298 et
1668 4244 2009 4303 humanitas
2041 4254 2098 4303 et

446 4343 582 4399 erga
611 4327 917 4382 universos
949 4326 1368 4384 beneﬁcentia.
1416 4330 1501 4385 Ibi
1548 4333 1725 4404 igitur
1775 4339 1834 4387 et
1886 4336 2097 4391 Adami

444 4433 657 4479 casum
679 4416 954 4483 correxit,
988 4422 1047 4471 et
1067 4417 1444 4473 celerrimum
1469 4436 1535 4475 ac
1558 4422 1726 4491 quasi
1747 4440 1881 4477 cum
1900 4425 2097 4481 volatu

443 4505 710 4567 futurum
768 4510 1122 4559 conventum
1181 4513 1544 4578 sanctorum,
1606 4510 1717 4565 sibi
1768 4513 2097 4569 secundum

446 4590 781 4645 advenienti
858 4608 1265 4659 occursurum,
1370 4602 1858 4667 prmmonstrans,

446 4678 663 4750 inquit,
723 4679 991 4749 cadaver,
1051 4680 1131 4735 ibi
1181 4683 1697 4755 congregabuntur
1747 4689 1982 4758 aquila}.
2031 4691 2095 4743 In

445 4767 606 4824 hunc
622 4768 866 4831 modum
885 4769 1062 4824 etiam
1080 4786 1330 4843 magnus
1351 4772 1709 4829 Athanasius
1723 4776 1793 4831 de
1808 4777 2096 4848 supplicio

447 4856 664 4929 Christi
696 4856 994 4928 loquitur:
1035 4856 1275 4923 idcirco,
1311 4859 1412 4927 ait,
1439 4877 1558 4916 non
1577 4861 1720 4917 alibi
1741 4864 2094 4936 supplicium

450 4946 617 5013 subit
637 4947 925 5015 Christus,
958 4963 1151 5018 neque
1182 4947 1298 5004 alio
1329 4948 1390 5004 in
1421 4948 1549 5004 loco
1582 4950 1643 5007 in
1692 4969 1926 5009 crucem
1977 4957 2096 5028 agi-

448 5041 563 5107 tur,
600 5053 779 5109 quam
809 5036 871 5092 in
892 5036 1022 5092 loco
1050 5037 1268 5103 Cranii,
1301 5036 1402 5093 ubi
1425 5037 1696 5096 doctores
1720 5042 2098 5100 Hebraeorum

446 5124 656 5197 Adami
718 5126 1057 5199 sepulcrum
1112 5142 1240 5182 esse
1300 5125 1524 5196 dicunt,
1593 5130 1959 5188 affirmantes
2017 5134 2098 5189 ibi

446 5234 607 5285 eum,
635 5224 949 5288 postquam
973 5232 1107 5271 eum
1128 5223 1465 5273 exsecratus
1489 5220 1761 5282 estDeus,
1788 5220 2095 5278 humatum

443 5305 648 5373 fuisse.
683 5307 1004 5377 Propterea
1032 5305 1147 5361 loci
1178 5307 1599 5378 proprietatem
1634 5309 1837 5365 miror.
1864 5313 2102 5383 Oporte-

445 5393 555 5457 bat,
576 5394 861 5450 nimirum
895 5395 1236 5463 Dominum,
1269 5412 1404 5453 cum
1436 5396 1485 5451 is
1516 5414 1800 5454 renovare
1839 5400 2099 5471 primum

445 5482 748 5538 hominem
779 5483 976 5553 vellet,
1036 5483 1115 5539 ibi
1162 5490 1414 5541 mortem
1461 5484 1647 5542 obire.
1698 5488 1768 5541 Et
1815 5489 2099 5558 quoniam

2206 1925 2313 1976 τῶν
2345 1921 2535 1996 ἁγίων,
2566 1924 2601 1992 ἡ
2636 1921 2861 1998 λατρεία
2889 1927 3033 1977 πᾶσα
3063 1923 3153 1978 καὶ
3212 1925 3245 1993 ἡ
3286 1921 3540 1978 πολιτεία
3593 1925 3698 1994 τῆς
3758 1945 3873 1978 πα-

2207 2007 2367 2070 λαιᾶς
2398 2009 2739 2083 νομοθεσίας,
2770 2009 2859 2065 καὶ
2920 2011 3107 2086 ἱερέων
3164 2009 3376 2081 πλῆθος
3434 2011 3523 2066 καὶ
3584 2010 3755 2075 θυσία
3785 2013 3875 2067 καί

2207 2097 2581 2161 ὀλοκαύτωσις
2637 2099 2728 2153 καὶ
2789 2098 2951 2173 ὕμνοι
3027 2099 3167 2174 ἱεροὶ
3249 2100 3339 2154 καὶ
3398 2098 3732 2174 ψαλμῳδίαι
3785 2101 3873 2157 καὶ

2201 2187 2376 2242 πάντα
2403 2188 2469 2241 τὰ
2496 2186 2718 2259 ἐκεῖθεν,
2766 2189 2854 2243 καὶ
2912 2189 2980 2242 τὰ
3034 2187 3310 2263 μέλλοντα
3361 2188 3868 2265 προδιεγέγραπτο.

2201 2273 2424 2346 Ἐπειδή
2461 2274 2518 2331 δέ
2546 2275 2636 2332 καὶ
2678 2278 2714 2346 ἡ
2774 2276 3005 2348 ἀλήθεια
3056 2277 3439 2354 παραγέγονεν,
3498 2277 3705 2335 ἐκεῖθεν
3766 2282 3866 2350 τὴν

2200 2363 2379 2440 ἀρχὴν
2427 2359 2645 2438 ἔλαϐεν,
2710 2363 2908 2430 ἐκεῖθεν
2964 2367 2993 2420 6
3046 2369 3272 2441 σταυρὸς
3331 2366 3598 2442 ἔλαμψεν,
3660 2367 3867 2425 ἐκεῖθεν

2197 2452 2265 2508 τὰ
2299 2452 2468 2528 μυρία
2494 2454 2913 2529 κατορθώματα.
2957 2455 3053 2508 Διὰ
3113 2452 3180 2525 δὴ
3238 2459 3398 2511 τοῦτο
3455 2458 3545 2512 καὶ
3578 2459 3709 2530 περὶ
3764 2467 3866 2529 τῆς

2197 2545 2294 2597 τοῦ
2345 2546 2586 2618 Χριστοῦ
2644 2540 2892 2618 δευτέρας
2958 2542 3282 2617 νομοθεσίας
3342 2546 3369 2599 6
3420 2544 3588 2622 μέγας
3632 2548 3860 2612 Ἡσαῗας

2202 2631 2367 2707 λέγει·
2402 2632 2497 2689 Ἐκ
2530 2632 2670 2686 Σιὼν
2703 2629 3034 2702 ἐξελεύσεται
3085 2632 3274 2707 νόμος,
3306 2633 3395 2689 καὶ
3449 2633 3623 2711 λόγος
3654 2638 3855 2713 Κυρίου

2201 2719 2253 2791 ἐξ
2277 2720 2660 2794 Ἰερουσαλὴμ,
2694 2720 2781 2775 καὶ
2814 2726 2989 2796 κρινεῖ
3019 2722 3116 2776 άνὰ
3148 2724 3308 2796 μέσον
3335 2727 3444 2778 τῶν
3474 2723 3663 2789 ἐθνῶν.
3708 2729 3851 2782 Σιὼν

2200 2813 2303 2886 γὰρ
2344 2810 2567 2867 ἐνταῦθα
2588 2811 2899 2888 ὁλόκληρον
2930 2812 3075 2889 λέγει
3100 2814 3162 2868 τὸ
3194 2814 3401 2891 χωρίον
3434 2817 3524 2872 καὶ
3557 2818 3656 2886 τήν
3676 2840 3851 2893 παρα-

2203 2899 2456 2974 κειμένην
2488 2902 2640 2974 αὐτῷ
2698 2901 3043 2976 μητρόπολιν
3100 2907 3207 2958 τῶν
3255 2902 3563 2964 Ἰουδαίων.
3615 2910 3835 2970 Ἐκεῖθεν

2203 2989 2407 3059 τοίνυν,
2439 2988 2620 3064 ὥσπερ
2636 2990 2695 3046 ἐκ
2719 2987 2982 3065 βαλϐῖδός
3013 3013 3156 3056 τινος
3170 2990 3428 3069 εὔδρομοι
3452 2998 3543 3050 καὶ
3577 2996 3838 3059 εὐσταλεῖς

2199 3076 2388 3146 ἵπποι,
2430 3078 2505 3141 εἷς
2533 3081 2632 3148 τὴν
2668 3079 2989 3153 οἰκουμένην
3056 3081 3260 3137 ἅπασαν
3348 3085 3400 3138 οἱ
3446 3085 3745 3140 ἀπόστολοι
3773 3085 3854 3156 ἐξ-

2210 3169 2583 3244 επέμφθησαν,
2614 3167 2813 3232 ἐκεῖθεν
2843 3168 2909 3224 τὰ
2940 3175 3144 3242 σημεῖα
3208 3176 3383 3226 ποιεῖν
3438 3169 3701 3247 ἤρξαντοο
3753 3173 3863 3230 ἐκεῖ

2207 3258 2392 3331 γέγονε
2425 3258 2488 3312 τὸ
2542 3259 2812 3332 σωτήριον
2873 3260 3044 3320 πάθος
3098 3258 3188 3314 καὶ
3241 3260 3276 3329 ἠ
3337 3261 3626 3326 ἀνάστασις
3682 3263 3772 3320 καὶ
3826 3267 3862 3335 ἡ

2208 3346 2498 3420 ἀνάληψις,
2532 3346 2643 3402 ἐκεῖ
2670 3346 2737 3402 τά
2763 3348 3037 3423 προοίμια
3075 3349 3164 3404 καὶ
3217 3351 3252 3419 ἠ
3285 3349 3430 3425 ἀρχὴ
3460 3359 3563 3422 τῆς
3586 3356 3864 3431 ἡμετέρας

2208 3434 2503 3511 σωτηρίας.
2535 3437 2682 3492 Ἐκεῖ
2721 3436 2788 3490 τὰ
2854 3436 3137 3512 άπόρρητα
3193 3435 3438 3515 δόγματα
3492 3443 3863 3517 κηρύττεσθαι

2205 3524 2305 3591 τήν
2333 3523 2512 3598 ἀρχὴν
2543 3521 2750 3582 ἔλαϐεν.
2804 3526 2955 3582 Ἐκεῖ
2999 3531 3215 3600 πρῶτον
3275 3528 3630 3610 ἀπεκαλύφθη
3671 3536 3860 3611 Ιιατήρ

2205 3613 2294 3667 καὶ
2354 3612 2645 3689 ἐγνωρίσθη
2710 3615 3005 3690 μονογενὴς
3065 3616 3188 3680 Υἱὸς
3242 3618 3332 3672 καὶ
3390 3615 3552 3690 ἐδόθη
3612 3622 3858 3694 τοσαύτη

2209 3700 2521 3774 Πνεύματος
2552 3702 2709 3777 ἁγίου
2742 3703 2925 3778 χάρις.
2977 3704 3076 3758 Καὶ
3131 3704 3223 3759 τὸν
3278 3707 3404 3782 περὶ
3459 3712 3569 3763 τῶν
3624 3710 3861 3786 ἀσωμά-

2204 3813 2312 3847 των
2383 3790 2544 3865 λόγον
2603 3791 2713 3846 ἐκεῖ
2764 3790 3086 3867 ἐγύμναζον,
3120 3794 3222 3871 ¹καὶ
3281 3791 3498 3871 δωρεῶν
3547 3800 3639 3854 καὶ
3700 3799 3859 3857 δυνά-

2210 3901 2353 3953 μεων
2386 3862 2475 3934 καῖ
2506 3885 2614 3935 τῶν
2668 3862 2986 3955 μελλόντων
3063 3862 3280 3957 άγαθῶν
3338 3862 3432 3947 τὰς
3497 3885 3855 3965 ἐπαγγελίας,

2207 3969 2340 4042 ἅπερ
2373 3968 2577 4024 ἅπαντα
2603 3964 2943 4043 ὡραιότητας
2975 3976 3072 4025 τοῦ
3103 3976 3234 4027 Θεοῦ
3274 3970 3443 4049 λέγει·
3501 3964 3690 4049 κάλλη
3749 3982 3857 4054 γὰρ

2206 4062 2341 4113 Θεοῦ
2370 4059 2458 4113 καὶ
2494 4059 2767 4132 ὡραιότης
2799 4059 2834 4129 ἠ
2884 4059 3150 4136 ἀγαθότης
3202 4063 3289 4117 καὶ
3351 4063 3737 4140 φιλανθρωπία
3766 4072 3858 4124 καί

2205 4148 2240 4216 ἠ
2283 4146 2357 4209 εἰς
2392 4147 2592 4209 πάντας
2619 4146 2919 4221 εὐεργεσία.
2969 4148 3119 4205 Ἐκεῖ
3168 4149 3350 4206 τοίνυν
3396 4154 3488 4207 καὶ
3541 4155 3603 4209 τὸ
3656 4162 3860 4231 πτῶμα

2206 4235 2292 4289 καὶ
2324 4241 2568 4308 πταῖσμα
2627 4240 2723 4291 τοῦ
2791 4234 2967 4310 Ἀδὰμ
3020 4239 3370 4312 θεραπεύσας,
3402 4243 3491 4297 καὶ
3550 4246 3648 4315 τήν
3695 4248 3858 4323 ταχί-

2207 4347 2359 4395 στην,
2403 4324 2583 4393 ὥσπερ
2637 4326 2728 4381 καὶ
2791 4325 3119 4403 ὑπόπτερον,
3170 4333 3275 4383 τῶν
3333 4331 3498 4407 ἁγίων
3548 4330 3857 4391 συνέλευσιν

2205 4415 2295 4469 καὶ
2328 4415 2623 4484 ὑπάντησιν
2684 4414 2733 4469 ἐν
2792 4418 2860 4489 τῇ
2921 4412 3141 4491 δευτέρᾳ
3197 4417 3361 4474 αὐτοῦ
3418 4424 3687 4497 παρουσίᾳ
3714 4446 3855 4500 προσ

2207 4503 2577 4580 ϋπεμφαίνων,
2606 4500 2810 4580 ἔλεγεν·
2855 4505 3032 4559 ’Ὀπου
3082 4507 3144 4561 τὸ
3193 4512 3412 4582 πτῶμα,
3443 4508 3556 4566 ἐκεῖ
3584 4517 3857 4589 amulo-.5-

1963 4600 2092 4669 Ubi,
2125 4601 2171 4666 Ι)
2203 4613 2385 4647 σονται
2417 4594 2470 4648 οἱ
2502 4592 2667 4650 ἀετοί.
2722 4593 2994 4655 Ὡσαύτως
3054 4591 3108 4648 δὲ
3165 4597 3255 4650 καὶ
3311 4598 3340 4652 6
3401 4598 3571 4677 μέγας
3630 4604 3853 4659 Ἀθανά-

2206 4701 2321 4744 σιος
2352 4680 2427 4742 εἰς
2457 4682 2519 4734 τὸ
2570 4681 2740 4746 πάθος
2800 4685 2896 4735 τοῦ
2943 4683 3180 4758 Χριστοῦ
3266 4681 3435 4761 λέγει’
3499 4688 3697 4765 Διόπερ
3755 4691 3851 4746 οὐκ

2205 4770 2487 4828 ἀλλαχόσε
2516 4775 2719 4849 πάσχει
2749 4774 2979 4846 Χριστὸς
3037 4774 3159 4831 οὕτε
3217 4778 3324 4850 μὴν
3380 4778 3456 4842 εἰς
3489 4778 3660 4837 ἃλλον
3696 4805 3849 4840 σταυ-

2211 4866 2393 4935 ροῦται
2422 4861 2588 4917 τόπον
2617 4864 2652 4932 ἢ
2676 4862 2751 4925 εἷς
2781 4867 2879 4917 τοῦ
2919 4863 3150 4938 Κρανίου
3180 4867 3367 4940 τόπον,
3426 4869 3477 4924 ἐν
3526 4870 3572 4944 ᾧ
3630 4868 3698 4942 δὴ
3739 4879 3847 4929 τῶν

2205 4946 2474 5025 Ἑϐραίων
2507 4952 2558 5006 οἱ
2621 4948 2941 5007 διδάσκαλοί
2999 4975 3125 5028 φασι
3177 4960 3272 5011 τοῦ
3331 4955 3508 5033 Ἀδάμ
3569 4962 3708 5016 εἶναι
3759 4965 3851 5017 τὸν

2205 5040 2394 5117 τάφον*
2428 5037 2538 5096 ἒκεῖ
2579 5039 2680 5117 γὰρ
2738 5040 2896 5095 αὐτὸν
2969 5042 3101 5115 μετὰ
3156 5045 3254 5114 τήν
3309 5047 3541 5123 κατάραν
3595 5053 3849 5130 τεθάφθαι

2209 5124 2666 5185 διαϐεϐαιοῦνται.
2729 5130 2826 5184 Διὰ
2880 5134 3042 5185 τοῦτο
3088 5134 3349 5208 θαυμάζω
3394 5142 3493 5192 τοῦ
3550 5124 3845 5209 τόπου-τήν

2209 5218 2540 5289 οἰκειότητα.
2571 5216 2722 5276 Ἔδει
2752 5219 2852 5295 γὰρ
2884 5221 2978 5275 τὸν
3033 5221 3229 5297 Κύριον
3279 5224 3576 5283 ἆνανεῶσαι
3629 5229 3852 5285 θέλοντα

2207 5309 2298 5363 τὸν
2330 5315 2545 5383 πρῶτον
2579 5308 2884 5384 ἄνθρωπον,
2941 5307 2993 5363 έν
3049 5309 3237 5385 ἐκείνῳ
3291 5321 3481 5379 παθεῖν
3539 5322 3619 5390 τῷ
3673 5321 3845 5392 τόπῳ.

2210 5396 2312 5455 Καὶ
2344 5395 2530 5468 ἐπειδὴ
2563 5396 2790 5468 ἤκουσεν
2826 5394 3023 5471 Ἀδάμ·
3085 5405 3160 5469 Γῆ
3221 5401 3271 5456 εἶ
3323 5404 3410 5458 καὶ
3460 5405 3537 5467 εἰς
3593 5414 3699 5482 γῆν
3728 5408 3852 5462 ἀπε-

2210 5485 2397 5559 λεύσῃ,
2427 5487 2595 5563 ταύτῃ
2623 5489 2709 5562 [Ρ.
2742 5488 2867 5560 429]
2897 5484 3063 5542 πάλιν
3126 5487 3237 5544 ἐκεῖ
3289 5492 3542 5564 τέθειται,
3594 5494 3690 5551 ’ίνα
3721 5496 3772 5553 έν
3803 5497 3846 5570 ᾧ

517 5680 563 5717 ¹⁸
590 5677 722 5739 Osc.
753 5695 853 5751 xu,
890 5682 977 5735 10.
1053 5681 1099 5722 ιο
1130 5682 1222 5737 lsa
1248 5699 1363 5753 xiv,
1394 5685 1483 5741 32.
1560 5686 1603 5722 ¹“¹
1633 5686 1834 5744 Matth.
1868 5704 1973 5759 xu,
2004 5690 2094 5746 40.

2205 5687 2219 5724 ⁵
2247 5691 2359 5747 Isa.
2391 5706 2453 5760 ιι,
2484 5693 2535 5747 3.
