  <div class='ocr_page' id='page_1' title='image "/cluster/home/n/w/nwhite01/storage/ocr_20150623/121/mdp.39015078384289/418.png"; bbox 0 0 4052 6316; ppageno 0'>
   <div class='ocr_carea' id='block_1_1' title="bbox 180 389 319 450">
    <p class='ocr_par' dir='ltr' id='par_1_1' title="bbox 180 389 319 450">
     <span class='ocr_line' id='line_1_1' title="bbox 180 389 319 450; baseline -0.014 0"><span class='ocrx_word' id='word_1_1' title='bbox 180 389 319 450; x_wconf 74' lang='grc' dir='ltr'>82ί</span> 
     </span>
    </p>
   </div>
   <div class='ocr_carea' id='block_1_2' title="bbox 1344 374 2456 458">
    <p class='ocr_par' dir='ltr' id='par_1_2' title="bbox 1344 374 2456 458">
     <span class='ocr_line' id='line_1_2' title="bbox 1344 374 2456 458; baseline 0.004 -9"><span class='ocrx_word' id='word_1_2' title='bbox 1344 375 1903 450; x_wconf 71' lang='lat' dir='ltr'>ais&#39;romAa&#39;UM</span> <span class='ocrx_word' id='word_1_3' title='bbox 1944 374 2456 458; x_wconf 34' lang='lat' dir='ltr'>(TOMP‘ENDIUM</span> 
     </span>
    </p>
   </div>
   <div class='ocr_carea' id='block_1_3' title="bbox 3498 383 3619 459">
    <p class='ocr_par' dir='ltr' id='par_1_3' title="bbox 3498 383 3619 459">
     <span class='ocr_line' id='line_1_3' title="bbox 3498 383 3619 459; baseline -0.008 0"><span class='ocrx_word' id='word_1_4' title='bbox 3498 383 3619 459; x_wconf 59' lang='grc' dir='ltr'>θεὲ</span> 
     </span>
    </p>
   </div>
   <div class='ocr_carea' id='block_1_4' title="bbox 180 516 1842 600">
    <p class='ocr_par' dir='ltr' id='par_1_4' title="bbox 180 516 1842 597">
     <span class='ocr_line' id='line_1_4' title="bbox 180 516 1842 597; baseline -0.003 -19"><span class='ocrx_word' id='word_1_5' title='bbox 180 544 359 596; x_wconf 87' lang='grc' dir='ltr'>τοπῳ</span> <span class='ocrx_word' id='word_1_6' title='bbox 388 523 491 592; x_wconf 79' lang='grc' dir='ltr'>τὴν</span> <span class='ocrx_word' id='word_1_7' title='bbox 521 524 758 597; x_wconf 80' lang='grc' dir='ltr'>κατάραν</span> <span class='ocrx_word' id='word_1_8' title='bbox 788 516 1003 592; x_wconf 86' lang='grc' dir='ltr'>ἔλαϐεν,</span> <span class='ocrx_word' id='word_1_9' title='bbox 1035 521 1146 577; x_wconf 83' lang='grc' dir='ltr'>ἐκεῖ</span> <span class='ocrx_word' id='word_1_10' title='bbox 1195 521 1288 577; x_wconf 89' lang='grc' dir='ltr'>καὶ</span> <span class='ocrx_word' id='word_1_11' title='bbox 1335 522 1437 590; x_wconf 79' lang='grc' dir='ltr'>τὴν</span> <span class='ocrx_word' id='word_1_12' title='bbox 1467 518 1622 575; x_wconf 85' lang='grc' dir='ltr'>λῦσιν</span> <span class='ocrx_word' id='word_1_13' title='bbox 1652 518 1842 589; x_wconf 67' lang='grc' dir='ltr'>ταύτης</span> 
     </span>
    </p>
   </div>
   <div class='ocr_carea' id='block_1_5' title="bbox 1958 516 3615 600">
    <p class='ocr_par' dir='ltr' id='par_1_5' title="bbox 1970 522 3615 600">
     <span class='ocr_line' id='line_1_5' title="bbox 1970 522 3615 600; baseline 0.004 -20"><span class='ocrx_word' id='word_1_14' title='bbox 1970 526 2194 582; x_wconf 91' lang='lat' dir='ltr'>dictum</span> <span class='ocrx_word' id='word_1_15' title='bbox 2228 534 2319 584; x_wconf 90' lang='lat' dir='ltr'>est</span> <span class='ocrx_word' id='word_1_16' title='bbox 2343 530 2588 598; x_wconf 84' lang='lat' dir='ltr'>Adamo,</span> <span class='ocrx_word' id='word_1_17' title='bbox 2622 533 2799 585; x_wconf 82' lang='lat' dir='ltr'><strong>Terra</strong></span> <span class='ocrx_word' id='word_1_18' title='bbox 2827 545 2911 600; x_wconf 89' lang='lat' dir='ltr'>es,</span> <span class='ocrx_word' id='word_1_19' title='bbox 2940 536 2999 585; x_wconf 91' lang='lat' dir='ltr'>et</span> <span class='ocrx_word' id='word_1_20' title='bbox 3026 530 3089 585; x_wconf 87' lang='lat' dir='ltr'>in</span> <span class='ocrx_word' id='word_1_21' title='bbox 3118 535 3340 587; x_wconf 89' lang='lat' dir='ltr'>terram</span> <span class='ocrx_word' id='word_1_22' title='bbox 3371 522 3615 599; x_wconf 76' lang='lat' dir='ltr'>redibis,</span> 
     </span>
    </p>
   </div>
   <div class='ocr_carea' id='block_1_6' title="bbox 186 609 449 683">
    <p class='ocr_par' dir='ltr' id='par_1_6' title="bbox 186 609 449 683">
     <span class='ocr_line' id='line_1_6' title="bbox 186 609 449 683; baseline 0.015 -16"><span class='ocrx_word' id='word_1_23' title='bbox 186 609 449 683; x_wconf 80' lang='grc' dir='ltr'>δέξηται.</span> 
     </span>
    </p>
   </div>
   <div class='ocr_carea' id='block_1_7' title="bbox 264 875 1850 955">
    <p class='ocr_par' dir='ltr' id='par_1_7' title="bbox 264 875 1850 955">
     <span class='ocr_line' id='line_1_7' title="bbox 264 875 1850 955; baseline -0.006 -16"><span class='ocrx_word' id='word_1_24' title='bbox 264 882 424 939; x_wconf 74' lang='grc' dir='ltr'>⁸Ὀντι</span> <span class='ocrx_word' id='word_1_25' title='bbox 484 878 541 935; x_wconf 76' lang='grc' dir='ltr'>δὲ</span> <span class='ocrx_word' id='word_1_26' title='bbox 596 884 674 953; x_wconf 80' lang='grc' dir='ltr'>τῷ</span> <span class='ocrx_word' id='word_1_27' title='bbox 730 879 946 955; x_wconf 86' lang='grc' dir='ltr'>βασιλεῖ</span> <span class='ocrx_word' id='word_1_28' title='bbox 989 877 1296 955; x_wconf 76' lang='grc' dir='ltr'>Ἡρακλείῳ</span> <span class='ocrx_word' id='word_1_29' title='bbox 1346 877 1398 934; x_wconf 85' lang='grc' dir='ltr'>ἐν</span> <span class='ocrx_word' id='word_1_30' title='bbox 1455 882 1525 953; x_wconf 79' lang='grc' dir='ltr'>τῇ</span> <span class='ocrx_word' id='word_1_31' title='bbox 1577 875 1850 952; x_wconf 79' lang='grc' dir='ltr'>Ἀνατολῇ</span> 
     </span>
    </p>
   </div>
   <div class='ocr_carea' id='block_1_8' title="bbox 184 964 1840 1047">
    <p class='ocr_par' dir='ltr' id='par_1_8' title="bbox 184 964 1840 1047">
     <span class='ocr_line' id='line_1_8' title="bbox 184 964 1840 1047; baseline -0.005 -20"><span class='ocrx_word' id='word_1_32' title='bbox 184 970 464 1047; x_wconf 76' lang='grc' dir='ltr'>ἐγεννήθη</span> <span class='ocrx_word' id='word_1_33' title='bbox 498 970 650 1042; x_wconf 84' lang='grc' dir='ltr'>αὐτῷ</span> <span class='ocrx_word' id='word_1_34' title='bbox 680 969 795 1032; x_wconf 83' lang='grc' dir='ltr'>υἱὸς</span> <span class='ocrx_word' id='word_1_35' title='bbox 827 969 854 1023; x_wconf 88' lang='lat'>6</span> <span class='ocrx_word' id='word_1_36' title='bbox 886 964 1079 1026; x_wconf 81' lang='grc' dir='ltr'>Δαϐἶδ.</span> <span class='ocrx_word' id='word_1_37' title='bbox 1121 971 1205 1042; x_wconf 75' lang='grc' dir='ltr'>Τῇ</span> <span class='ocrx_word' id='word_1_38' title='bbox 1262 967 1399 1041; x_wconf 75' lang='grc' dir='ltr'>αὐτῇ</span> <span class='ocrx_word' id='word_1_39' title='bbox 1431 968 1612 1041; x_wconf 82' lang='grc' dir='ltr'>ἡμέρᾳ</span> <span class='ocrx_word' id='word_1_40' title='bbox 1642 965 1840 1042; x_wconf 83' lang='grc' dir='ltr'>ἐτέχθη</span> 
     </span>
    </p>
   </div>
   <div class='ocr_carea' id='block_1_9' title="bbox 183 1052 1852 1132">
    <p class='ocr_par' dir='ltr' id='par_1_9' title="bbox 183 1052 1852 1132">
     <span class='ocr_line' id='line_1_9' title="bbox 183 1052 1852 1132; baseline -0.003 -18"><span class='ocrx_word' id='word_1_41' title='bbox 183 1060 287 1115; x_wconf 83' lang='grc' dir='ltr'>καὶ</span> <span class='ocrx_word' id='word_1_42' title='bbox 342 1059 732 1132; x_wconf 83' lang='grc' dir='ltr'>Κωνσταντίνῳ</span> <span class='ocrx_word' id='word_1_43' title='bbox 795 1062 875 1130; x_wconf 85' lang='grc' dir='ltr'>τῷ</span> <span class='ocrx_word' id='word_1_44' title='bbox 941 1059 1043 1130; x_wconf 80' lang='grc' dir='ltr'>υἱῷ</span> <span class='ocrx_word' id='word_1_45' title='bbox 1113 1054 1457 1131; x_wconf 74' lang='grc' dir='ltr'>Ἡρακλειος,</span> <span class='ocrx_word' id='word_1_46' title='bbox 1511 1052 1852 1131; x_wconf 76' lang='grc' dir='ltr'>Ἡράκλειος,</span> 
     </span>
    </p>
   </div>
   <div class='ocr_carea' id='block_1_10' title="bbox 186 1141 1851 1223">
    <p class='ocr_par' dir='ltr' id='par_1_10' title="bbox 186 1141 1851 1223">
     <span class='ocr_line' id='line_1_10' title="bbox 186 1141 1851 1223; baseline -0.005 -19"><span class='ocrx_word' id='word_1_47' title='bbox 186 1150 256 1211; x_wconf 82' lang='grc' dir='ltr'>ὃς</span> <span class='ocrx_word' id='word_1_48' title='bbox 317 1143 613 1218; x_wconf 79' lang='grc' dir='ltr'>ἐϐαπτίσθη</span> <span class='ocrx_word' id='word_1_49' title='bbox 676 1148 779 1203; x_wconf 83' lang='grc' dir='ltr'>ὑπὸ</span> <span class='ocrx_word' id='word_1_50' title='bbox 837 1147 1070 1223; x_wconf 88' lang='grc' dir='ltr'>Σεργίου</span> <span class='ocrx_word' id='word_1_51' title='bbox 1126 1150 1223 1202; x_wconf 76' lang='grc' dir='ltr'>τοῦ</span> <span class='ocrx_word' id='word_1_52' title='bbox 1279 1146 1648 1223; x_wconf 79' lang='grc' dir='ltr'>πατριάρχου.</span> <span class='ocrx_word' id='word_1_53' title='bbox 1690 1147 1779 1216; x_wconf 78' lang='grc' dir='ltr'>Τῷ</span> <span class='ocrx_word' id='word_1_54' title='bbox 1805 1141 1851 1196; x_wconf 85' lang='grc' dir='ltr'>δ’</span> 
     </span>
    </p>
   </div>
   <div class='ocr_carea' id='block_1_11' title="bbox 187 1231 1850 1310">
    <p class='ocr_par' dir='ltr' id='par_1_11' title="bbox 187 1231 1850 1310">
     <span class='ocr_line' id='line_1_11' title="bbox 187 1231 1850 1310; baseline -0.004 -17"><span class='ocrx_word' id='word_1_55' title='bbox 187 1237 350 1310; x_wconf 79' lang='grc' dir='ltr'>αὖτῷ</span> <span class='ocrx_word' id='word_1_56' title='bbox 408 1235 516 1293; x_wconf 84' lang='grc' dir='ltr'>ἔτει</span> <span class='ocrx_word' id='word_1_57' title='bbox 577 1236 939 1308; x_wconf 69' lang='grc' dir='ltr'>ἐπανέστησαν</span> <span class='ocrx_word' id='word_1_58' title='bbox 1000 1238 1053 1291; x_wconf 68' lang='grc' dir='ltr'>οἱ</span> <span class='ocrx_word' id='word_1_59' title='bbox 1131 1234 1328 1309; x_wconf 85' lang='grc' dir='ltr'>Πέρσαι</span> <span class='ocrx_word' id='word_1_60' title='bbox 1385 1236 1504 1290; x_wconf 87' lang='grc' dir='ltr'>κατ’</span> <span class='ocrx_word' id='word_1_61' title='bbox 1559 1231 1850 1305; x_wconf 78' lang='grc' dir='ltr'>ἀλλήλων,</span> 
     </span>
    </p>
   </div>
   <div class='ocr_carea' id='block_1_12' title="bbox 188 1318 1853 1404">
    <p class='ocr_par' dir='ltr' id='par_1_12' title="bbox 188 1318 1853 1404">
     <span class='ocr_line' id='line_1_12' title="bbox 188 1318 1853 1404; baseline -0.004 -22"><span class='ocrx_word' id='word_1_62' title='bbox 188 1327 288 1382; x_wconf 79' lang='grc' dir='ltr'>καὶ</span> <span class='ocrx_word' id='word_1_63' title='bbox 330 1324 541 1381; x_wconf 76' lang='grc' dir='ltr'>πολλοὶ</span> <span class='ocrx_word' id='word_1_64' title='bbox 573 1323 955 1404; x_wconf 69' lang='grc' dir='ltr'>διεφθάρησαν.</span> <span class='ocrx_word' id='word_1_65' title='bbox 987 1325 1121 1379; x_wconf 83' lang='grc' dir='ltr'>Τότε</span> <span class='ocrx_word' id='word_1_66' title='bbox 1169 1325 1197 1378; x_wconf 92' lang='lat'>6</span> <span class='ocrx_word' id='word_1_67' title='bbox 1250 1321 1506 1398; x_wconf 80' lang='grc' dir='ltr'>βασιλεὺς</span> <span class='ocrx_word' id='word_1_68' title='bbox 1532 1326 1637 1377; x_wconf 79' lang='grc' dir='ltr'>τῶν</span> <span class='ocrx_word' id='word_1_69' title='bbox 1672 1318 1853 1378; x_wconf 80' lang='grc' dir='ltr'>Ἰνδῶν</span> 
     </span>
    </p>
   </div>
   <div class='ocr_carea' id='block_1_13' title="bbox 186 1408 1851 1493">
    <p class='ocr_par' dir='ltr' id='par_1_13' title="bbox 186 1408 1851 1493">
     <span class='ocr_line' id='line_1_13' title="bbox 186 1408 1851 1493; baseline -0.005 -22"><span class='ocrx_word' id='word_1_70' title='bbox 186 1413 401 1489; x_wconf 79' lang='grc' dir='ltr'>πέμπει</span> <span class='ocrx_word' id='word_1_71' title='bbox 434 1415 710 1493; x_wconf 82' lang='grc' dir='ltr'>συγχάρια</span> <span class='ocrx_word' id='word_1_72' title='bbox 742 1413 822 1488; x_wconf 80' lang='grc' dir='ltr'>τῷ</span> <span class='ocrx_word' id='word_1_73' title='bbox 873 1412 1115 1490; x_wconf 80' lang='grc' dir='ltr'>βασιλεῖ,</span> <span class='ocrx_word' id='word_1_74' title='bbox 1177 1410 1510 1489; x_wconf 80' lang='grc' dir='ltr'>μαργαρίτας</span> <span class='ocrx_word' id='word_1_75' title='bbox 1540 1409 1630 1465; x_wconf 75' lang='grc' dir='ltr'>καὶ</span> <span class='ocrx_word' id='word_1_76' title='bbox 1664 1408 1851 1471; x_wconf 88' lang='grc' dir='ltr'>λίθους</span> 
     </span>
    </p>
   </div>
   <div class='ocr_carea' id='block_1_14' title="bbox 182 1498 1848 1578">
    <p class='ocr_par' dir='ltr' id='par_1_14' title="bbox 182 1498 1848 1578">
     <span class='ocr_line' id='line_1_14' title="bbox 182 1498 1848 1578; baseline -0.004 -19"><span class='ocrx_word' id='word_1_77' title='bbox 182 1504 417 1578; x_wconf 80' lang='grc' dir='ltr'>τιμίους</span> <span class='ocrx_word' id='word_1_78' title='bbox 449 1502 714 1567; x_wconf 78' lang='grc' dir='ltr'>πολλούς.</span> <span class='ocrx_word' id='word_1_79' title='bbox 764 1504 865 1560; x_wconf 88' lang='grc' dir='ltr'>Ἦν</span> <span class='ocrx_word' id='word_1_80' title='bbox 915 1500 972 1557; x_wconf 70' lang='grc' dir='ltr'>δὲ</span> <span class='ocrx_word' id='word_1_81' title='bbox 1028 1502 1056 1556; x_wconf 97' lang='lat'>6</span> <span class='ocrx_word' id='word_1_82' title='bbox 1115 1499 1358 1576; x_wconf 88' lang='grc' dir='ltr'>Μωάμεδ</span> <span class='ocrx_word' id='word_1_83' title='bbox 1389 1498 1848 1577; x_wconf 80' lang='grc' dir='ltr'>προτελευτήσας,</span> 
     </span>
    </p>
   </div>
   <div class='ocr_carea' id='block_1_15' title="bbox 185 1587 1844 1668">
    <p class='ocr_par' dir='ltr' id='par_1_15' title="bbox 185 1587 1844 1668">
     <span class='ocr_line' id='line_1_15' title="bbox 185 1587 1844 1668; baseline -0.004 -19"><span class='ocrx_word' id='word_1_84' title='bbox 185 1591 251 1655; x_wconf 75' lang='grc' dir='ltr'>ὅς</span> <span class='ocrx_word' id='word_1_85' title='bbox 284 1592 481 1664; x_wconf 81' lang='grc' dir='ltr'>ἔστησε</span> <span class='ocrx_word' id='word_1_86' title='bbox 517 1594 779 1668; x_wconf 85' lang='grc' dir='ltr'>τέσσαρας</span> <span class='ocrx_word' id='word_1_87' title='bbox 810 1589 1098 1668; x_wconf 86' lang='grc' dir='ltr'>άμηράδας</span> <span class='ocrx_word' id='word_1_88' title='bbox 1130 1590 1395 1663; x_wconf 82' lang='grc' dir='ltr'>πολεμεῖν</span> <span class='ocrx_word' id='word_1_89' title='bbox 1425 1595 1540 1651; x_wconf 84' lang='grc' dir='ltr'>τοῖς</span> <span class='ocrx_word' id='word_1_90' title='bbox 1586 1587 1639 1660; x_wconf 77' lang='grc' dir='ltr'>ἒξ</span> <span class='ocrx_word' id='word_1_91' title='bbox 1691 1588 1844 1664; x_wconf 89' lang='grc' dir='ltr'>Ἀρά-</span> 
     </span>
    </p>
   </div>
   <div class='ocr_carea' id='block_1_16' title="bbox 187 1677 1845 1757">
    <p class='ocr_par' dir='ltr' id='par_1_16' title="bbox 187 1677 1845 1757">
     <span class='ocr_line' id='line_1_16' title="bbox 187 1677 1845 1757; baseline -0.004 -19"><span class='ocrx_word' id='word_1_92' title='bbox 187 1678 306 1738; x_wconf 85' lang='grc' dir='ltr'>ϐων</span> <span class='ocrx_word' id='word_1_93' title='bbox 366 1681 677 1757; x_wconf 82' lang='grc' dir='ltr'>γενομένοις</span> <span class='ocrx_word' id='word_1_94' title='bbox 735 1683 1104 1756; x_wconf 72' lang='grc' dir='ltr'>Χριπιανοῖς.</span> <span class='ocrx_word' id='word_1_95' title='bbox 1177 1679 1281 1737; x_wconf 86' lang='grc' dir='ltr'>Καὶ</span> <span class='ocrx_word' id='word_1_96' title='bbox 1335 1677 1509 1749; x_wconf 76' lang='grc' dir='ltr'>ἦλθον</span> <span class='ocrx_word' id='word_1_97' title='bbox 1567 1680 1845 1733; x_wconf 73' lang='grc' dir='ltr'>κατέναντι</span> 
     </span>
    </p>
   </div>
   <div class='ocr_carea' id='block_1_17' title="bbox 191 1764 1849 1846">
    <p class='ocr_par' dir='ltr' id='par_1_17' title="bbox 191 1764 1849 1846">
     <span class='ocr_line' id='line_1_17' title="bbox 191 1764 1849 1846; baseline -0.004 -19"><span class='ocrx_word' id='word_1_98' title='bbox 191 1769 484 1845; x_wconf 74' lang='grc' dir='ltr'>Θεοδώρου</span> <span class='ocrx_word' id='word_1_99' title='bbox 521 1767 1005 1846; x_wconf 82' lang='grc' dir='ltr'>κουϐικουλαρίου,</span> <span class='ocrx_word' id='word_1_100' title='bbox 1052 1770 1141 1824; x_wconf 81' lang='grc' dir='ltr'>καὶ</span> <span class='ocrx_word' id='word_1_101' title='bbox 1200 1764 1573 1843; x_wconf 90' lang='grc' dir='ltr'>συμϐαλόντες</span> <span class='ocrx_word' id='word_1_102' title='bbox 1604 1766 1849 1843; x_wconf 89' lang='grc' dir='ltr'>πόλεμον</span> 
     </span>
    </p>
   </div>
   <div class='ocr_carea' id='block_1_18' title="bbox 1964 616 3614 691">
    <p class='ocr_par' dir='ltr' id='par_1_18' title="bbox 1964 616 3614 691">
     <span class='ocr_line' id='line_1_18' title="bbox 1964 616 3614 691; baseline 0.004 -21"><span class='ocrx_word' id='word_1_103' title='bbox 1964 616 2045 671; x_wconf 90' lang='lat' dir='ltr'>ibi</span> <span class='ocrx_word' id='word_1_104' title='bbox 2077 617 2125 671; x_wconf 92' lang='lat' dir='ltr'>is</span> <span class='ocrx_word' id='word_1_105' title='bbox 2156 619 2500 673; x_wconf 89' lang='lat' dir='ltr'>reconditus</span> <span class='ocrx_word' id='word_1_106' title='bbox 2526 619 2658 686; x_wconf 87' lang='lat' dir='ltr'>fuit,</span> <span class='ocrx_word' id='word_1_107' title='bbox 2690 624 2755 674; x_wconf 92' lang='lat' dir='ltr'>ut</span> <span class='ocrx_word' id='word_1_108' title='bbox 2788 636 2904 691; x_wconf 89' lang='lat' dir='ltr'>quo</span> <span class='ocrx_word' id='word_1_109' title='bbox 2936 619 2997 674; x_wconf 90' lang='lat' dir='ltr'>in</span> <span class='ocrx_word' id='word_1_110' title='bbox 3049 619 3177 675; x_wconf 93' lang='lat' dir='ltr'>loco</span> <span class='ocrx_word' id='word_1_111' title='bbox 3208 619 3614 677; x_wconf 79' lang='lat' dir='ltr'>damnationis</span> 
     </span>
    </p>
   </div>
   <div class='ocr_carea' id='block_1_19' title="bbox 1962 708 3613 783">
    <p class='ocr_par' dir='ltr' id='par_1_19' title="bbox 1962 708 3613 783">
     <span class='ocr_line' id='line_1_19' title="bbox 1962 708 3613 783; baseline 0.003 -22"><span class='ocrx_word' id='word_1_112' title='bbox 1962 709 2322 762; x_wconf 88' lang='lat' dir='ltr'>sententiam</span> <span class='ocrx_word' id='word_1_113' title='bbox 2351 708 2636 779; x_wconf 83' lang='lat' dir='ltr'>percepit,</span> <span class='ocrx_word' id='word_1_114' title='bbox 2672 725 2738 763; x_wconf 92' lang='lat' dir='ltr'>eo</span> <span class='ocrx_word' id='word_1_115' title='bbox 2766 714 2825 763; x_wconf 93' lang='lat' dir='ltr'>et</span> <span class='ocrx_word' id='word_1_116' title='bbox 2853 708 3290 766; x_wconf 83' lang='lat' dir='ltr'>absolutionem</span> <span class='ocrx_word' id='word_1_117' title='bbox 3321 709 3613 783; x_wconf 88' lang='lat' dir='ltr'>adipisce-</span> 
     </span>
    </p>
   </div>
   <div class='ocr_carea' id='block_1_20' title="bbox 1961 795 2221 851">
    <p class='ocr_par' dir='ltr' id='par_1_20' title="bbox 1961 795 2221 851">
     <span class='ocr_line' id='line_1_20' title="bbox 1961 795 2221 851; baseline 0.004 -1"><span class='ocrx_word' id='word_1_118' title='bbox 1961 800 2126 851; x_wconf 80' lang='lat' dir='ltr'>retur</span> <span class='ocrx_word' id='word_1_119' title='bbox 2155 795 2221 851; x_wconf 69' lang='lat'>‘9.</span> 
     </span>
    </p>
   </div>
   <div class='ocr_carea' id='block_1_21' title="bbox 2032 880 3610 957">
    <p class='ocr_par' dir='ltr' id='par_1_21' title="bbox 2032 880 3610 957">
     <span class='ocr_line' id='line_1_21' title="bbox 2032 880 3610 957; baseline 0.003 -18"><span class='ocrx_word' id='word_1_120' title='bbox 2032 884 2298 941; x_wconf 83' lang='lat' dir='ltr'>Heraclio</span> <span class='ocrx_word' id='word_1_121' title='bbox 2330 885 2392 939; x_wconf 89' lang='lat' dir='ltr'>in</span> <span class='ocrx_word' id='word_1_122' title='bbox 2422 886 2660 940; x_wconf 81' lang='lat' dir='ltr'>Oriente</span> <span class='ocrx_word' id='word_1_123' title='bbox 2691 886 2925 957; x_wconf 83' lang='lat' dir='ltr'>degenti</span> <span class='ocrx_word' id='word_1_124' title='bbox 2960 885 3118 941; x_wconf 79' lang='lat' dir='ltr'>filius</span> <span class='ocrx_word' id='word_1_125' title='bbox 3147 884 3414 943; x_wconf 87' lang='lat' dir='ltr'>nascitur</span> <span class='ocrx_word' id='word_1_126' title='bbox 3444 880 3610 945; x_wconf 86' lang='lat' dir='ltr'>Davi-</span> 
     </span>
    </p>
   </div>
   <div class='ocr_carea' id='block_1_22' title="bbox 1958 972 3608 1045">
    <p class='ocr_par' dir='ltr' id='par_1_22' title="bbox 1958 972 3608 1045">
     <span class='ocr_line' id='line_1_22' title="bbox 1958 972 3608 1045; baseline 0.002 -17"><span class='ocrx_word' id='word_1_127' title='bbox 1958 973 2089 1029; x_wconf 89' lang='lat' dir='ltr'>dus.</span> <span class='ocrx_word' id='word_1_128' title='bbox 2117 975 2447 1045; x_wconf 88' lang='lat' dir='ltr'>Eademque</span> <span class='ocrx_word' id='word_1_129' title='bbox 2480 975 2574 1029; x_wconf 89' lang='lat' dir='ltr'>die</span> <span class='ocrx_word' id='word_1_130' title='bbox 2601 975 2983 1030; x_wconf 85' lang='lat' dir='ltr'>Constantino</span> <span class='ocrx_word' id='word_1_131' title='bbox 3006 977 3252 1031; x_wconf 85' lang='lat' dir='ltr'>lleraclii</span> <span class='ocrx_word' id='word_1_132' title='bbox 3275 977 3399 1031; x_wconf 78' lang='lat' dir='ltr'>filio</span> <span class='ocrx_word' id='word_1_133' title='bbox 3421 972 3608 1032; x_wconf 77' lang='lat' dir='ltr'>nasci-</span> 
     </span>
    </p>
   </div>
   <div class='ocr_carea' id='block_1_23' title="bbox 1959 1064 3605 1137">
    <p class='ocr_par' dir='ltr' id='par_1_23' title="bbox 1959 1064 3605 1137">
     <span class='ocr_line' id='line_1_23' title="bbox 1959 1064 3605 1137; baseline 0.002 -20"><span class='ocrx_word' id='word_1_134' title='bbox 1959 1068 2054 1118; x_wconf 87' lang='lat' dir='ltr'>tur</span> <span class='ocrx_word' id='word_1_135' title='bbox 2081 1065 2402 1133; x_wconf 88' lang='lat' dir='ltr'>lleraclius,</span> <span class='ocrx_word' id='word_1_136' title='bbox 2435 1080 2613 1136; x_wconf 88' lang='lat' dir='ltr'>quem</span> <span class='ocrx_word' id='word_1_137' title='bbox 2644 1064 2878 1136; x_wconf 83' lang='lat' dir='ltr'>Sergius</span> <span class='ocrx_word' id='word_1_138' title='bbox 2910 1065 3246 1135; x_wconf 85' lang='lat' dir='ltr'>patriarcha</span> <span class='ocrx_word' id='word_1_139' title='bbox 3273 1065 3605 1137; x_wconf 72' lang='lat' dir='ltr'>baptitavit.</span> 
     </span>
    </p>
   </div>
   <div class='ocr_carea' id='block_1_24' title="bbox 1957 1153 3606 1225">
    <p class='ocr_par' dir='ltr' id='par_1_24' title="bbox 1957 1153 3606 1225">
     <span class='ocr_line' id='line_1_24' title="bbox 1957 1153 3606 1225; baseline 0.002 -18"><span class='ocrx_word' id='word_1_140' title='bbox 1957 1154 2178 1209; x_wconf 90' lang='lat' dir='ltr'>Eodem</span> <span class='ocrx_word' id='word_1_141' title='bbox 2217 1170 2372 1209; x_wconf 89' lang='lat' dir='ltr'>anno</span> <span class='ocrx_word' id='word_1_142' title='bbox 2420 1156 2635 1223; x_wconf 67' lang='lat' dir='ltr'>Persae,</span> <span class='ocrx_word' id='word_1_143' title='bbox 2697 1153 2853 1208; x_wconf 87' lang='lat' dir='ltr'>inter</span> <span class='ocrx_word' id='word_1_144' title='bbox 2908 1170 3038 1209; x_wconf 89' lang='lat' dir='ltr'>sese</span> <span class='ocrx_word' id='word_1_145' title='bbox 3087 1158 3248 1208; x_wconf 89' lang='lat' dir='ltr'>mota</span> <span class='ocrx_word' id='word_1_146' title='bbox 3292 1154 3606 1225; x_wconf 89' lang='lat' dir='ltr'>seditione,</span> 
     </span>
    </p>
   </div>
   <div class='ocr_carea' id='block_1_25' title="bbox 1957 1240 3608 1314">
    <p class='ocr_par' dir='ltr' id='par_1_25' title="bbox 1957 1240 3608 1314">
     <span class='ocr_line' id='line_1_25' title="bbox 1957 1240 3608 1314; baseline 0.002 -19"><span class='ocrx_word' id='word_1_147' title='bbox 1957 1258 2233 1314; x_wconf 88' lang='lat' dir='ltr'>magnam</span> <span class='ocrx_word' id='word_1_148' title='bbox 2269 1240 2379 1295; x_wconf 87' lang='lat' dir='ltr'>sibi</span> <span class='ocrx_word' id='word_1_149' title='bbox 2407 1241 2554 1312; x_wconf 82' lang='lat' dir='ltr'>ipsis</span> <span class='ocrx_word' id='word_1_150' title='bbox 2576 1240 2806 1296; x_wconf 83' lang='lat' dir='ltr'>cladem</span> <span class='ocrx_word' id='word_1_151' title='bbox 2829 1240 3181 1296; x_wconf 90' lang='lat' dir='ltr'>intulerunt.</span> <span class='ocrx_word' id='word_1_152' title='bbox 3203 1242 3349 1297; x_wconf 89' lang='lat' dir='ltr'>Tum</span> <span class='ocrx_word' id='word_1_153' title='bbox 3382 1246 3608 1314; x_wconf 83' lang='lat' dir='ltr'>tempo-</span> 
     </span>
    </p>
   </div>
   <div class='ocr_carea' id='block_1_26' title="bbox 1954 1330 3612 1403">
    <p class='ocr_par' dir='ltr' id='par_1_26' title="bbox 1954 1330 3612 1403">
     <span class='ocr_line' id='line_1_26' title="bbox 1954 1330 3612 1403; baseline 0.001 -18"><span class='ocrx_word' id='word_1_154' title='bbox 1954 1331 2036 1385; x_wconf 85' lang='lat' dir='ltr'>ris</span> <span class='ocrx_word' id='word_1_155' title='bbox 2068 1331 2349 1385; x_wconf 89' lang='lat' dir='ltr'>Indorum</span> <span class='ocrx_word' id='word_1_156' title='bbox 2370 1347 2474 1385; x_wconf 85' lang='lat' dir='ltr'>rex</span> <span class='ocrx_word' id='word_1_157' title='bbox 2494 1347 2744 1386; x_wconf 88' lang='lat' dir='ltr'>munera</span> <span class='ocrx_word' id='word_1_158' title='bbox 2763 1330 3178 1403; x_wconf 80' lang='lat' dir='ltr'>gratulationis</span> <span class='ocrx_word' id='word_1_159' title='bbox 3201 1347 3339 1402; x_wconf 82' lang='lat' dir='ltr'>erga</span> <span class='ocrx_word' id='word_1_160' title='bbox 3361 1331 3612 1402; x_wconf 90' lang='lat' dir='ltr'>impera-</span> 
     </span>
    </p>
   </div>
   <div class='ocr_carea' id='block_1_27' title="bbox 1956 1419 3609 1493">
    <p class='ocr_par' dir='ltr' id='par_1_27' title="bbox 1956 1419 3609 1493">
     <span class='ocr_line' id='line_1_27' title="bbox 1956 1419 3609 1493; baseline 0.002 -19"><span class='ocrx_word' id='word_1_161' title='bbox 1956 1420 2067 1474; x_wconf 88' lang='lat' dir='ltr'>tori</span> <span class='ocrx_word' id='word_1_162' title='bbox 2085 1420 2601 1485; x_wconf 89' lang='lat' dir='ltr'>misit,uniones.et</span> <span class='ocrx_word' id='word_1_163' title='bbox 2615 1437 2878 1492; x_wconf 89' lang='lat' dir='ltr'>gemmas</span> <span class='ocrx_word' id='word_1_164' title='bbox 2896 1419 3488 1476; x_wconf 88' lang='lat' dir='ltr'>multas.Decesserat</span> <span class='ocrx_word' id='word_1_165' title='bbox 3492 1421 3609 1493; x_wconf 84' lang='lat' dir='ltr'>jam</span> 
     </span>
    </p>
   </div>
   <div class='ocr_carea' id='block_1_28' title="bbox 1959 1509 3600 1582">
    <p class='ocr_par' dir='ltr' id='par_1_28' title="bbox 1959 1509 3600 1582">
     <span class='ocr_line' id='line_1_28' title="bbox 1959 1509 3600 1582; baseline 0.001 -18"><span class='ocrx_word' id='word_1_166' title='bbox 1959 1511 2099 1567; x_wconf 76' lang='grc'>751</span> <span class='ocrx_word' id='word_1_167' title='bbox 2132 1515 2255 1564; x_wconf 85' lang='lat' dir='ltr'>tum</span> <span class='ocrx_word' id='word_1_168' title='bbox 2279 1509 2980 1580; x_wconf 87' lang='lat' dir='ltr'>Moamedus,constitutis</span> <span class='ocrx_word' id='word_1_169' title='bbox 3003 1514 3257 1581; x_wconf 87' lang='lat' dir='ltr'>quatuor</span> <span class='ocrx_word' id='word_1_170' title='bbox 3281 1510 3600 1582; x_wconf 87' lang='lat' dir='ltr'>ameradis,</span> 
     </span>
    </p>
   </div>
   <div class='ocr_carea' id='block_1_29' title="bbox 1954 1599 3604 1673">
    <p class='ocr_par' dir='ltr' id='par_1_29' title="bbox 1954 1599 3604 1673">
     <span class='ocr_line' id='line_1_29' title="bbox 1954 1599 3604 1673; baseline 0.002 -20"><span class='ocrx_word' id='word_1_171' title='bbox 1954 1600 2052 1671; x_wconf 90' lang='lat' dir='ltr'>qui</span> <span class='ocrx_word' id='word_1_172' title='bbox 2087 1600 2377 1655; x_wconf 83' lang='lat' dir='ltr'>Arabibus</span> <span class='ocrx_word' id='word_1_173' title='bbox 2398 1599 2792 1656; x_wconf 84' lang='lat' dir='ltr'>Christianam</span> <span class='ocrx_word' id='word_1_174' title='bbox 2823 1600 3171 1673; x_wconf 82' lang='lat' dir='ltr'>religionem</span> <span class='ocrx_word' id='word_1_175' title='bbox 3194 1599 3604 1673; x_wconf 88' lang='lat' dir='ltr'>complecten-</span> 
     </span>
    </p>
   </div>
   <div class='ocr_carea' id='block_1_30' title="bbox 1952 1688 3597 1747">
    <p class='ocr_par' dir='ltr' id='par_1_30' title="bbox 1952 1688 3597 1747">
     <span class='ocr_line' id='line_1_30' title="bbox 1952 1688 3597 1747; baseline 0.002 -4"><span class='ocrx_word' id='word_1_176' title='bbox 1952 1689 2112 1745; x_wconf 88' lang='lat' dir='ltr'>tibus</span> <span class='ocrx_word' id='word_1_177' title='bbox 2158 1689 2384 1743; x_wconf 89' lang='lat' dir='ltr'>bellum</span> <span class='ocrx_word' id='word_1_178' title='bbox 2442 1688 2726 1744; x_wconf 83' lang='lat' dir='ltr'>facerent.</span> <span class='ocrx_word' id='word_1_179' title='bbox 2789 1690 2856 1744; x_wconf 88' lang='lat' dir='ltr'>Hi</span> <span class='ocrx_word' id='word_1_180' title='bbox 2915 1689 3194 1745; x_wconf 89' lang='lat' dir='ltr'>adversus</span> <span class='ocrx_word' id='word_1_181' title='bbox 3223 1690 3597 1747; x_wconf 89' lang='lat' dir='ltr'>Theodorum</span> 
     </span>
    </p>
   </div>
   <div class='ocr_carea' id='block_1_31' title="bbox 1953 1779 3602 1853">
    <p class='ocr_par' dir='ltr' id='par_1_31' title="bbox 1953 1779 3602 1853">
     <span class='ocr_line' id='line_1_31' title="bbox 1953 1779 3602 1853; baseline 0.001 -19"><span class='ocrx_word' id='word_1_182' title='bbox 1953 1779 2383 1835; x_wconf 86' lang='lat' dir='ltr'>cubicularium</span> <span class='ocrx_word' id='word_1_183' title='bbox 2416 1779 2662 1851; x_wconf 88' lang='lat' dir='ltr'>profecti</span> <span class='ocrx_word' id='word_1_184' title='bbox 2691 1796 2945 1851; x_wconf 91' lang='lat' dir='ltr'>cumque</span> <span class='ocrx_word' id='word_1_185' title='bbox 2967 1797 3036 1835; x_wconf 93' lang='lat' dir='ltr'>eo</span> <span class='ocrx_word' id='word_1_186' title='bbox 3059 1780 3265 1851; x_wconf 74' lang='lat' dir='ltr'>praelia</span> <span class='ocrx_word' id='word_1_187' title='bbox 3298 1781 3602 1853; x_wconf 86' lang='lat' dir='ltr'>congressi</span> 
     </span>
    </p>
   </div>
   <div class='ocr_carea' id='block_1_32' title="bbox 191 1855 1842 1951">
    <p class='ocr_par' dir='ltr' id='par_1_32' title="bbox 191 1855 1842 1951">
     <span class='ocr_line' id='line_1_32' title="bbox 191 1855 1842 1951; baseline -0.002 -35"><span class='ocrx_word' id='word_1_188' title='bbox 191 1861 540 1941; x_wconf 76' lang='grc' dir='ltr'>ἀναιροῦνται</span> <span class='ocrx_word' id='word_1_189' title='bbox 598 1860 654 1914; x_wconf 70' lang='grc' dir='ltr'>οἱ</span> <span class='ocrx_word' id='word_1_190' title='bbox 709 1865 855 1935; x_wconf 88' lang='grc' dir='ltr'>τρεῖς</span> <span class='ocrx_word' id='word_1_191' title='bbox 913 1856 1192 1934; x_wconf 83' lang='grc' dir='ltr'>ἀμηράδες</span> <span class='ocrx_word' id='word_1_192' title='bbox 1243 1858 1336 1912; x_wconf 79' lang='grc' dir='ltr'>καὶ</span> <span class='ocrx_word' id='word_1_193' title='bbox 1383 1858 1596 1928; x_wconf 86' lang='grc' dir='ltr'>πλῆθος</span> <span class='ocrx_word' id='word_1_194' title='bbox 1621 1855 1767 1951; x_wconf 71' lang='grc' dir='ltr'>πολὺ</span> <span class='ocrx_word' id='word_1_195' title='bbox 1795 1856 1842 1928; x_wconf 81' lang='grc' dir='ltr'>ἐξ</span> 
     </span>
    </p>
   </div>
   <div class='ocr_carea' id='block_1_33' title="bbox 1958 1855 3603 1951">
    <p class='ocr_par' dir='ltr' id='par_1_33' title="bbox 1958 1868 3603 1943">
     <span class='ocr_line' id='line_1_33' title="bbox 1958 1868 3603 1943; baseline 0.001 -19"><span class='ocrx_word' id='word_1_196' title='bbox 1958 1872 2109 1924; x_wconf 84' lang='lat' dir='ltr'>sunt.</span> <span class='ocrx_word' id='word_1_197' title='bbox 2144 1868 2255 1923; x_wconf 90' lang='lat' dir='ltr'>Sed</span> <span class='ocrx_word' id='word_1_198' title='bbox 2287 1886 2355 1923; x_wconf 94' lang='lat' dir='ltr'>eo</span> <span class='ocrx_word' id='word_1_199' title='bbox 2387 1869 2447 1923; x_wconf 93' lang='lat' dir='ltr'>in</span> <span class='ocrx_word' id='word_1_200' title='bbox 2479 1868 2682 1940; x_wconf 69' lang='lat' dir='ltr'>praelia</span> <span class='ocrx_word' id='word_1_201' title='bbox 2742 1873 2860 1924; x_wconf 90' lang='lat' dir='ltr'>tres</span> <span class='ocrx_word' id='word_1_202' title='bbox 2916 1869 3226 1925; x_wconf 88' lang='lat' dir='ltr'>amerades</span> <span class='ocrx_word' id='word_1_203' title='bbox 3270 1885 3603 1943; x_wconf 86' lang='lat' dir='ltr'>magnaque</span> 
     </span>
    </p>
   </div>
   <div class='ocr_carea' id='block_1_34' title="bbox 191 1940 1841 2021">
    <p class='ocr_par' dir='ltr' id='par_1_34' title="bbox 191 1940 1841 2021">
     <span class='ocr_line' id='line_1_34' title="bbox 191 1940 1841 2021; baseline -0.004 -15"><span class='ocrx_word' id='word_1_204' title='bbox 191 1950 395 2006; x_wconf 75' lang='grc' dir='ltr'>αὐτῶν.</span> <span class='ocrx_word' id='word_1_205' title='bbox 429 1948 656 2019; x_wconf 80' lang='grc' dir='ltr'>Ἐξῆλθε</span> <span class='ocrx_word' id='word_1_206' title='bbox 703 1946 761 2004; x_wconf 78' lang='grc' dir='ltr'>δὲ</span> <span class='ocrx_word' id='word_1_207' title='bbox 817 1948 907 2004; x_wconf 88' lang='grc' dir='ltr'>καὶ</span> <span class='ocrx_word' id='word_1_208' title='bbox 966 1949 993 2003; x_wconf 95' lang='lat'>6</span> <span class='ocrx_word' id='word_1_209' title='bbox 1051 1948 1129 2011; x_wconf 83' lang='grc' dir='ltr'>εἶς</span> <span class='ocrx_word' id='word_1_210' title='bbox 1181 1948 1397 2021; x_wconf 81' lang='grc' dir='ltr'>ἆμηρᾶς</span> <span class='ocrx_word' id='word_1_211' title='bbox 1426 1948 1454 2001; x_wconf 92' lang='lat'>6</span> <span class='ocrx_word' id='word_1_212' title='bbox 1483 1940 1750 2016; x_wconf 78' lang='grc' dir='ltr'>Χάλεϐος,</span> <span class='ocrx_word' id='word_1_213' title='bbox 1784 1945 1841 2000; x_wconf 76' lang='grc' dir='ltr'>ὃν</span> 
     </span>
    </p>
   </div>
   <div class='ocr_carea' id='block_1_35' title="bbox 195 2034 1845 2115">
    <p class='ocr_par' dir='ltr' id='par_1_35' title="bbox 195 2034 1845 2115">
     <span class='ocr_line' id='line_1_35' title="bbox 195 2034 1845 2115; baseline -0.004 -20"><span class='ocrx_word' id='word_1_214' title='bbox 195 2039 447 2115; x_wconf 85' lang='grc' dir='ltr'>λέγουσιν</span> <span class='ocrx_word' id='word_1_215' title='bbox 513 2037 787 2113; x_wconf 79' lang='grc' dir='ltr'>μάχαιραν</span> <span class='ocrx_word' id='word_1_216' title='bbox 843 2042 940 2093; x_wconf 80' lang='grc' dir='ltr'>τοῦ</span> <span class='ocrx_word' id='word_1_217' title='bbox 997 2040 1150 2094; x_wconf 77' lang='grc' dir='ltr'>Θεοῦ.</span> <span class='ocrx_word' id='word_1_218' title='bbox 1208 2039 1379 2093; x_wconf 85' lang='grc' dir='ltr'>Ἦσαν</span> <span class='ocrx_word' id='word_1_219' title='bbox 1438 2034 1494 2091; x_wconf 85' lang='grc' dir='ltr'>δέ</span> <span class='ocrx_word' id='word_1_220' title='bbox 1549 2057 1690 2097; x_wconf 90' lang='grc' dir='ltr'>τινες</span> <span class='ocrx_word' id='word_1_221' title='bbox 1736 2039 1845 2090; x_wconf 79' lang='grc' dir='ltr'>τῶν</span> 
     </span>
    </p>
   </div>
   <div class='ocr_carea' id='block_1_36' title="bbox 192 2121 1848 2202">
    <p class='ocr_par' dir='ltr' id='par_1_36' title="bbox 192 2121 1848 2202">
     <span class='ocr_line' id='line_1_36' title="bbox 192 2121 1848 2202; baseline -0.002 -20"><span class='ocrx_word' id='word_1_222' title='bbox 192 2127 434 2198; x_wconf 82' lang='grc' dir='ltr'>πλησίον</span> <span class='ocrx_word' id='word_1_223' title='bbox 493 2124 739 2202; x_wconf 85' lang='grc' dir='ltr'>Ἀράϐων</span> <span class='ocrx_word' id='word_1_224' title='bbox 827 2121 1199 2201; x_wconf 84' lang='grc' dir='ltr'>λαμϐάνοντες</span> <span class='ocrx_word' id='word_1_225' title='bbox 1275 2125 1421 2200; x_wconf 61' lang='grc' dir='ltr'>παρὰ</span> <span class='ocrx_word' id='word_1_226' title='bbox 1480 2128 1559 2196; x_wconf 80' lang='grc' dir='ltr'>τῷ</span> <span class='ocrx_word' id='word_1_227' title='bbox 1630 2124 1848 2199; x_wconf 85' lang='grc' dir='ltr'>βασιλεῖ</span> 
     </span>
    </p>
   </div>
   <div class='ocr_carea' id='block_1_37' title="bbox 188 2213 1844 2293">
    <p class='ocr_par' dir='ltr' id='par_1_37' title="bbox 188 2213 1844 2293">
     <span class='ocr_line' id='line_1_37' title="bbox 188 2213 1844 2293; baseline -0.005 -19"><span class='ocrx_word' id='word_1_228' title='bbox 188 2216 478 2290; x_wconf 83' lang='grc' dir='ltr'>Ῥωμαίων</span> <span class='ocrx_word' id='word_1_229' title='bbox 511 2216 673 2293; x_wconf 81' lang='grc' dir='ltr'>ῥόγάν</span> <span class='ocrx_word' id='word_1_230' title='bbox 729 2218 844 2291; x_wconf 85' lang='grc'>(74)</span> <span class='ocrx_word' id='word_1_231' title='bbox 902 2216 1037 2291; x_wconf 85' lang='grc' dir='ltr'>πρὸς</span> <span class='ocrx_word' id='word_1_232' title='bbox 1086 2215 1150 2270; x_wconf 90' lang='grc' dir='ltr'>τὸ</span> <span class='ocrx_word' id='word_1_233' title='bbox 1208 2213 1496 2293; x_wconf 76' lang='grc' dir='ltr'>φυλάττειν</span> <span class='ocrx_word' id='word_1_234' title='bbox 1544 2213 1611 2267; x_wconf 82' lang='grc' dir='ltr'>τὰ</span> <span class='ocrx_word' id='word_1_235' title='bbox 1642 2213 1844 2284; x_wconf 86' lang='grc' dir='ltr'>στόμια</span> 
     </span>
    </p>
   </div>
   <div class='ocr_carea' id='block_1_38' title="bbox 183 2302 1845 2382">
    <p class='ocr_par' dir='ltr' id='par_1_38' title="bbox 183 2302 1845 2382">
     <span class='ocr_line' id='line_1_38' title="bbox 183 2302 1845 2382; baseline -0.003 -21"><span class='ocrx_word' id='word_1_236' title='bbox 183 2310 286 2372; x_wconf 79' lang='grc' dir='ltr'>τῆς</span> <span class='ocrx_word' id='word_1_237' title='bbox 334 2307 566 2382; x_wconf 76' lang='grc' dir='ltr'>ἐρήμου.</span> <span class='ocrx_word' id='word_1_238' title='bbox 629 2309 718 2364; x_wconf 85' lang='grc' dir='ltr'>Ἐν</span> <span class='ocrx_word' id='word_1_239' title='bbox 776 2306 927 2378; x_wconf 82' lang='grc' dir='ltr'>αὐτῷ</span> <span class='ocrx_word' id='word_1_240' title='bbox 980 2302 1037 2360; x_wconf 77' lang='grc' dir='ltr'>δὲ</span> <span class='ocrx_word' id='word_1_241' title='bbox 1092 2309 1172 2377; x_wconf 77' lang='grc' dir='ltr'>τῷ</span> <span class='ocrx_word' id='word_1_242' title='bbox 1217 2308 1393 2378; x_wconf 80' lang='grc' dir='ltr'>καιρῷ</span> <span class='ocrx_word' id='word_1_243' title='bbox 1445 2302 1690 2363; x_wconf 79' lang='grc' dir='ltr'>ἐλθόντες</span> <span class='ocrx_word' id='word_1_244' title='bbox 1741 2303 1845 2357; x_wconf 79' lang='grc' dir='ltr'>οὐκ</span> 
     </span>
    </p>
   </div>
   <div class='ocr_carea' id='block_1_39' title="bbox 185 2388 1842 2472">
    <p class='ocr_par' dir='ltr' id='par_1_39' title="bbox 185 2388 1842 2472">
     <span class='ocr_line' id='line_1_39' title="bbox 185 2388 1842 2472; baseline -0.003 -22"><span class='ocrx_word' id='word_1_245' title='bbox 185 2390 385 2450; x_wconf 84' lang='grc' dir='ltr'>ἔλαϐον</span> <span class='ocrx_word' id='word_1_246' title='bbox 432 2397 531 2464; x_wconf 79' lang='grc' dir='ltr'>τήν</span> <span class='ocrx_word' id='word_1_247' title='bbox 593 2395 781 2472; x_wconf 78' lang='grc' dir='ltr'>ῥόγαν,</span> <span class='ocrx_word' id='word_1_248' title='bbox 841 2393 968 2449; x_wconf 70' lang='grc' dir='ltr'>ἀλλ’</span> <span class='ocrx_word' id='word_1_249' title='bbox 1010 2392 1378 2469; x_wconf 82' lang='grc' dir='ltr'>ἐδιώχθησαν.</span> <span class='ocrx_word' id='word_1_250' title='bbox 1413 2390 1752 2463; x_wconf 85' lang='grc' dir='ltr'>Λυπηθέντες</span> <span class='ocrx_word' id='word_1_251' title='bbox 1785 2388 1842 2446; x_wconf 76' lang='grc' dir='ltr'>δὲ</span> 
     </span>
    </p>
   </div>
   <div class='ocr_carea' id='block_1_40' title="bbox 184 2480 1840 2561">
    <p class='ocr_par' dir='ltr' id='par_1_40' title="bbox 184 2480 1840 2561">
     <span class='ocr_line' id='line_1_40' title="bbox 184 2480 1840 2561; baseline -0.004 -21"><span class='ocrx_word' id='word_1_252' title='bbox 184 2485 435 2554; x_wconf 82' lang='grc' dir='ltr'>ἀπῆλθον</span> <span class='ocrx_word' id='word_1_253' title='bbox 466 2485 602 2561; x_wconf 82' lang='grc' dir='ltr'>πρὸς</span> <span class='ocrx_word' id='word_1_254' title='bbox 631 2484 758 2547; x_wconf 76' lang='grc' dir='ltr'>τοὺς</span> <span class='ocrx_word' id='word_1_255' title='bbox 789 2482 1132 2558; x_wconf 74' lang='grc' dir='ltr'>ὁμοφύλους,</span> <span class='ocrx_word' id='word_1_256' title='bbox 1180 2484 1269 2537; x_wconf 75' lang='grc' dir='ltr'>καὶ</span> <span class='ocrx_word' id='word_1_257' title='bbox 1320 2481 1614 2558; x_wconf 74' lang='grc' dir='ltr'>ὡδήγησαν</span> <span class='ocrx_word' id='word_1_258' title='bbox 1648 2480 1840 2544; x_wconf 77' lang='grc' dir='ltr'>αὐτοὺς</span> 
     </span>
    </p>
   </div>
   <div class='ocr_carea' id='block_1_41' title="bbox 194 2571 1840 2652">
    <p class='ocr_par' dir='ltr' id='par_1_41' title="bbox 194 2571 1840 2652">
     <span class='ocr_line' id='line_1_41' title="bbox 194 2571 1840 2652; baseline -0.003 -24"><span class='ocrx_word' id='word_1_259' title='bbox 194 2572 284 2628; x_wconf 82' lang='grc' dir='ltr'>ἐπὶ</span> <span class='ocrx_word' id='word_1_260' title='bbox 336 2576 434 2644; x_wconf 76' lang='grc' dir='ltr'>τὴν</span> <span class='ocrx_word' id='word_1_261' title='bbox 494 2574 680 2652; x_wconf 79' lang='grc' dir='ltr'>χώραν</span> <span class='ocrx_word' id='word_1_262' title='bbox 732 2576 928 2644; x_wconf 85' lang='grc' dir='ltr'>Γάζης,</span> <span class='ocrx_word' id='word_1_263' title='bbox 989 2574 1215 2647; x_wconf 87' lang='grc' dir='ltr'>στόμιον</span> <span class='ocrx_word' id='word_1_264' title='bbox 1265 2571 1422 2626; x_wconf 78' lang='grc' dir='ltr'>οὖσαν</span> <span class='ocrx_word' id='word_1_265' title='bbox 1479 2577 1580 2641; x_wconf 80' lang='grc' dir='ltr'>τῆς</span> <span class='ocrx_word' id='word_1_266' title='bbox 1630 2571 1840 2645; x_wconf 71' lang='grc' dir='ltr'>ἐρήμου</span> 
     </span>
    </p>
   </div>
   <div class='ocr_carea' id='block_1_42' title="bbox 195 2659 1845 2740">
    <p class='ocr_par' dir='ltr' id='par_1_42' title="bbox 195 2659 1845 2740">
     <span class='ocr_line' id='line_1_42' title="bbox 195 2659 1845 2740; baseline -0.002 -23"><span class='ocrx_word' id='word_1_267' title='bbox 195 2661 333 2717; x_wconf 86' lang='grc' dir='ltr'>κατᾶ</span> <span class='ocrx_word' id='word_1_268' title='bbox 360 2663 423 2716; x_wconf 86' lang='grc' dir='ltr'>τὸ</span> <span class='ocrx_word' id='word_1_269' title='bbox 455 2662 668 2718; x_wconf 88' lang='grc' dir='ltr'>Σίναιον</span> <span class='ocrx_word' id='word_1_270' title='bbox 701 2661 847 2735; x_wconf 77' lang='grc' dir='ltr'>ὅρος,</span> <span class='ocrx_word' id='word_1_271' title='bbox 878 2660 1403 2740; x_wconf 68' lang='grc' dir='ltr'>πλουσίαψσφόδρα,</span> <span class='ocrx_word' id='word_1_272' title='bbox 1454 2659 1518 2714; x_wconf 79' lang='grc' dir='ltr'>Ο⁴’ί</span> <span class='ocrx_word' id='word_1_273' title='bbox 1570 2660 1657 2714; x_wconf 82' lang='grc' dir='ltr'>καὶ</span> <span class='ocrx_word' id='word_1_274' title='bbox 1701 2680 1845 2732; x_wconf 84' lang='grc' dir='ltr'>παρ-</span> 
     </span>
    </p>
   </div>
   <div class='ocr_carea' id='block_1_43' title="bbox 203 2745 1839 2829">
    <p class='ocr_par' dir='ltr' id='par_1_43' title="bbox 203 2745 1839 2829">
     <span class='ocr_line' id='line_1_43' title="bbox 203 2745 1839 2829; baseline -0.002 -24"><span class='ocrx_word' id='word_1_275' title='bbox 203 2745 405 2806; x_wconf 85' lang='grc' dir='ltr'>έλαϐον</span> <span class='ocrx_word' id='word_1_276' title='bbox 429 2751 529 2821; x_wconf 74' lang='grc' dir='ltr'>τὴν</span> <span class='ocrx_word' id='word_1_277' title='bbox 556 2753 722 2829; x_wconf 87' lang='grc' dir='ltr'>Ἥραν</span> <span class='ocrx_word' id='word_1_278' title='bbox 748 2752 833 2806; x_wconf 81' lang='grc' dir='ltr'>καὶ</span> <span class='ocrx_word' id='word_1_279' title='bbox 858 2756 1028 2807; x_wconf 84' lang='grc' dir='ltr'>πᾶσαν</span> <span class='ocrx_word' id='word_1_280' title='bbox 1052 2754 1153 2821; x_wconf 82' lang='grc' dir='ltr'>τήν</span> <span class='ocrx_word' id='word_1_281' title='bbox 1186 2751 1372 2825; x_wconf 88' lang='grc' dir='ltr'>χώραν</span> <span class='ocrx_word' id='word_1_282' title='bbox 1401 2750 1597 2820; x_wconf 82' lang='grc' dir='ltr'>Γάζης.</span> <span class='ocrx_word' id='word_1_283' title='bbox 1631 2747 1839 2804; x_wconf 86' lang='grc' dir='ltr'>Ἐλθὼν</span> 
     </span>
    </p>
   </div>
   <div class='ocr_carea' id='block_1_44' title="bbox 206 2836 1839 2917">
    <p class='ocr_par' dir='ltr' id='par_1_44' title="bbox 206 2836 1839 2917">
     <span class='ocr_line' id='line_1_44' title="bbox 206 2836 1839 2917; baseline -0.002 -23"><span class='ocrx_word' id='word_1_284' title='bbox 206 2836 264 2894; x_wconf 75' lang='grc' dir='ltr'>δὲ</span> <span class='ocrx_word' id='word_1_285' title='bbox 320 2839 539 2917; x_wconf 85' lang='grc' dir='ltr'>Σέργιος</span> <span class='ocrx_word' id='word_1_286' title='bbox 593 2840 699 2895; x_wconf 87' lang='grc' dir='ltr'>ἀπὸ</span> <span class='ocrx_word' id='word_1_287' title='bbox 757 2839 1074 2911; x_wconf 84' lang='grc' dir='ltr'>Καισαρείας</span> <span class='ocrx_word' id='word_1_288' title='bbox 1146 2845 1247 2908; x_wconf 75' lang='grc' dir='ltr'>τῆς</span> <span class='ocrx_word' id='word_1_289' title='bbox 1318 2836 1682 2907; x_wconf 82' lang='grc' dir='ltr'>Παλαιστίνης</span> <span class='ocrx_word' id='word_1_290' title='bbox 1748 2840 1839 2891; x_wconf 83' lang='grc' dir='ltr'>σὺν</span> 
     </span>
    </p>
   </div>
   <div class='ocr_carea' id='block_1_45' title="bbox 205 2927 1839 3006">
    <p class='ocr_par' dir='ltr' id='par_1_45' title="bbox 205 2927 1839 3006">
     <span class='ocr_line' id='line_1_45' title="bbox 205 2927 1839 3006; baseline 0.001 -23"><span class='ocrx_word' id='word_1_291' title='bbox 205 2927 421 3004; x_wconf 86' lang='grc' dir='ltr'>ὀλίγοις</span> <span class='ocrx_word' id='word_1_292' title='bbox 451 2931 804 3006; x_wconf 81' lang='grc' dir='ltr'>στρατιώταις</span> <span class='ocrx_word' id='word_1_293' title='bbox 836 2930 1092 2986; x_wconf 83' lang='grc' dir='ltr'>κτείνεται</span> <span class='ocrx_word' id='word_1_294' title='bbox 1119 2934 1337 3005; x_wconf 81' lang='grc' dir='ltr'>πρῶτος</span> <span class='ocrx_word' id='word_1_295' title='bbox 1370 2929 1460 2983; x_wconf 84' lang='grc' dir='ltr'>σὺν</span> <span class='ocrx_word' id='word_1_296' title='bbox 1496 2931 1577 3000; x_wconf 78' lang='grc' dir='ltr'>τῷ</span> <span class='ocrx_word' id='word_1_297' title='bbox 1607 2930 1839 3002; x_wconf 79' lang='grc' dir='ltr'>στρατῷ.</span> 
     </span>
    </p>
   </div>
   <div class='ocr_carea' id='block_1_46' title="bbox 199 3014 1839 3099">
    <p class='ocr_par' dir='ltr' id='par_1_46' title="bbox 199 3014 1839 3099">
     <span class='ocr_line' id='line_1_46' title="bbox 199 3014 1839 3099; baseline -0.002 -22"><span class='ocrx_word' id='word_1_298' title='bbox 199 3019 268 3077; x_wconf 79' lang='grc' dir='ltr'>Οἱ</span> <span class='ocrx_word' id='word_1_299' title='bbox 327 3016 385 3073; x_wconf 80' lang='grc' dir='ltr'>δὲ</span> <span class='ocrx_word' id='word_1_300' title='bbox 442 3014 704 3085; x_wconf 86' lang='grc' dir='ltr'>λαϐόντες</span> <span class='ocrx_word' id='word_1_301' title='bbox 752 3017 1141 3099; x_wconf 78' lang='grc' dir='ltr'>αἰχμαλωσίαν</span> <span class='ocrx_word' id='word_1_302' title='bbox 1196 3017 1414 3087; x_wconf 72' lang='grc' dir='ltr'>πολλὴν</span> <span class='ocrx_word' id='word_1_303' title='bbox 1489 3015 1839 3090; x_wconf 82' lang='grc' dir='ltr'>ὑπέστρεψαν.</span> 
     </span>
    </p>
   </div>
   <div class='ocr_carea' id='block_1_47' title="bbox 261 3286 1839 3363">
    <p class='ocr_par' dir='ltr' id='par_1_47' title="bbox 261 3286 1839 3363">
     <span class='ocr_line' id='line_1_47' title="bbox 261 3286 1839 3363; baseline -0.004 -17"><span class='ocrx_word' id='word_1_304' title='bbox 261 3291 358 3363; x_wconf 80' lang='grc' dir='ltr'>Τῷ</span> <span class='ocrx_word' id='word_1_305' title='bbox 387 3291 465 3360; x_wconf 76' lang='grc' dir='ltr'>κζ’</span> <span class='ocrx_word' id='word_1_306' title='bbox 496 3286 600 3345; x_wconf 82' lang='grc' dir='ltr'>ἔτει</span> <span class='ocrx_word' id='word_1_307' title='bbox 631 3286 797 3360; x_wconf 74' lang='grc' dir='ltr'>ἦλθεν</span> <span class='ocrx_word' id='word_1_308' title='bbox 844 3287 1099 3360; x_wconf 87' lang='grc' dir='ltr'>Ἰώαννης</span> <span class='ocrx_word' id='word_1_309' title='bbox 1158 3288 1187 3343; x_wconf 85' lang='lat'>6</span> <span class='ocrx_word' id='word_1_310' title='bbox 1250 3289 1491 3356; x_wconf 87' lang='grc' dir='ltr'>Κατζᾶς,</span> <span class='ocrx_word' id='word_1_311' title='bbox 1547 3286 1839 3362; x_wconf 82' lang='grc' dir='ltr'>ἐπίτροπος</span> 
     </span>
    </p>
   </div>
   <div class='ocr_carea' id='block_1_48' title="bbox 193 3374 1841 3455">
    <p class='ocr_par' dir='ltr' id='par_1_48' title="bbox 193 3374 1841 3455">
     <span class='ocr_line' id='line_1_48' title="bbox 193 3374 1841 3455; baseline -0.001 -23"><span class='ocrx_word' id='word_1_312' title='bbox 193 3379 518 3453; x_wconf 84' lang='grc' dir='ltr'>Ὀσροηνῆς,</span> <span class='ocrx_word' id='word_1_313' title='bbox 571 3380 709 3455; x_wconf 72' lang='grc' dir='ltr'>πρὸς</span> <span class='ocrx_word' id='word_1_314' title='bbox 779 3375 891 3435; x_wconf 80' lang='grc' dir='ltr'>Ἰἁδ</span> <span class='ocrx_word' id='word_1_315' title='bbox 972 3377 1048 3440; x_wconf 78' lang='grc' dir='ltr'>εἰς</span> <span class='ocrx_word' id='word_1_316' title='bbox 1107 3374 1458 3448; x_wconf 81' lang='grc' dir='ltr'>Χαλκηδόνα,</span> <span class='ocrx_word' id='word_1_317' title='bbox 1516 3377 1608 3431; x_wconf 85' lang='grc' dir='ltr'>καὶ</span> <span class='ocrx_word' id='word_1_318' title='bbox 1665 3374 1841 3431; x_wconf 67' lang='grc' dir='ltr'>ἐστοί-</span> 
     </span>
    </p>
   </div>
   <div class='ocr_carea' id='block_1_49' title="bbox 195 3464 1839 3544">
    <p class='ocr_par' dir='ltr' id='par_1_49' title="bbox 195 3464 1839 3544">
     <span class='ocr_line' id='line_1_49' title="bbox 195 3464 1839 3544; baseline -0.002 -21"><span class='ocrx_word' id='word_1_319' title='bbox 195 3486 333 3542; x_wconf 84' lang='grc' dir='ltr'>χησε</span> <span class='ocrx_word' id='word_1_320' title='bbox 362 3465 570 3523; x_wconf 78' lang='grc' dir='ltr'>διδόναι</span> <span class='ocrx_word' id='word_1_321' title='bbox 602 3467 748 3540; x_wconf 81' lang='grc' dir='ltr'>αὖτῷ</span> <span class='ocrx_word' id='word_1_322' title='bbox 790 3467 915 3523; x_wconf 83' lang='grc' dir='ltr'>δέκα</span> <span class='ocrx_word' id='word_1_323' title='bbox 976 3464 1239 3544; x_wconf 84' lang='grc' dir='ltr'>μυριάδας</span> <span class='ocrx_word' id='word_1_324' title='bbox 1297 3466 1652 3541; x_wconf 87' lang='grc' dir='ltr'>νομισμάτων</span> <span class='ocrx_word' id='word_1_325' title='bbox 1702 3465 1839 3540; x_wconf 84' lang='grc' dir='ltr'>πρὸς</span> 
     </span>
    </p>
   </div>
   <div class='ocr_carea' id='block_1_50' title="bbox 190 3555 1842 3633">
    <p class='ocr_par' dir='ltr' id='par_1_50' title="bbox 190 3555 1842 3633">
     <span class='ocr_line' id='line_1_50' title="bbox 190 3555 1842 3633; baseline -0.001 -20"><span class='ocrx_word' id='word_1_326' title='bbox 190 3558 254 3613; x_wconf 86' lang='grc' dir='ltr'>τὸ</span> <span class='ocrx_word' id='word_1_327' title='bbox 287 3560 359 3630; x_wconf 83' lang='grc' dir='ltr'>μὴ</span> <span class='ocrx_word' id='word_1_328' title='bbox 404 3563 632 3631; x_wconf 77' lang='grc' dir='ltr'>περᾶσαι</span> <span class='ocrx_word' id='word_1_329' title='bbox 684 3557 776 3612; x_wconf 88' lang='grc' dir='ltr'>τὸν</span> <span class='ocrx_word' id='word_1_330' title='bbox 831 3555 1118 3633; x_wconf 73' lang='grc' dir='ltr'>Εὕφράτην</span> <span class='ocrx_word' id='word_1_331' title='bbox 1184 3556 1323 3628; x_wconf 83' lang='grc' dir='ltr'>μήτε</span> <span class='ocrx_word' id='word_1_332' title='bbox 1379 3555 1669 3629; x_wconf 83' lang='grc' dir='ltr'>εἰρηνικῶς</span> <span class='ocrx_word' id='word_1_333' title='bbox 1703 3557 1842 3628; x_wconf 76' lang='grc' dir='ltr'>μήτε</span> 
     </span>
    </p>
   </div>
   <div class='ocr_carea' id='block_1_51' title="bbox 191 3641 1840 3720">
    <p class='ocr_par' dir='ltr' id='par_1_51' title="bbox 191 3641 1840 3720">
     <span class='ocr_line' id='line_1_51' title="bbox 191 3641 1840 3720; baseline -0.002 -18"><span class='ocrx_word' id='word_1_334' title='bbox 191 3645 534 3719; x_wconf 81' lang='grc' dir='ltr'>πολεμικῶς.</span> <span class='ocrx_word' id='word_1_335' title='bbox 593 3644 921 3720; x_wconf 78' lang='grc' dir='ltr'>Ἡράκλειος</span> <span class='ocrx_word' id='word_1_336' title='bbox 989 3641 1046 3700; x_wconf 77' lang='grc' dir='ltr'>δὲ</span> <span class='ocrx_word' id='word_1_337' title='bbox 1124 3650 1285 3700; x_wconf 70' lang='grc' dir='ltr'>τοῦτο</span> <span class='ocrx_word' id='word_1_338' title='bbox 1350 3645 1536 3717; x_wconf 87' lang='grc' dir='ltr'>μαθὼν</span> <span class='ocrx_word' id='word_1_339' title='bbox 1586 3644 1660 3706; x_wconf 88' lang='grc' dir='ltr'>ὡς</span> <span class='ocrx_word' id='word_1_340' title='bbox 1715 3646 1840 3699; x_wconf 81' lang='grc' dir='ltr'>ἄνευ</span> 
     </span>
    </p>
   </div>
   <div class='ocr_carea' id='block_1_52' title="bbox 193 3731 1841 3810">
    <p class='ocr_par' dir='ltr' id='par_1_52' title="bbox 193 3731 1841 3810">
     <span class='ocr_line' id='line_1_52' title="bbox 193 3731 1841 3810; baseline -0.002 -19"><span class='ocrx_word' id='word_1_341' title='bbox 193 3733 452 3806; x_wconf 78' lang='grc' dir='ltr'>εἷδήσεως</span> <span class='ocrx_word' id='word_1_342' title='bbox 526 3734 692 3790; x_wconf 76' lang='grc' dir='ltr'>αὐτοῦ</span> <span class='ocrx_word' id='word_1_343' title='bbox 756 3739 922 3789; x_wconf 80' lang='grc' dir='ltr'>τοῦτο</span> <span class='ocrx_word' id='word_1_344' title='bbox 996 3734 1281 3805; x_wconf 87' lang='grc' dir='ltr'>πεποίηκε,</span> <span class='ocrx_word' id='word_1_345' title='bbox 1356 3736 1544 3789; x_wconf 80' lang='grc' dir='ltr'>τοῦτον</span> <span class='ocrx_word' id='word_1_346' title='bbox 1622 3731 1841 3810; x_wconf 76' lang='grc' dir='ltr'>ἐξώρισε</span> 
     </span>
    </p>
   </div>
   <div class='ocr_carea' id='block_1_53' title="bbox 194 3821 1587 3898">
    <p class='ocr_par' dir='ltr' id='par_1_53' title="bbox 194 3821 1587 3898">
     <span class='ocr_line' id='line_1_53' title="bbox 194 3821 1587 3898; baseline -0.002 -17"><span class='ocrx_word' id='word_1_347' title='bbox 194 3826 284 3881; x_wconf 85' lang='grc' dir='ltr'>καὶ</span> <span class='ocrx_word' id='word_1_348' title='bbox 314 3824 429 3880; x_wconf 83' lang='grc' dir='ltr'>ἀντ’</span> <span class='ocrx_word' id='word_1_349' title='bbox 452 3823 616 3878; x_wconf 80' lang='grc' dir='ltr'>αὐτοῦ</span> <span class='ocrx_word' id='word_1_350' title='bbox 650 3821 992 3898; x_wconf 85' lang='grc' dir='ltr'>Πτολεμαῖον</span> <span class='ocrx_word' id='word_1_351' title='bbox 1023 3824 1325 3898; x_wconf 87' lang='grc' dir='ltr'>στρατηγὸν</span> <span class='ocrx_word' id='word_1_352' title='bbox 1359 3821 1587 3897; x_wconf 83' lang='grc' dir='ltr'>ἔπεμψε.</span> 
     </span>
    </p>
   </div>
   <div class='ocr_carea' id='block_1_54' title="bbox 264 3996 1838 4078">
    <p class='ocr_par' dir='ltr' id='par_1_54' title="bbox 264 3996 1838 4078">
     <span class='ocr_line' id='line_1_54' title="bbox 264 3996 1838 4078; baseline -0.003 -18"><span class='ocrx_word' id='word_1_353' title='bbox 264 4009 355 4077; x_wconf 83' lang='grc' dir='ltr'>Τῷ</span> <span class='ocrx_word' id='word_1_354' title='bbox 384 4025 453 4075; x_wconf 91' lang='grc' dir='ltr'>κη</span> <span class='ocrx_word' id='word_1_355' title='bbox 522 4000 627 4058; x_wconf 88' lang='grc' dir='ltr'>ἔτει</span> <span class='ocrx_word' id='word_1_356' title='bbox 690 3996 1000 4078; x_wconf 86' lang='grc' dir='ltr'>παρέλαϐον</span> <span class='ocrx_word' id='word_1_357' title='bbox 1063 4003 1115 4055; x_wconf 71' lang='grc' dir='ltr'>οἱ</span> <span class='ocrx_word' id='word_1_358' title='bbox 1177 3996 1408 4076; x_wconf 80' lang='grc' dir='ltr'>Ἄραϐες</span> <span class='ocrx_word' id='word_1_359' title='bbox 1452 4003 1550 4070; x_wconf 85' lang='grc' dir='ltr'>τήν</span> <span class='ocrx_word' id='word_1_360' title='bbox 1616 4002 1838 4057; x_wconf 83' lang='grc' dir='ltr'>Ἀντιό-</span> 
     </span>
    </p>
   </div>
   <div class='ocr_carea' id='block_1_55' title="bbox 191 4085 1838 4172">
    <p class='ocr_par' dir='ltr' id='par_1_55' title="bbox 191 4085 1838 4172">
     <span class='ocr_line' id='line_1_55' title="bbox 191 4085 1838 4172; baseline -0.002 -24"><span class='ocrx_word' id='word_1_361' title='bbox 191 4115 371 4170; x_wconf 85' lang='grc' dir='ltr'>χειαν,</span> <span class='ocrx_word' id='word_1_362' title='bbox 430 4092 523 4148; x_wconf 81' lang='grc' dir='ltr'>καὶ</span> <span class='ocrx_word' id='word_1_363' title='bbox 578 4091 827 4172; x_wconf 71' lang='grc' dir='ltr'>ἐπέμφθη</span> <span class='ocrx_word' id='word_1_364' title='bbox 884 4085 1096 4154; x_wconf 84' lang='grc' dir='ltr'>Μαϐίας</span> <span class='ocrx_word' id='word_1_365' title='bbox 1155 4090 1259 4145; x_wconf 79' lang='grc' dir='ltr'>ὑπὸ</span> <span class='ocrx_word' id='word_1_366' title='bbox 1315 4090 1578 4164; x_wconf 74' lang='grc' dir='ltr'>Οὺμάρου</span> <span class='ocrx_word' id='word_1_367' title='bbox 1640 4110 1838 4166; x_wconf 80' lang='grc' dir='ltr'>στρατ-</span> 
     </span>
    </p>
   </div>
   <div class='ocr_carea' id='block_1_56' title="bbox 192 4179 1837 4260">
    <p class='ocr_par' dir='ltr' id='par_1_56' title="bbox 192 4179 1837 4260">
     <span class='ocr_line' id='line_1_56' title="bbox 192 4179 1837 4260; baseline -0.002 -22"><span class='ocrx_word' id='word_1_368' title='bbox 192 4184 323 4260; x_wconf 83' lang='grc' dir='ltr'>ηγὸς</span> <span class='ocrx_word' id='word_1_369' title='bbox 352 4184 439 4239; x_wconf 82' lang='grc' dir='ltr'>καὶ</span> <span class='ocrx_word' id='word_1_370' title='bbox 484 4182 702 4257; x_wconf 81' lang='grc' dir='ltr'>άμηρᾶς</span> <span class='ocrx_word' id='word_1_371' title='bbox 750 4181 927 4252; x_wconf 85' lang='grc' dir='ltr'>πάσης</span> <span class='ocrx_word' id='word_1_372' title='bbox 982 4188 1082 4250; x_wconf 84' lang='grc' dir='ltr'>τῆς</span> <span class='ocrx_word' id='word_1_373' title='bbox 1141 4180 1245 4236; x_wconf 85' lang='grc' dir='ltr'>ὑπὸ</span> <span class='ocrx_word' id='word_1_374' title='bbox 1299 4180 1430 4241; x_wconf 76' lang='grc' dir='ltr'>τοὺς</span> <span class='ocrx_word' id='word_1_375' title='bbox 1485 4179 1837 4254; x_wconf 82' lang='grc' dir='ltr'>Σαρακηνοὺς</span> 
     </span>
    </p>
   </div>
   <div class='ocr_carea' id='block_1_57' title="bbox 197 4271 1291 4352">
    <p class='ocr_par' dir='ltr' id='par_1_57' title="bbox 197 4271 1291 4352">
     <span class='ocr_line' id='line_1_57' title="bbox 197 4271 1291 4352; baseline -0.004 -21"><span class='ocrx_word' id='word_1_376' title='bbox 197 4276 379 4351; x_wconf 86' lang='grc' dir='ltr'>χώρας</span> <span class='ocrx_word' id='word_1_377' title='bbox 412 4274 517 4330; x_wconf 86' lang='grc' dir='ltr'>ἀπὸ</span> <span class='ocrx_word' id='word_1_378' title='bbox 549 4271 826 4348; x_wconf 75' lang='grc' dir='ltr'>Αἱγύπτου</span> <span class='ocrx_word' id='word_1_379' title='bbox 850 4271 955 4334; x_wconf 79' lang='grc' dir='ltr'>ἓως</span> <span class='ocrx_word' id='word_1_380' title='bbox 984 4272 1291 4352; x_wconf 76' lang='grc' dir='ltr'>Εὔφράτου.</span> 
     </span>
    </p>
   </div>
   <div class='ocr_carea' id='block_1_58' title="bbox 264 4357 1839 4439">
    <p class='ocr_par' dir='ltr' id='par_1_58' title="bbox 264 4357 1839 4439">
     <span class='ocr_line' id='line_1_58' title="bbox 264 4357 1839 4439; baseline -0.002 -21"><span class='ocrx_word' id='word_1_381' title='bbox 264 4367 356 4436; x_wconf 79' lang='grc' dir='ltr'>Τῷ</span> <span class='ocrx_word' id='word_1_382' title='bbox 382 4365 461 4418; x_wconf 81' lang='grc' dir='ltr'>κθ¹</span> <span class='ocrx_word' id='word_1_383' title='bbox 491 4361 595 4419; x_wconf 82' lang='grc' dir='ltr'>ἔτει</span> <span class='ocrx_word' id='word_1_384' title='bbox 624 4357 1040 4439; x_wconf 82' lang='grc' dir='ltr'>παραλαμϐάνει</span> <span class='ocrx_word' id='word_1_385' title='bbox 1071 4358 1180 4417; x_wconf 82' lang='grc' dir='ltr'>’[ὰδ</span> <span class='ocrx_word' id='word_1_386' title='bbox 1224 4362 1325 4430; x_wconf 81' lang='grc' dir='ltr'>τὴν</span> <span class='ocrx_word' id='word_1_387' title='bbox 1369 4357 1591 4415; x_wconf 85' lang='grc' dir='ltr'>Ἔδεσαν</span> <span class='ocrx_word' id='word_1_388' title='bbox 1620 4358 1839 4437; x_wconf 89' lang='grc' dir='ltr'>λόγοις,</span> 
     </span>
    </p>
   </div>
   <div class='ocr_carea' id='block_1_59' title="bbox 191 4449 1836 4525">
    <p class='ocr_par' dir='ltr' id='par_1_59' title="bbox 191 4449 1836 4525">
     <span class='ocr_line' id='line_1_59' title="bbox 191 4449 1836 4525; baseline -0.003 -15"><span class='ocrx_word' id='word_1_389' title='bbox 191 4458 289 4524; x_wconf 81' lang='grc' dir='ltr'>τήν</span> <span class='ocrx_word' id='word_1_390' title='bbox 324 4451 379 4508; x_wconf 77' lang='grc' dir='ltr'>δὲ</span> <span class='ocrx_word' id='word_1_391' title='bbox 413 4452 810 4511; x_wconf 81' lang='grc' dir='ltr'>Κωνστάντειαν</span> <span class='ocrx_word' id='word_1_392' title='bbox 862 4451 1117 4525; x_wconf 84' lang='grc' dir='ltr'>πολέμῳ,</span> <span class='ocrx_word' id='word_1_393' title='bbox 1173 4449 1380 4523; x_wconf 85' lang='grc' dir='ltr'>ὁμοίως</span> <span class='ocrx_word' id='word_1_394' title='bbox 1428 4450 1518 4504; x_wconf 82' lang='grc' dir='ltr'>καὶ</span> <span class='ocrx_word' id='word_1_395' title='bbox 1547 4450 1608 4504; x_wconf 88' lang='grc' dir='ltr'>τὸ</span> <span class='ocrx_word' id='word_1_396' title='bbox 1641 4449 1836 4523; x_wconf 74' lang='grc' dir='ltr'>Δαρᾶς,</span> 
     </span>
    </p>
   </div>
   <div class='ocr_carea' id='block_1_60' title="bbox 195 4533 1833 4615">
    <p class='ocr_par' dir='ltr' id='par_1_60' title="bbox 195 4533 1833 4615">
     <span class='ocr_line' id='line_1_60' title="bbox 195 4533 1833 4615; baseline -0.005 -15"><span class='ocrx_word' id='word_1_397' title='bbox 195 4542 284 4600; x_wconf 79' lang='grc' dir='ltr'>καὶ</span> <span class='ocrx_word' id='word_1_398' title='bbox 314 4541 559 4604; x_wconf 72' lang='grc' dir='ltr'>πολλοὺς</span> <span class='ocrx_word' id='word_1_399' title='bbox 589 4539 640 4596; x_wconf 84' lang='grc' dir='ltr'>ἐν</span> <span class='ocrx_word' id='word_1_400' title='bbox 667 4541 837 4615; x_wconf 72' lang='grc' dir='ltr'>ταύτῃ</span> <span class='ocrx_word' id='word_1_401' title='bbox 893 4537 1163 4596; x_wconf 79' lang='grc' dir='ltr'>ἆπῶλεσε.</span> <span class='ocrx_word' id='word_1_402' title='bbox 1199 4539 1293 4594; x_wconf 82' lang='grc' dir='ltr'>Καὶ</span> <span class='ocrx_word' id='word_1_403' title='bbox 1329 4536 1502 4599; x_wconf 74' lang='grc' dir='ltr'>οὕτως</span> <span class='ocrx_word' id='word_1_404' title='bbox 1532 4533 1833 4614; x_wconf 88' lang='grc' dir='ltr'>παρέλαϐεν</span> 
     </span>
    </p>
   </div>
   <div class='ocr_carea' id='block_1_61' title="bbox 198 4630 1112 4703">
    <p class='ocr_par' dir='ltr' id='par_1_61' title="bbox 198 4630 1112 4703">
     <span class='ocr_line' id='line_1_61' title="bbox 198 4630 1112 4703; baseline -0.003 -15"><span class='ocrx_word' id='word_1_405' title='bbox 198 4630 304 4689; x_wconf 73' lang='grc' dir='ltr'>Ἰὰδ</span> <span class='ocrx_word' id='word_1_406' title='bbox 334 4637 504 4687; x_wconf 81' lang='grc' dir='ltr'>πᾶσαν</span> <span class='ocrx_word' id='word_1_407' title='bbox 526 4633 625 4700; x_wconf 79' lang='grc' dir='ltr'>τὴν</span> <span class='ocrx_word' id='word_1_408' title='bbox 662 4630 1112 4703; x_wconf 83' lang='grc' dir='ltr'>Μεσοποταμίαν.</span> 
     </span>
    </p>
   </div>
   <div class='ocr_carea' id='block_1_62' title="bbox 269 4716 1837 4796">
    <p class='ocr_par' dir='ltr' id='par_1_62' title="bbox 269 4716 1837 4796">
     <span class='ocr_line' id='line_1_62' title="bbox 269 4716 1837 4796; baseline -0.003 -19"><span class='ocrx_word' id='word_1_409' title='bbox 269 4724 362 4794; x_wconf 76' lang='grc' dir='ltr'>Τῷ</span> <span class='ocrx_word' id='word_1_410' title='bbox 404 4719 462 4776; x_wconf 77' lang='grc' dir='ltr'>δὲ</span> <span class='ocrx_word' id='word_1_411' title='bbox 516 4720 565 4776; x_wconf 81' lang='grc' dir='ltr'>λ“</span> <span class='ocrx_word' id='word_1_412' title='bbox 616 4718 721 4776; x_wconf 87' lang='grc' dir='ltr'>ἔτει</span> <span class='ocrx_word' id='word_1_413' title='bbox 778 4719 1195 4796; x_wconf 83' lang='grc' dir='ltr'>ἐπεστράτευσαν</span> <span class='ocrx_word' id='word_1_414' title='bbox 1241 4717 1293 4773; x_wconf 74' lang='grc' dir='ltr'>οἱ</span> <span class='ocrx_word' id='word_1_415' title='bbox 1351 4716 1659 4792; x_wconf 87' lang='grc' dir='ltr'>Σαρακηνοὶ</span> <span class='ocrx_word' id='word_1_416' title='bbox 1701 4719 1837 4772; x_wconf 83' lang='grc' dir='ltr'>κατὰ</span> 
     </span>
    </p>
   </div>
   <div class='ocr_carea' id='block_1_63' title="bbox 204 4804 1838 4884">
    <p class='ocr_par' dir='ltr' id='par_1_63' title="bbox 204 4804 1838 4884">
     <span class='ocr_line' id='line_1_63' title="bbox 204 4804 1838 4884; baseline -0.004 -20"><span class='ocrx_word' id='word_1_417' title='bbox 204 4806 481 4884; x_wconf 85' lang='grc' dir='ltr'>Περσίδος,</span> <span class='ocrx_word' id='word_1_418' title='bbox 552 4811 641 4865; x_wconf 86' lang='grc' dir='ltr'>καὶ</span> <span class='ocrx_word' id='word_1_419' title='bbox 714 4810 1027 4878; x_wconf 79' lang='grc' dir='ltr'>νικήσαντες</span> <span class='ocrx_word' id='word_1_420' title='bbox 1114 4806 1318 4866; x_wconf 88' lang='grc' dir='ltr'>πάντας</span> <span class='ocrx_word' id='word_1_421' title='bbox 1402 4804 1531 4866; x_wconf 80' lang='grc' dir='ltr'>τοὺς</span> <span class='ocrx_word' id='word_1_422' title='bbox 1631 4804 1838 4881; x_wconf 86' lang='grc' dir='ltr'>Πέρσας</span> 
     </span>
    </p>
   </div>
   <div class='ocr_carea' id='block_1_64' title="bbox 203 4892 1835 4975">
    <p class='ocr_par' dir='ltr' id='par_1_64' title="bbox 203 4892 1835 4975">
     <span class='ocr_line' id='line_1_64' title="bbox 203 4892 1835 4975; baseline -0.004 -22"><span class='ocrx_word' id='word_1_423' title='bbox 203 4899 476 4968; x_wconf 79' lang='grc' dir='ltr'>ὑπέταξαν.</span> <span class='ocrx_word' id='word_1_424' title='bbox 535 4894 840 4975; x_wconf 84' lang='grc' dir='ltr'>Ὀρμίσδας</span> <span class='ocrx_word' id='word_1_425' title='bbox 902 4893 955 4952; x_wconf 73' lang='grc' dir='ltr'>δὲ</span> <span class='ocrx_word' id='word_1_426' title='bbox 1041 4896 1069 4951; x_wconf 88' lang='grc' dir='ltr'>ὁ</span> <span class='ocrx_word' id='word_1_427' title='bbox 1130 4892 1388 4969; x_wconf 80' lang='grc' dir='ltr'>βασιλεὺς</span> <span class='ocrx_word' id='word_1_428' title='bbox 1447 4896 1556 4949; x_wconf 79' lang='grc' dir='ltr'>τῶν</span> <span class='ocrx_word' id='word_1_429' title='bbox 1615 4897 1835 4968; x_wconf 82' lang='grc' dir='ltr'>Περσῶν</span> 
     </span>
    </p>
   </div>
   <div class='ocr_carea' id='block_1_65' title="bbox 197 4981 1839 5068">
    <p class='ocr_par' dir='ltr' id='par_1_65' title="bbox 197 4981 1839 5068">
     <span class='ocr_line' id='line_1_65' title="bbox 197 4981 1839 5068; baseline -0.004 -24"><span class='ocrx_word' id='word_1_430' title='bbox 197 4986 335 5068; x_wconf 75' lang='grc' dir='ltr'>φυγῇ</span> <span class='ocrx_word' id='word_1_431' title='bbox 358 4989 707 5064; x_wconf 85' lang='grc' dir='ltr'>χρησάμενος</span> <span class='ocrx_word' id='word_1_432' title='bbox 768 4986 856 5043; x_wconf 81' lang='grc' dir='ltr'>ἐπὶ</span> <span class='ocrx_word' id='word_1_433' title='bbox 914 4984 1039 5048; x_wconf 79' lang='grc' dir='ltr'>τοὺς</span> <span class='ocrx_word' id='word_1_434' title='bbox 1089 4981 1355 5059; x_wconf 84' lang='grc' dir='ltr'>ἐνδοτέρω</span> <span class='ocrx_word' id='word_1_435' title='bbox 1414 4981 1621 5058; x_wconf 82' lang='grc' dir='ltr'>Πέρσας</span> <span class='ocrx_word' id='word_1_436' title='bbox 1670 5003 1839 5038; x_wconf 78' lang='grc' dir='ltr'>κατα-</span> 
     </span>
    </p>
   </div>
   <div class='ocr_carea' id='block_1_66' title="bbox 269 5104 712 5162">
    <p class='ocr_par' dir='ltr' id='par_1_66' title="bbox 269 5104 712 5162">
     <span class='ocr_line' id='line_1_66' title="bbox 269 5104 712 5162; baseline -0.009 1"><span class='ocrx_word' id='word_1_437' title='bbox 269 5104 311 5141; x_wconf 69' lang='lat'>&#39;9</span> <span class='ocrx_word' id='word_1_438' title='bbox 340 5107 479 5162; x_wconf 89' lang='lat' dir='ltr'>Gen.</span> <span class='ocrx_word' id='word_1_439' title='bbox 512 5122 594 5162; x_wconf 88' lang='grc' dir='ltr'>ιιι.</span> <span class='ocrx_word' id='word_1_440' title='bbox 632 5108 712 5160; x_wconf 85' lang='lat' dir='ltr'>l9.</span> 
     </span>
    </p>
   </div>
   <div class='ocr_carea' id='block_1_67' title="bbox 1957 1946 3605 2014">
    <p class='ocr_par' dir='ltr' id='par_1_67' title="bbox 1957 1946 3605 2014">
     <span class='ocr_line' id='line_1_67' title="bbox 1957 1946 3605 2014; baseline 0.001 -1"><span class='ocrx_word' id='word_1_441' title='bbox 1957 1976 2091 2014; x_wconf 90' lang='lat' dir='ltr'>cum</span> <span class='ocrx_word' id='word_1_442' title='bbox 2118 1958 2210 2013; x_wconf 87' lang='lat' dir='ltr'>his</span> <span class='ocrx_word' id='word_1_443' title='bbox 2242 1957 2560 2013; x_wconf 88' lang='lat' dir='ltr'>multitudo</span> <span class='ocrx_word' id='word_1_444' title='bbox 2604 1958 3028 2014; x_wconf 90' lang='lat' dir='ltr'>occubuerunt.</span> <span class='ocrx_word' id='word_1_445' title='bbox 3076 1946 3266 2013; x_wconf 84' lang='lat' dir='ltr'>Exivit</span> <span class='ocrx_word' id='word_1_446' title='bbox 3296 1960 3475 2014; x_wconf 88' lang='lat' dir='ltr'>etiam</span> <span class='ocrx_word' id='word_1_447' title='bbox 3509 1976 3605 2014; x_wconf 56' lang='lat' dir='ltr'>rea</span> 
     </span>
    </p>
   </div>
   <div class='ocr_carea' id='block_1_68' title="bbox 1954 2046 3605 2120">
    <p class='ocr_par' dir='ltr' id='par_1_68' title="bbox 1954 2046 3605 2120">
     <span class='ocr_line' id='line_1_68' title="bbox 1954 2046 3605 2120; baseline -0.001 -18"><span class='ocrx_word' id='word_1_448' title='bbox 1954 2049 2155 2118; x_wconf 85' lang='lat' dir='ltr'>liqnns</span> <span class='ocrx_word' id='word_1_449' title='bbox 2185 2063 2437 2115; x_wconf 87' lang='lat' dir='ltr'>ameras,</span> <span class='ocrx_word' id='word_1_450' title='bbox 2469 2046 2763 2101; x_wconf 88' lang='lat' dir='ltr'>Chalebus</span> <span class='ocrx_word' id='word_1_451' title='bbox 2810 2047 3073 2115; x_wconf 90' lang='lat' dir='ltr'>nomine,</span> <span class='ocrx_word' id='word_1_452' title='bbox 3108 2048 3208 2119; x_wconf 91' lang='lat' dir='ltr'>qui</span> <span class='ocrx_word' id='word_1_453' title='bbox 3238 2046 3468 2120; x_wconf 87' lang='lat' dir='ltr'>gladius</span> <span class='ocrx_word' id='word_1_454' title='bbox 3499 2047 3605 2104; x_wconf 88' lang='lat' dir='ltr'>Dei</span> 
     </span>
    </p>
   </div>
   <div class='ocr_carea' id='block_1_69' title="bbox 1954 2136 3603 2208">
    <p class='ocr_par' dir='ltr' id='par_1_69' title="bbox 1954 2136 3603 2208">
     <span class='ocr_line' id='line_1_69' title="bbox 1954 2136 3603 2208; baseline 0 -16"><span class='ocrx_word' id='word_1_455' title='bbox 1954 2137 2381 2208; x_wconf 88' lang='lat' dir='ltr'>appellabatur.</span> <span class='ocrx_word' id='word_1_456' title='bbox 2427 2138 2609 2191; x_wconf 86' lang='lat' dir='ltr'>Erant</span> <span class='ocrx_word' id='word_1_457' title='bbox 2664 2136 2906 2207; x_wconf 88' lang='lat' dir='ltr'>quidam</span> <span class='ocrx_word' id='word_1_458' title='bbox 2965 2137 3140 2191; x_wconf 89' lang='lat' dir='ltr'>vicini</span> <span class='ocrx_word' id='word_1_459' title='bbox 3199 2136 3439 2206; x_wconf 83' lang='lat' dir='ltr'>Arabes,</span> <span class='ocrx_word' id='word_1_460' title='bbox 3502 2136 3603 2208; x_wconf 88' lang='lat' dir='ltr'>qui</span> 
     </span>
    </p>
   </div>
   <div class='ocr_carea' id='block_1_70' title="bbox 1954 2225 3604 2296">
    <p class='ocr_par' dir='ltr' id='par_1_70' title="bbox 1954 2225 3604 2296">
     <span class='ocr_line' id='line_1_70' title="bbox 1954 2225 3604 2296; baseline 0.001 -17"><span class='ocrx_word' id='word_1_461' title='bbox 1954 2225 2025 2279; x_wconf 90' lang='lat' dir='ltr'>ab</span> <span class='ocrx_word' id='word_1_462' title='bbox 2056 2225 2412 2296; x_wconf 83' lang='lat' dir='ltr'>imperatore</span> <span class='ocrx_word' id='word_1_463' title='bbox 2444 2227 2702 2280; x_wconf 80' lang='lat' dir='ltr'>Romano</span> <span class='ocrx_word' id='word_1_464' title='bbox 2730 2225 3089 2296; x_wconf 88' lang='lat' dir='ltr'>stipendium</span> <span class='ocrx_word' id='word_1_465' title='bbox 3118 2225 3473 2280; x_wconf 89' lang='lat' dir='ltr'>tuendarum</span> <span class='ocrx_word' id='word_1_466' title='bbox 3507 2242 3604 2280; x_wconf 91' lang='lat' dir='ltr'>so-</span> 
     </span>
    </p>
   </div>
   <div class='ocr_carea' id='block_1_71' title="bbox 1952 2313 3601 2385">
    <p class='ocr_par' dir='ltr' id='par_1_71' title="bbox 1952 2313 3601 2385">
     <span class='ocr_line' id='line_1_71' title="bbox 1952 2313 3601 2385; baseline 0.001 -17"><span class='ocrx_word' id='word_1_467' title='bbox 1952 2314 2224 2368; x_wconf 87' lang='lat' dir='ltr'>litudinis</span> <span class='ocrx_word' id='word_1_468' title='bbox 2254 2314 2513 2368; x_wconf 85' lang='lat' dir='ltr'>faucium</span> <span class='ocrx_word' id='word_1_469' title='bbox 2536 2331 2713 2369; x_wconf 89' lang='lat' dir='ltr'>causa</span> <span class='ocrx_word' id='word_1_470' title='bbox 2733 2315 2999 2385; x_wconf 88' lang='lat' dir='ltr'>accipere</span> <span class='ocrx_word' id='word_1_471' title='bbox 3021 2313 3442 2369; x_wconf 85' lang='lat' dir='ltr'>solebant.Hoc</span> <span class='ocrx_word' id='word_1_472' title='bbox 3465 2331 3601 2369; x_wconf 91' lang='lat' dir='ltr'>cum</span> 
     </span>
    </p>
   </div>
   <div class='ocr_carea' id='block_1_72' title="bbox 1955 2399 3597 2470">
    <p class='ocr_par' dir='ltr' id='par_1_72' title="bbox 1955 2399 3597 2470">
     <span class='ocr_line' id='line_1_72' title="bbox 1955 2399 3597 2470; baseline -0.001 -16"><span class='ocrx_word' id='word_1_473' title='bbox 1955 2400 2050 2455; x_wconf 89' lang='lat' dir='ltr'>isti</span> <span class='ocrx_word' id='word_1_474' title='bbox 2084 2399 2141 2453; x_wconf 90' lang='lat' dir='ltr'>id</span> <span class='ocrx_word' id='word_1_475' title='bbox 2178 2400 2459 2470; x_wconf 85' lang='lat' dir='ltr'>temporis</span> <span class='ocrx_word' id='word_1_476' title='bbox 2482 2401 2734 2470; x_wconf 89' lang='lat' dir='ltr'>petitum</span> <span class='ocrx_word' id='word_1_477' title='bbox 2759 2401 3082 2469; x_wconf 87' lang='lat' dir='ltr'>venissent,</span> <span class='ocrx_word' id='word_1_478' title='bbox 3118 2400 3418 2469; x_wconf 83' lang='lat' dir='ltr'>repulsam</span> <span class='ocrx_word' id='word_1_479' title='bbox 3441 2400 3597 2470; x_wconf 86' lang='lat' dir='ltr'>passi</span> 
     </span>
    </p>
   </div>
   <div class='ocr_carea' id='block_1_73' title="bbox 1952 2487 3597 2562">
    <p class='ocr_par' dir='ltr' id='par_1_73' title="bbox 1952 2487 3597 2562">
     <span class='ocr_line' id='line_1_73' title="bbox 1952 2487 3597 2562; baseline -0.001 -18"><span class='ocrx_word' id='word_1_480' title='bbox 1952 2490 2246 2562; x_wconf 88' lang='lat' dir='ltr'>ejectique</span> <span class='ocrx_word' id='word_1_481' title='bbox 2280 2494 2434 2543; x_wconf 90' lang='lat' dir='ltr'>sunt.</span> <span class='ocrx_word' id='word_1_482' title='bbox 2476 2488 2640 2554; x_wconf 88' lang='lat' dir='ltr'>Quod</span> <span class='ocrx_word' id='word_1_483' title='bbox 2691 2489 2935 2561; x_wconf 89' lang='lat' dir='ltr'>indigne</span> <span class='ocrx_word' id='word_1_484' title='bbox 2992 2489 3254 2543; x_wconf 84' lang='lat' dir='ltr'>ferentes</span> <span class='ocrx_word' id='word_1_485' title='bbox 3279 2487 3597 2561; x_wconf 86' lang='lat' dir='ltr'>gentilibus</span> 
     </span>
    </p>
   </div>
   <div class='ocr_carea' id='block_1_74' title="bbox 1952 2576 3603 2650">
    <p class='ocr_par' dir='ltr' id='par_1_74' title="bbox 1952 2576 3603 2650">
     <span class='ocr_line' id='line_1_74' title="bbox 1952 2576 3603 2650; baseline -0.001 -18"><span class='ocrx_word' id='word_1_486' title='bbox 1952 2595 2014 2632; x_wconf 90' lang='lat' dir='ltr'>se</span> <span class='ocrx_word' id='word_1_487' title='bbox 2047 2579 2168 2633; x_wconf 88' lang='lat' dir='ltr'>suis</span> <span class='ocrx_word' id='word_1_488' title='bbox 2200 2579 2658 2650; x_wconf 84' lang='lat' dir='ltr'>conjunxerunt,</span> <span class='ocrx_word' id='word_1_489' title='bbox 2683 2577 2888 2648; x_wconf 88' lang='lat' dir='ltr'>eisque</span> <span class='ocrx_word' id='word_1_490' title='bbox 2911 2577 2985 2631; x_wconf 90' lang='lat' dir='ltr'>ad</span> <span class='ocrx_word' id='word_1_491' title='bbox 3008 2578 3267 2632; x_wconf 75' lang='lat' dir='ltr'>Gazasam</span> <span class='ocrx_word' id='word_1_492' title='bbox 3300 2576 3603 2649; x_wconf 88' lang='lat' dir='ltr'>regionem</span> 
     </span>
    </p>
   </div>
   <div class='ocr_carea' id='block_1_75' title="bbox 1952 2665 3598 2738">
    <p class='ocr_par' dir='ltr' id='par_1_75' title="bbox 1952 2665 3598 2738">
     <span class='ocr_line' id='line_1_75' title="bbox 1952 2665 3598 2738; baseline -0.002 -16"><span class='ocrx_word' id='word_1_493' title='bbox 1952 2668 2132 2723; x_wconf 90' lang='lat' dir='ltr'>duces</span> <span class='ocrx_word' id='word_1_494' title='bbox 2162 2668 2392 2722; x_wconf 88' lang='lat' dir='ltr'>itineris</span> <span class='ocrx_word' id='word_1_495' title='bbox 2423 2684 2484 2721; x_wconf 90' lang='lat' dir='ltr'>se</span> <span class='ocrx_word' id='word_1_496' title='bbox 2516 2666 2920 2738; x_wconf 68' lang='lat' dir='ltr'>praebuerunt,</span> <span class='ocrx_word' id='word_1_497' title='bbox 2947 2682 3077 2738; x_wconf 81' lang='lat' dir='ltr'>quae</span> <span class='ocrx_word' id='word_1_498' title='bbox 3101 2665 3327 2720; x_wconf 88' lang='lat' dir='ltr'>aditum</span> <span class='ocrx_word' id='word_1_499' title='bbox 3354 2670 3515 2720; x_wconf 92' lang='lat' dir='ltr'>tenet</span> <span class='ocrx_word' id='word_1_500' title='bbox 3535 2666 3598 2720; x_wconf 90' lang='lat' dir='ltr'>in</span> 
     </span>
    </p>
   </div>
   <div class='ocr_carea' id='block_1_76' title="bbox 1951 2752 3601 2829">
    <p class='ocr_par' dir='ltr' id='par_1_76' title="bbox 1951 2752 3601 2829">
     <span class='ocr_line' id='line_1_76' title="bbox 1951 2752 3601 2829; baseline -0.002 -17"><span class='ocrx_word' id='word_1_501' title='bbox 1951 2756 2336 2812; x_wconf 85' lang='lat' dir='ltr'>solitudinem</span> <span class='ocrx_word' id='word_1_502' title='bbox 2360 2757 2533 2829; x_wconf 85' lang='lat' dir='ltr'>juxta</span> <span class='ocrx_word' id='word_1_503' title='bbox 2562 2756 2820 2811; x_wconf 70' lang='lat' dir='ltr'>Sinaaum</span> <span class='ocrx_word' id='word_1_504' title='bbox 2844 2759 3130 2823; x_wconf 88' lang='lat' dir='ltr'>montem,</span> <span class='ocrx_word' id='word_1_505' title='bbox 3160 2760 3367 2825; x_wconf 80' lang='lat' dir='ltr'>estque</span> <span class='ocrx_word' id='word_1_506' title='bbox 3397 2752 3601 2810; x_wconf 86' lang='lat' dir='ltr'>admo-</span> 
     </span>
    </p>
   </div>
   <div class='ocr_carea' id='block_1_77' title="bbox 1952 2843 3598 2914">
    <p class='ocr_par' dir='ltr' id='par_1_77' title="bbox 1952 2843 3598 2914">
     <span class='ocr_line' id='line_1_77' title="bbox 1952 2843 3598 2914; baseline -0.001 -13"><span class='ocrx_word' id='word_1_507' title='bbox 1952 2847 2094 2901; x_wconf 89' lang='lat' dir='ltr'>dum</span> <span class='ocrx_word' id='word_1_508' title='bbox 2125 2846 2308 2902; x_wconf 81' lang='lat' dir='ltr'>dives.</span> <span class='ocrx_word' id='word_1_509' title='bbox 2360 2847 2480 2900; x_wconf 86' lang='lat' dir='ltr'>Hoc</span> <span class='ocrx_word' id='word_1_510' title='bbox 2528 2845 2703 2900; x_wconf 93' lang='lat' dir='ltr'>modo</span> <span class='ocrx_word' id='word_1_511' title='bbox 2752 2845 2824 2899; x_wconf 90' lang='lat' dir='ltr'>ab</span> <span class='ocrx_word' id='word_1_512' title='bbox 2854 2844 2926 2898; x_wconf 91' lang='lat' dir='ltr'>iis</span> <span class='ocrx_word' id='word_1_513' title='bbox 2954 2845 3066 2899; x_wconf 90' lang='lat' dir='ltr'>Era</span> <span class='ocrx_word' id='word_1_514' title='bbox 3094 2843 3406 2914; x_wconf 89' lang='lat' dir='ltr'>omnisque</span> <span class='ocrx_word' id='word_1_515' title='bbox 3440 2844 3598 2899; x_wconf 67' lang='lat' dir='ltr'>Gazaa</span> 
     </span>
    </p>
   </div>
   <div class='ocr_carea' id='block_1_78' title="bbox 1951 2930 3598 3006">
    <p class='ocr_par' dir='ltr' id='par_1_78' title="bbox 1951 2930 3598 3006">
     <span class='ocr_line' id='line_1_78' title="bbox 1951 2930 3598 3006; baseline -0.002 -16"><span class='ocrx_word' id='word_1_516' title='bbox 1951 2936 2097 2991; x_wconf 91' lang='lat' dir='ltr'>ditio</span> <span class='ocrx_word' id='word_1_517' title='bbox 2128 2939 2297 3006; x_wconf 86' lang='lat' dir='ltr'>capta</span> <span class='ocrx_word' id='word_1_518' title='bbox 2327 2938 2434 2989; x_wconf 91' lang='lat' dir='ltr'>est.</span> <span class='ocrx_word' id='word_1_519' title='bbox 2466 2932 2700 3005; x_wconf 87' lang='lat' dir='ltr'>Sergius</span> <span class='ocrx_word' id='word_1_520' title='bbox 2744 2936 2943 2987; x_wconf 90' lang='lat' dir='ltr'>autem</span> <span class='ocrx_word' id='word_1_521' title='bbox 2972 2933 3238 2987; x_wconf 69' lang='lat' dir='ltr'>Cmsarea</span> <span class='ocrx_word' id='word_1_522' title='bbox 3267 2930 3598 2986; x_wconf 67' lang='lat' dir='ltr'>Palaestina)</span> 
     </span>
    </p>
   </div>
   <div class='ocr_carea' id='block_1_79' title="bbox 1950 3020 3600 3094">
    <p class='ocr_par' dir='ltr' id='par_1_79' title="bbox 1950 3020 3600 3094">
     <span class='ocr_line' id='line_1_79' title="bbox 1950 3020 3600 3094; baseline -0.003 -15"><span class='ocrx_word' id='word_1_523' title='bbox 1950 3025 2193 3079; x_wconf 90' lang='lat' dir='ltr'>veniens</span> <span class='ocrx_word' id='word_1_524' title='bbox 2223 3039 2358 3079; x_wconf 92' lang='lat' dir='ltr'>cum</span> <span class='ocrx_word' id='word_1_525' title='bbox 2408 3023 2618 3094; x_wconf 83' lang='lat' dir='ltr'>exigua</span> <span class='ocrx_word' id='word_1_526' title='bbox 2673 3021 2927 3076; x_wconf 89' lang='lat' dir='ltr'>militum</span> <span class='ocrx_word' id='word_1_527' title='bbox 2978 3033 3179 3089; x_wconf 89' lang='lat' dir='ltr'>manu,</span> <span class='ocrx_word' id='word_1_528' title='bbox 3213 3020 3442 3092; x_wconf 85' lang='lat' dir='ltr'>primus</span> <span class='ocrx_word' id='word_1_529' title='bbox 3471 3021 3600 3091; x_wconf 87' lang='lat' dir='ltr'>ipse</span> 
     </span>
    </p>
   </div>
   <div class='ocr_carea' id='block_1_80' title="bbox 1950 3108 3600 3182">
    <p class='ocr_par' dir='ltr' id='par_1_80' title="bbox 1950 3108 3600 3182">
     <span class='ocr_line' id='line_1_80' title="bbox 1950 3108 3600 3182; baseline -0.003 -12"><span class='ocrx_word' id='word_1_530' title='bbox 1950 3131 2083 3170; x_wconf 90' lang='lat' dir='ltr'>cum</span> <span class='ocrx_word' id='word_1_531' title='bbox 2125 3112 2388 3168; x_wconf 82' lang='lat' dir='ltr'>exercitu</span> <span class='ocrx_word' id='word_1_532' title='bbox 2431 3111 2809 3167; x_wconf 86' lang='lat' dir='ltr'>interﬁcitur.</span> <span class='ocrx_word' id='word_1_533' title='bbox 2866 3109 3107 3166; x_wconf 86' lang='lat' dir='ltr'>Barbari</span> <span class='ocrx_word' id='word_1_534' title='bbox 3156 3125 3369 3182; x_wconf 84' lang='lat' dir='ltr'>magna</span> <span class='ocrx_word' id='word_1_535' title='bbox 3398 3108 3600 3181; x_wconf 78' lang='lat' dir='ltr'>praada</span> 
     </span>
    </p>
   </div>
   <div class='ocr_carea' id='block_1_81' title="bbox 1950 3201 2484 3275">
    <p class='ocr_par' dir='ltr' id='par_1_81' title="bbox 1950 3201 2484 3275">
     <span class='ocr_line' id='line_1_81' title="bbox 1950 3201 2484 3275; baseline -0.007 -16"><span class='ocrx_word' id='word_1_536' title='bbox 1950 3202 2120 3275; x_wconf 92' lang='lat' dir='ltr'>potiti</span> <span class='ocrx_word' id='word_1_537' title='bbox 2151 3201 2484 3258; x_wconf 86' lang='lat' dir='ltr'>discedunt.</span> 
     </span>
    </p>
   </div>
   <div class='ocr_carea' id='block_1_82' title="bbox 2022 3288 3596 3361">
    <p class='ocr_par' dir='ltr' id='par_1_82' title="bbox 2022 3288 3596 3361">
     <span class='ocr_line' id='line_1_82' title="bbox 2022 3288 3596 3361; baseline -0.003 -14"><span class='ocrx_word' id='word_1_538' title='bbox 2022 3294 2195 3347; x_wconf 85' lang='lat' dir='ltr'>Anno</span> <span class='ocrx_word' id='word_1_539' title='bbox 2251 3293 2319 3344; x_wconf 86' lang='lat'>2’7</span> <span class='ocrx_word' id='word_1_540' title='bbox 2371 3290 2531 3345; x_wconf 84' lang='lat' dir='ltr'>venit</span> <span class='ocrx_word' id='word_1_541' title='bbox 2583 3290 2838 3344; x_wconf 86' lang='lat' dir='ltr'>Joannes</span> <span class='ocrx_word' id='word_1_542' title='bbox 2917 3292 3308 3361; x_wconf 87' lang='lat' dir='ltr'>cognomento</span> <span class='ocrx_word' id='word_1_543' title='bbox 3373 3288 3596 3355; x_wconf 86' lang='lat' dir='ltr'>Catzas,</span> 
     </span>
    </p>
   </div>
   <div class='ocr_carea' id='block_1_83' title="bbox 1944 3376 3599 3452">
    <p class='ocr_par' dir='ltr' id='par_1_83' title="bbox 1944 3376 3599 3452">
     <span class='ocr_line' id='line_1_83' title="bbox 1944 3376 3599 3452; baseline -0.003 -15"><span class='ocrx_word' id='word_1_544' title='bbox 1944 3384 2221 3438; x_wconf 77' lang='lat' dir='ltr'>Osroenaa</span> <span class='ocrx_word' id='word_1_545' title='bbox 2248 3380 2581 3452; x_wconf 70' lang='lat' dir='ltr'>praefectus,</span> <span class='ocrx_word' id='word_1_546' title='bbox 2602 3378 3036 3435; x_wconf 80' lang='lat' dir='ltr'>Chalcedonam</span> <span class='ocrx_word' id='word_1_547' title='bbox 3069 3377 3144 3433; x_wconf 90' lang='lat' dir='ltr'>ad</span> <span class='ocrx_word' id='word_1_548' title='bbox 3171 3376 3401 3442; x_wconf 86' lang='lat' dir='ltr'>Jadum,</span> <span class='ocrx_word' id='word_1_549' title='bbox 3427 3376 3599 3449; x_wconf 88' lang='lat' dir='ltr'>eique</span> 
     </span>
    </p>
   </div>
   <div class='ocr_carea' id='block_1_84' title="bbox 1945 3466 3599 3539">
    <p class='ocr_par' dir='ltr' id='par_1_84' title="bbox 1945 3466 3599 3539">
     <span class='ocr_line' id='line_1_84' title="bbox 1945 3466 3599 3539; baseline -0.004 -11"><span class='ocrx_word' id='word_1_550' title='bbox 1945 3476 2185 3528; x_wconf 90' lang='lat' dir='ltr'>centum</span> <span class='ocrx_word' id='word_1_551' title='bbox 2216 3470 2406 3525; x_wconf 88' lang='lat' dir='ltr'>millia</span> <span class='ocrx_word' id='word_1_552' title='bbox 2442 3469 2868 3525; x_wconf 88' lang='lat' dir='ltr'>numismatum</span> <span class='ocrx_word' id='word_1_553' title='bbox 2919 3467 3195 3523; x_wconf 91' lang='lat' dir='ltr'>daturum</span> <span class='ocrx_word' id='word_1_554' title='bbox 3228 3483 3289 3522; x_wconf 92' lang='lat' dir='ltr'>se</span> <span class='ocrx_word' id='word_1_555' title='bbox 3320 3466 3599 3539; x_wconf 86' lang='lat' dir='ltr'>promisit</span> 
     </span>
    </p>
   </div>
   <div class='ocr_carea' id='block_1_85' title="bbox 1945 3556 3588 3634">
    <p class='ocr_par' dir='ltr' id='par_1_85' title="bbox 1945 3556 3588 3634">
     <span class='ocr_line' id='line_1_85' title="bbox 1945 3556 3588 3634; baseline -0.004 -16"><span class='ocrx_word' id='word_1_556' title='bbox 1945 3580 2012 3618; x_wconf 90' lang='lat' dir='ltr'>eo</span> <span class='ocrx_word' id='word_1_557' title='bbox 2044 3568 2215 3634; x_wconf 89' lang='lat' dir='ltr'>pacto</span> <span class='ocrx_word' id='word_1_558' title='bbox 2246 3578 2321 3617; x_wconf 92' lang='lat' dir='ltr'>ne</span> <span class='ocrx_word' id='word_1_559' title='bbox 2353 3561 2404 3615; x_wconf 91' lang='lat' dir='ltr'>is</span> <span class='ocrx_word' id='word_1_560' title='bbox 2449 3559 2537 3614; x_wconf 82' lang='lat' dir='ltr'>vel</span> <span class='ocrx_word' id='word_1_561' title='bbox 2586 3559 2726 3614; x_wconf 88' lang='lat' dir='ltr'>belli</span> <span class='ocrx_word' id='word_1_562' title='bbox 2774 3557 2861 3613; x_wconf 89' lang='lat' dir='ltr'>vel</span> <span class='ocrx_word' id='word_1_563' title='bbox 2909 3558 3072 3629; x_wconf 87' lang='lat' dir='ltr'>pacis</span> <span class='ocrx_word' id='word_1_564' title='bbox 3101 3557 3289 3630; x_wconf 88' lang='lat' dir='ltr'>gratia</span> <span class='ocrx_word' id='word_1_565' title='bbox 3317 3556 3588 3628; x_wconf 84' lang='lat' dir='ltr'>Euphra-</span> 
     </span>
    </p>
   </div>
   <div class='ocr_carea' id='block_1_86' title="bbox 1944 3644 3594 3714">
    <p class='ocr_par' dir='ltr' id='par_1_86' title="bbox 1944 3644 3594 3714">
     <span class='ocr_line' id='line_1_86' title="bbox 1944 3644 3594 3714; baseline -0.003 -9"><span class='ocrx_word' id='word_1_566' title='bbox 1944 3656 2062 3706; x_wconf 87' lang='lat' dir='ltr'>tem</span> <span class='ocrx_word' id='word_1_567' title='bbox 2113 3655 2395 3706; x_wconf 89' lang='lat' dir='ltr'>transeat.</span> <span class='ocrx_word' id='word_1_568' title='bbox 2466 3647 2770 3703; x_wconf 89' lang='lat' dir='ltr'>Heraclius</span> <span class='ocrx_word' id='word_1_569' title='bbox 2843 3663 3001 3714; x_wconf 91' lang='lat' dir='ltr'>vero,</span> <span class='ocrx_word' id='word_1_570' title='bbox 3083 3645 3187 3701; x_wconf 89' lang='lat' dir='ltr'>ubi</span> <span class='ocrx_word' id='word_1_571' title='bbox 3245 3644 3305 3698; x_wconf 91' lang='lat' dir='ltr'>id</span> <span class='ocrx_word' id='word_1_572' title='bbox 3363 3645 3594 3700; x_wconf 83' lang='lat' dir='ltr'>Catzam</span> 
     </span>
    </p>
   </div>
   <div class='ocr_carea' id='block_1_87' title="bbox 1944 3734 3598 3812">
    <p class='ocr_par' dir='ltr' id='par_1_87' title="bbox 1944 3734 3598 3812">
     <span class='ocr_line' id='line_1_87' title="bbox 1944 3734 3598 3812; baseline -0.005 -15"><span class='ocrx_word' id='word_1_573' title='bbox 1944 3758 2006 3797; x_wconf 91' lang='lat' dir='ltr'>se</span> <span class='ocrx_word' id='word_1_574' title='bbox 2073 3742 2260 3797; x_wconf 91' lang='lat' dir='ltr'>inscio</span> <span class='ocrx_word' id='word_1_575' title='bbox 2326 3739 2619 3812; x_wconf 87' lang='lat' dir='ltr'>pepigisse</span> <span class='ocrx_word' id='word_1_576' title='bbox 2688 3737 3008 3802; x_wconf 81' lang='lat' dir='ltr'>intellexit,</span> <span class='ocrx_word' id='word_1_577' title='bbox 3078 3736 3384 3790; x_wconf 89' lang='lat' dir='ltr'>hominem</span> <span class='ocrx_word' id='word_1_578' title='bbox 3441 3734 3598 3789; x_wconf 86' lang='lat' dir='ltr'>rele-</span> 
     </span>
    </p>
   </div>
   <div class='ocr_carea' id='block_1_88' title="bbox 1942 3824 3601 3904">
    <p class='ocr_par' dir='ltr' id='par_1_88' title="bbox 1942 3824 3601 3904">
     <span class='ocr_line' id='line_1_88' title="bbox 1942 3824 3601 3904; baseline -0.004 -19"><span class='ocrx_word' id='word_1_579' title='bbox 1942 3832 2110 3904; x_wconf 87' lang='lat' dir='ltr'>gavit,</span> <span class='ocrx_word' id='word_1_580' title='bbox 2171 3830 2415 3902; x_wconf 80' lang='lat' dir='ltr'>ejusque</span> <span class='ocrx_word' id='word_1_581' title='bbox 2472 3829 2603 3883; x_wconf 89' lang='lat' dir='ltr'>loco</span> <span class='ocrx_word' id='word_1_582' title='bbox 2663 3826 2945 3881; x_wconf 82' lang='lat' dir='ltr'>exercitui</span> <span class='ocrx_word' id='word_1_583' title='bbox 3004 3824 3394 3880; x_wconf 70' lang='lat' dir='ltr'>Ptolemaaum</span> <span class='ocrx_word' id='word_1_584' title='bbox 3443 3840 3601 3896; x_wconf 62' lang='lat' dir='ltr'>prai-</span> 
     </span>
    </p>
   </div>
   <div class='ocr_carea' id='block_1_89' title="bbox 1942 3919 2102 3975">
    <p class='ocr_par' dir='ltr' id='par_1_89' title="bbox 1942 3919 2102 3975">
     <span class='ocr_line' id='line_1_89' title="bbox 1942 3919 2102 3975; baseline 0 -1"><span class='ocrx_word' id='word_1_585' title='bbox 1942 3919 2102 3975; x_wconf 85' lang='lat' dir='ltr'>fecit.</span> 
     </span>
    </p>
   </div>
   <div class='ocr_carea' id='block_1_90' title="bbox 2014 4002 3598 4075">
    <p class='ocr_par' dir='ltr' id='par_1_90' title="bbox 2014 4002 3598 4075">
     <span class='ocr_line' id='line_1_90' title="bbox 2014 4002 3598 4075; baseline -0.004 -12"><span class='ocrx_word' id='word_1_586' title='bbox 2014 4010 2184 4063; x_wconf 88' lang='lat' dir='ltr'>Anno</span> <span class='ocrx_word' id='word_1_587' title='bbox 2230 4010 2297 4061; x_wconf 84' lang='lat'>28</span> <span class='ocrx_word' id='word_1_588' title='bbox 2355 4006 2578 4062; x_wconf 86' lang='lat' dir='ltr'>Arabes</span> <span class='ocrx_word' id='word_1_589' title='bbox 2632 4003 3011 4060; x_wconf 81' lang='lat' dir='ltr'>Antiochiam</span> <span class='ocrx_word' id='word_1_590' title='bbox 3043 4007 3352 4075; x_wconf 89' lang='lat' dir='ltr'>ceperunt.</span> <span class='ocrx_word' id='word_1_591' title='bbox 3386 4002 3598 4058; x_wconf 82' lang='lat' dir='ltr'>Missus</span> 
     </span>
    </p>
   </div>
   <div class='ocr_carea' id='block_1_91' title="bbox 1944 4092 3600 4168">
    <p class='ocr_par' dir='ltr' id='par_1_91' title="bbox 1944 4092 3600 4168">
     <span class='ocr_line' id='line_1_91' title="bbox 1944 4092 3600 4168; baseline -0.003 -16"><span class='ocrx_word' id='word_1_592' title='bbox 1944 4114 2180 4168; x_wconf 89' lang='lat' dir='ltr'>quoque</span> <span class='ocrx_word' id='word_1_593' title='bbox 2215 4095 2284 4150; x_wconf 88' lang='lat' dir='ltr'>ab</span> <span class='ocrx_word' id='word_1_594' title='bbox 2317 4096 2532 4150; x_wconf 89' lang='lat' dir='ltr'>Umaro</span> <span class='ocrx_word' id='word_1_595' title='bbox 2570 4095 2719 4152; x_wconf 77' lang='lat'>152</span> <span class='ocrx_word' id='word_1_596' title='bbox 2753 4098 2843 4148; x_wconf 88' lang='lat' dir='ltr'>est</span> <span class='ocrx_word' id='word_1_597' title='bbox 2872 4092 3084 4148; x_wconf 89' lang='lat' dir='ltr'>Mavias</span> <span class='ocrx_word' id='word_1_598' title='bbox 3114 4092 3324 4148; x_wconf 91' lang='lat' dir='ltr'>ductor</span> <span class='ocrx_word' id='word_1_599' title='bbox 3345 4097 3405 4146; x_wconf 91' lang='lat' dir='ltr'>et</span> <span class='ocrx_word' id='word_1_600' title='bbox 3431 4107 3600 4147; x_wconf 80' lang='lat' dir='ltr'>ame-</span> 
     </span>
    </p>
   </div>
   <div class='ocr_carea' id='block_1_92' title="bbox 1941 4178 3597 4253">
    <p class='ocr_par' dir='ltr' id='par_1_92' title="bbox 1941 4178 3597 4253">
     <span class='ocr_line' id='line_1_92' title="bbox 1941 4178 3597 4253; baseline -0.003 -14"><span class='ocrx_word' id='word_1_601' title='bbox 1941 4201 2038 4239; x_wconf 88' lang='lat' dir='ltr'>ras</span> <span class='ocrx_word' id='word_1_602' title='bbox 2069 4184 2263 4239; x_wconf 90' lang='lat' dir='ltr'>omnis</span> <span class='ocrx_word' id='word_1_603' title='bbox 2321 4199 2452 4253; x_wconf 63' lang='lat' dir='ltr'>qua:</span> <span class='ocrx_word' id='word_1_604' title='bbox 2512 4181 2848 4237; x_wconf 88' lang='lat' dir='ltr'>Sarracenis</span> <span class='ocrx_word' id='word_1_605' title='bbox 2914 4181 3154 4236; x_wconf 88' lang='lat' dir='ltr'>suberat</span> <span class='ocrx_word' id='word_1_606' title='bbox 3208 4179 3467 4251; x_wconf 81' lang='lat' dir='ltr'>regionis</span> <span class='ocrx_word' id='word_1_607' title='bbox 3521 4178 3597 4234; x_wconf 88' lang='lat' dir='ltr'>ab</span> 
     </span>
    </p>
   </div>
   <div class='ocr_carea' id='block_1_93' title="bbox 1942 4270 2897 4346">
    <p class='ocr_par' dir='ltr' id='par_1_93' title="bbox 1942 4270 2897 4346">
     <span class='ocr_line' id='line_1_93' title="bbox 1942 4270 2897 4346; baseline -0.004 -18"><span class='ocrx_word' id='word_1_608' title='bbox 1942 4275 2182 4346; x_wconf 66' lang='lat' dir='ltr'>Egypto</span> <span class='ocrx_word' id='word_1_609' title='bbox 2212 4288 2403 4343; x_wconf 91' lang='lat' dir='ltr'>usque</span> <span class='ocrx_word' id='word_1_610' title='bbox 2433 4270 2507 4327; x_wconf 92' lang='lat' dir='ltr'>ad</span> <span class='ocrx_word' id='word_1_611' title='bbox 2538 4271 2897 4342; x_wconf 88' lang='lat' dir='ltr'>Euphraten.</span> 
     </span>
    </p>
   </div>
   <div class='ocr_carea' id='block_1_94' title="bbox 2016 4356 3595 4429">
    <p class='ocr_par' dir='ltr' id='par_1_94' title="bbox 2016 4356 3595 4429">
     <span class='ocr_line' id='line_1_94' title="bbox 2016 4356 3595 4429; baseline -0.004 -13"><span class='ocrx_word' id='word_1_612' title='bbox 2016 4363 2184 4416; x_wconf 89' lang='lat' dir='ltr'>Anno</span> <span class='ocrx_word' id='word_1_613' title='bbox 2224 4361 2293 4415; x_wconf 81' lang='lat'>29</span> <span class='ocrx_word' id='word_1_614' title='bbox 2322 4359 2500 4416; x_wconf 84' lang='lat' dir='ltr'>Jadus</span> <span class='ocrx_word' id='word_1_615' title='bbox 2530 4360 2808 4415; x_wconf 87' lang='lat' dir='ltr'>Edessam</span> <span class='ocrx_word' id='word_1_616' title='bbox 2838 4357 3157 4429; x_wconf 90' lang='lat' dir='ltr'>colloquio,</span> <span class='ocrx_word' id='word_1_617' title='bbox 3188 4356 3595 4412; x_wconf 86' lang='lat' dir='ltr'>Constantiam</span> 
     </span>
    </p>
   </div>
   <div class='ocr_carea' id='block_1_95' title="bbox 1942 4445 3598 4523">
    <p class='ocr_par' dir='ltr' id='par_1_95' title="bbox 1942 4445 3598 4523">
     <span class='ocr_line' id='line_1_95' title="bbox 1942 4445 3598 4523; baseline -0.003 -18"><span class='ocrx_word' id='word_1_618' title='bbox 1942 4451 1993 4505; x_wconf 90' lang='lat' dir='ltr'>vi</span> <span class='ocrx_word' id='word_1_619' title='bbox 2029 4451 2203 4523; x_wconf 90' lang='lat' dir='ltr'>capit,</span> <span class='ocrx_word' id='word_1_620' title='bbox 2236 4450 2499 4521; x_wconf 87' lang='lat' dir='ltr'>itemque</span> <span class='ocrx_word' id='word_1_621' title='bbox 2558 4451 2759 4514; x_wconf 89' lang='lat' dir='ltr'>Daras,</span> <span class='ocrx_word' id='word_1_622' title='bbox 2818 4449 2880 4503; x_wconf 90' lang='lat' dir='ltr'>in</span> <span class='ocrx_word' id='word_1_623' title='bbox 2932 4465 3049 4520; x_wconf 90' lang='lat' dir='ltr'>quo</span> <span class='ocrx_word' id='word_1_624' title='bbox 3103 4447 3324 4503; x_wconf 90' lang='lat' dir='ltr'>multos</span> <span class='ocrx_word' id='word_1_625' title='bbox 3353 4445 3598 4501; x_wconf 86' lang='lat' dir='ltr'>interfe-</span> 
     </span>
    </p>
   </div>
   <div class='ocr_carea' id='block_1_96' title="bbox 1945 4536 3591 4611">
    <p class='ocr_par' dir='ltr' id='par_1_96' title="bbox 1945 4536 3591 4611">
     <span class='ocr_line' id='line_1_96' title="bbox 1945 4536 3591 4611; baseline -0.002 -16"><span class='ocrx_word' id='word_1_626' title='bbox 1945 4541 2045 4595; x_wconf 89' lang='lat' dir='ltr'>cit.</span> <span class='ocrx_word' id='word_1_627' title='bbox 2099 4543 2290 4610; x_wconf 82' lang='lat' dir='ltr'>Atque</span> <span class='ocrx_word' id='word_1_628' title='bbox 2347 4538 2433 4594; x_wconf 90' lang='lat' dir='ltr'>sic</span> <span class='ocrx_word' id='word_1_629' title='bbox 2485 4538 2666 4594; x_wconf 87' lang='lat' dir='ltr'>Jadus</span> <span class='ocrx_word' id='word_1_630' title='bbox 2722 4543 2909 4594; x_wconf 92' lang='lat' dir='ltr'>totam</span> <span class='ocrx_word' id='word_1_631' title='bbox 2967 4536 3200 4611; x_wconf 87' lang='lat' dir='ltr'>subegit</span> <span class='ocrx_word' id='word_1_632' title='bbox 3265 4538 3591 4608; x_wconf 83' lang='lat' dir='ltr'>MeSOpota-</span> 
     </span>
    </p>
   </div>
   <div class='ocr_carea' id='block_1_97' title="bbox 1871 4610 2154 4684">
    <p class='ocr_par' dir='ltr' id='par_1_97' title="bbox 1871 4610 2154 4684">
     <span class='ocr_line' id='line_1_97' title="bbox 1871 4610 2154 4684; baseline 0 0"><span class='ocrx_word' id='word_1_633' title='bbox 1871 4610 1917 4674; x_wconf 73' lang='grc' dir='ltr'>Π</span> <span class='ocrx_word' id='word_1_634' title='bbox 1950 4629 2154 4684; x_wconf 89' lang='lat' dir='ltr'>miam.</span> 
     </span>
    </p>
   </div>
   <div class='ocr_carea' id='block_1_98' title="bbox 2018 4713 3592 4785">
    <p class='ocr_par' dir='ltr' id='par_1_98' title="bbox 2018 4713 3592 4785">
     <span class='ocr_line' id='line_1_98' title="bbox 2018 4713 3592 4785; baseline -0.003 -12"><span class='ocrx_word' id='word_1_635' title='bbox 2018 4720 2189 4773; x_wconf 84' lang='lat' dir='ltr'>Anno</span> <span class='ocrx_word' id='word_1_636' title='bbox 2240 4718 2310 4772; x_wconf 92' lang='lat'>30</span> <span class='ocrx_word' id='word_1_637' title='bbox 2368 4717 2640 4773; x_wconf 89' lang='lat' dir='ltr'>Saraceni</span> <span class='ocrx_word' id='word_1_638' title='bbox 2699 4715 2925 4771; x_wconf 90' lang='lat' dir='ltr'>Persidi</span> <span class='ocrx_word' id='word_1_639' title='bbox 2977 4715 3203 4771; x_wconf 90' lang='lat' dir='ltr'>bellum</span> <span class='ocrx_word' id='word_1_640' title='bbox 3235 4713 3592 4785; x_wconf 89' lang='lat' dir='ltr'>intulerunt,</span> 
     </span>
    </p>
   </div>
   <div class='ocr_carea' id='block_1_99' title="bbox 1948 4805 3591 4879">
    <p class='ocr_par' dir='ltr' id='par_1_99' title="bbox 1948 4805 3591 4879">
     <span class='ocr_line' id='line_1_99' title="bbox 1948 4805 3591 4879; baseline -0.001 -18"><span class='ocrx_word' id='word_1_641' title='bbox 1948 4808 2247 4879; x_wconf 88' lang='lat' dir='ltr'>victosque</span> <span class='ocrx_word' id='word_1_642' title='bbox 2277 4810 2487 4863; x_wconf 88' lang='lat' dir='ltr'>Persas</span> <span class='ocrx_word' id='word_1_643' title='bbox 2518 4823 2726 4862; x_wconf 90' lang='lat' dir='ltr'>omnes</span> <span class='ocrx_word' id='word_1_644' title='bbox 2756 4805 2869 4861; x_wconf 90' lang='lat' dir='ltr'>sibi</span> <span class='ocrx_word' id='word_1_645' title='bbox 2893 4805 3303 4879; x_wconf 87' lang='lat' dir='ltr'>subjugarunt.</span> <span class='ocrx_word' id='word_1_646' title='bbox 3329 4805 3591 4860; x_wconf 82' lang='lat' dir='ltr'>Hormis-</span> 
     </span>
    </p>
   </div>
   <div class='ocr_carea' id='block_1_100' title="bbox 1898 4895 3592 4968">
    <p class='ocr_par' dir='ltr' id='par_1_100' title="bbox 1898 4895 3592 4968">
     <span class='ocr_line' id='line_1_100' title="bbox 1898 4895 3592 4968; baseline -0.002 -16"><span class='ocrx_word' id='word_1_647' title='bbox 1898 4937 1903 4945; x_wconf 84' lang='lat'>.</span> <span class='ocrx_word' id='word_1_648' title='bbox 1948 4896 2054 4952; x_wconf 90' lang='lat' dir='ltr'>das</span> <span class='ocrx_word' id='word_1_649' title='bbox 2083 4899 2399 4953; x_wconf 87' lang='lat' dir='ltr'>Persarum</span> <span class='ocrx_word' id='word_1_650' title='bbox 2428 4912 2533 4951; x_wconf 80' lang='lat' dir='ltr'>rex</span> <span class='ocrx_word' id='word_1_651' title='bbox 2589 4896 2725 4968; x_wconf 88' lang='lat' dir='ltr'>fuga</span> <span class='ocrx_word' id='word_1_652' title='bbox 2753 4895 2827 4951; x_wconf 90' lang='lat' dir='ltr'>ad</span> <span class='ocrx_word' id='word_1_653' title='bbox 2858 4895 3170 4952; x_wconf 89' lang='lat' dir='ltr'>interiores</span> <span class='ocrx_word' id='word_1_654' title='bbox 3216 4897 3425 4949; x_wconf 89' lang='lat' dir='ltr'>Persas</span> <span class='ocrx_word' id='word_1_655' title='bbox 3457 4910 3592 4949; x_wconf 89' lang='lat' dir='ltr'>eva-</span> 
     </span>
    </p>
   </div>
   <div class='ocr_carea' id='block_1_101' title="bbox 1949 4982 3592 5056">
    <p class='ocr_par' dir='ltr' id='par_1_101' title="bbox 1949 4982 3592 5056">
     <span class='ocr_line' id='line_1_101' title="bbox 1949 4982 3592 5056; baseline -0.003 -15"><span class='ocrx_word' id='word_1_656' title='bbox 1949 4986 2041 5041; x_wconf 90' lang='lat' dir='ltr'>sit.</span> <span class='ocrx_word' id='word_1_657' title='bbox 2079 4986 2382 5042; x_wconf 88' lang='lat' dir='ltr'>Sarraceni</span> <span class='ocrx_word' id='word_1_658' title='bbox 2433 4986 2710 5042; x_wconf 70' lang='lat' dir='ltr'>Chosroaa</span> <span class='ocrx_word' id='word_1_659' title='bbox 2770 4983 2924 5040; x_wconf 80' lang='lat' dir='ltr'>ﬁlias</span> <span class='ocrx_word' id='word_1_660' title='bbox 2975 4984 3234 5056; x_wconf 89' lang='lat' dir='ltr'>captivas</span> <span class='ocrx_word' id='word_1_661' title='bbox 3263 4999 3399 5039; x_wconf 91' lang='lat' dir='ltr'>cum</span> <span class='ocrx_word' id='word_1_662' title='bbox 3430 4982 3592 5037; x_wconf 90' lang='lat' dir='ltr'>omni</span> 
     </span>
    </p>
   </div>
   <div class='ocr_carea' id='block_1_102' title="bbox 1390 5199 2389 5256">
    <p class='ocr_par' dir='ltr' id='par_1_102' title="bbox 1390 5199 2389 5256">
     <span class='ocr_line' id='line_1_102' title="bbox 1390 5199 2389 5256; baseline -0.001 -2"><span class='ocrx_word' id='word_1_663' title='bbox 1390 5200 1754 5256; x_wconf 82' lang='lat' dir='ltr'>XYLANDRI</span> <span class='ocrx_word' id='word_1_664' title='bbox 1791 5200 1878 5254; x_wconf 90' lang='lat' dir='ltr'>ET</span> <span class='ocrx_word' id='word_1_665' title='bbox 1915 5200 2129 5256; x_wconf 81' lang='lat' dir='ltr'><strong>GOARI</strong></span> <span class='ocrx_word' id='word_1_666' title='bbox 2167 5199 2389 5254; x_wconf 71' lang='lat' dir='ltr'>NOTE.</span> 
     </span>
    </p>
   </div>
   <div class='ocr_carea' id='block_1_103' title="bbox 261 5322 1839 5454">
    <p class='ocr_par' dir='ltr' id='par_1_103' title="bbox 261 5322 1839 5454">
     <span class='ocr_line' id='line_1_103' title="bbox 261 5322 1839 5454; baseline -0.006 -71"><span class='ocrx_word' id='word_1_667' title='bbox 261 5331 487 5454; x_wconf 51' lang='grc' dir='ltr'>ριχΕχ</span> <span class='ocrx_word' id='word_1_668' title='bbox 517 5329 805 5384; x_wconf 88' lang='lat' dir='ltr'>Choniata</span> <span class='ocrx_word' id='word_1_669' title='bbox 834 5324 1013 5381; x_wconf 89' lang='lat' dir='ltr'>didici</span> <span class='ocrx_word' id='word_1_670' title='bbox 1042 5324 1154 5407; x_wconf 80' lang='lat' dir='ltr'>hoc</span> <span class='ocrx_word' id='word_1_671' title='bbox 1176 5340 1307 5379; x_wconf 88' lang='lat' dir='ltr'>esse</span> <span class='ocrx_word' id='word_1_672' title='bbox 1331 5322 1486 5395; x_wconf 90' lang='lat' dir='ltr'>quod</span> <span class='ocrx_word' id='word_1_673' title='bbox 1519 5323 1701 5405; x_wconf 66' lang='lat' dir='ltr'>Graeci</span> <span class='ocrx_word' id='word_1_674' title='bbox 1745 5342 1839 5391; x_wconf 91' lang='grc' dir='ltr'>μι-</span> 
     </span>
     <span class='ocr_line' id='line_1_104' title="bbox 289 5395 1839 5454; baseline -0.004 0"><span class='ocrx_word' id='word_1_675' title='bbox 289 5422 315 5453; x_wconf 94' lang='grc' dir='ltr'>ν</span> <span class='ocrx_word' id='word_1_676' title='bbox 343 5402 569 5454; x_wconf 82' lang='lat' dir='ltr'>dicunt.</span> <span class='ocrx_word' id='word_1_677' title='bbox 602 5404 683 5454; x_wconf 81' lang='lat' dir='ltr'>Ac</span> <span class='ocrx_word' id='word_1_678' title='bbox 717 5399 905 5454; x_wconf 92' lang='lat' dir='ltr'>multo</span> <span class='ocrx_word' id='word_1_679' title='bbox 938 5396 1156 5451; x_wconf 81' lang='lat' dir='ltr'>clarius</span> <span class='ocrx_word' id='word_1_680' title='bbox 1202 5411 1272 5450; x_wconf 83' lang='lat' dir='ltr'>ex</span> <span class='ocrx_word' id='word_1_681' title='bbox 1320 5401 1520 5449; x_wconf 90' lang='lat' dir='ltr'>nostro</span> <span class='ocrx_word' id='word_1_682' title='bbox 1553 5410 1613 5448; x_wconf 86' lang='grc' dir='ltr'>ιιι</span> <span class='ocrx_word' id='word_1_683' title='bbox 1648 5395 1839 5449; x_wconf 88' lang='lat' dir='ltr'>Leone</span> 
     </span>
    </p>
   </div>
   <div class='ocr_carea' id='block_1_104' title="bbox 199 5395 1839 5457">
    <p class='ocr_par' dir='ltr' id='par_1_104' title="bbox 199 5395 1839 5457">
     <span class='ocr_line' id='line_1_105' title="bbox 199 5395 1839 5457; baseline -0.004 -3"><span class='ocrx_word' id='word_1_684' title='bbox 199 5395 315 5454; x_wconf 78' lang='grc' dir='ltr'>σθόν</span> <span class='ocrx_word' id='word_1_685' title='bbox 343 5395 569 5456; x_wconf 87' lang='lat' dir='ltr'>dicunt.</span> <span class='ocrx_word' id='word_1_686' title='bbox 602 5404 683 5457; x_wconf 81' lang='lat' dir='ltr'>Ac</span> <span class='ocrx_word' id='word_1_687' title='bbox 717 5399 905 5454; x_wconf 92' lang='lat' dir='ltr'>multo</span> <span class='ocrx_word' id='word_1_688' title='bbox 938 5396 1156 5451; x_wconf 89' lang='lat' dir='ltr'>clarius</span> <span class='ocrx_word' id='word_1_689' title='bbox 1202 5411 1272 5450; x_wconf 83' lang='lat' dir='ltr'>ex</span> <span class='ocrx_word' id='word_1_690' title='bbox 1320 5401 1520 5449; x_wconf 90' lang='lat' dir='ltr'>nostro</span> <span class='ocrx_word' id='word_1_691' title='bbox 1553 5395 1613 5448; x_wconf 88' lang='lat' dir='ltr'>in</span> <span class='ocrx_word' id='word_1_692' title='bbox 1648 5395 1839 5449; x_wconf 88' lang='lat' dir='ltr'>Leone</span> 
     </span>
    </p>
   </div>
   <div class='ocr_carea' id='block_1_105' title="bbox 202 5463 1838 5537">
    <p class='ocr_par' dir='ltr' id='par_1_105' title="bbox 202 5463 1838 5537">
     <span class='ocr_line' id='line_1_106' title="bbox 202 5463 1838 5537; baseline -0.005 -10"><span class='ocrx_word' id='word_1_693' title='bbox 202 5474 584 5529; x_wconf 86' lang='lat' dir='ltr'>lconomacho</span> <span class='ocrx_word' id='word_1_694' title='bbox 625 5471 733 5527; x_wconf 89' lang='lat' dir='ltr'>sub</span> <span class='ocrx_word' id='word_1_695' title='bbox 766 5471 966 5529; x_wconf 81' lang='lat' dir='ltr'>finem,</span> <span class='ocrx_word' id='word_1_696' title='bbox 990 5467 1091 5521; x_wconf 88' lang='lat' dir='ltr'>ubi</span> <span class='ocrx_word' id='word_1_697' title='bbox 1112 5468 1356 5522; x_wconf 89' lang='lat' dir='ltr'>verbum</span> <span class='ocrx_word' id='word_1_698' title='bbox 1387 5470 1478 5521; x_wconf 90' lang='lat' dir='ltr'>est</span> <span class='ocrx_word' id='word_1_699' title='bbox 1505 5463 1838 5537; x_wconf 79' lang='grc' dir='ltr'>ῥογεύεσθαι.</span> 
     </span>
    </p>
   </div>
   <div class='ocr_carea' id='block_1_106' title="bbox 204 5537 1842 5615">
    <p class='ocr_par' dir='ltr' id='par_1_106' title="bbox 204 5537 1842 5615">
     <span class='ocr_line' id='line_1_107' title="bbox 204 5537 1842 5615; baseline -0.005 -15"><span class='ocrx_word' id='word_1_700' title='bbox 204 5546 270 5598; x_wconf 87' lang='lat' dir='ltr'>Et</span> <span class='ocrx_word' id='word_1_701' title='bbox 297 5561 415 5598; x_wconf 93' lang='lat' dir='ltr'>non</span> <span class='ocrx_word' id='word_1_702' title='bbox 444 5543 651 5615; x_wconf 90' lang='lat' dir='ltr'>procul</span> <span class='ocrx_word' id='word_1_703' title='bbox 682 5542 864 5615; x_wconf 73' lang='lat' dir='ltr'>aiine</span> <span class='ocrx_word' id='word_1_704' title='bbox 912 5539 1224 5615; x_wconf 72' lang='lat' dir='ltr'>Nicephori</span> <span class='ocrx_word' id='word_1_705' title='bbox 1273 5537 1379 5591; x_wconf 86' lang='grc' dir='ltr'>ἀπὸ</span> <span class='ocrx_word' id='word_1_706' title='bbox 1421 5537 1842 5615; x_wconf 46' lang='grc' dir='ltr'>γενικῶν-δεινᾶ-</span> 
     </span>
    </p>
   </div>
   <div class='ocr_carea' id='block_1_107' title="bbox 209 5607 1842 5687">
    <p class='ocr_par' dir='ltr' id='par_1_107' title="bbox 209 5607 1842 5687">
     <span class='ocr_line' id='line_1_108' title="bbox 209 5607 1842 5687; baseline -0.004 -18"><span class='ocrx_word' id='word_1_707' title='bbox 209 5615 331 5669; x_wconf 90' lang='lat' dir='ltr'>ceni</span> <span class='ocrx_word' id='word_1_708' title='bbox 353 5607 925 5687; x_wconf 10' lang='lat' dir='ltr'>stipendiagmiljtum</span> <span class='ocrx_word' id='word_1_709' title='bbox 951 5607 1842 5687; x_wconf 69' lang='lat' dir='ltr'>intercipiunt,centenariorum</span> 
     </span>
    </p>
   </div>
   <div class='ocr_carea' id='block_1_108' title="bbox 212 5678 1845 5759">
    <p class='ocr_par' dir='ltr' id='par_1_108' title="bbox 212 5678 1845 5759">
     <span class='ocr_line' id='line_1_109' title="bbox 212 5678 1845 5759; baseline -0.003 -19"><span class='ocrx_word' id='word_1_710' title='bbox 212 5689 285 5741; x_wconf 74' lang='lat'>13&#39;</span> <span class='ocrx_word' id='word_1_711' title='bbox 298 5678 630 5759; x_wconf 59' lang='lat' dir='ltr'>rogamrAc</span> <span class='ocrx_word' id='word_1_712' title='bbox 660 5684 721 5738; x_wconf 91' lang='lat' dir='ltr'>in</span> <span class='ocrx_word' id='word_1_713' title='bbox 750 5681 1136 5738; x_wconf 87' lang='lat' dir='ltr'>Constantino</span> <span class='ocrx_word' id='word_1_714' title='bbox 1163 5678 1392 5736; x_wconf 61' lang='lat' dir='ltr'>leonis</span> <span class='ocrx_word' id='word_1_715' title='bbox 1427 5680 1549 5734; x_wconf 83' lang='lat' dir='ltr'>ﬁlio</span> <span class='ocrx_word' id='word_1_716' title='bbox 1581 5678 1713 5754; x_wconf 77' lang='grc' dir='ltr'>ῥόγα</span> <span class='ocrx_word' id='word_1_717' title='bbox 1742 5696 1845 5735; x_wconf 85' lang='lat' dir='ltr'>ex-</span> 
     </span>
    </p>
   </div>
   <div class='ocr_carea' id='block_1_109' title="bbox 1948 5318 3593 5392">
    <p class='ocr_par' dir='ltr' id='par_1_109' title="bbox 1948 5318 3593 5392">
     <span class='ocr_line' id='line_1_110' title="bbox 1948 5318 3593 5392; baseline 0 -17"><span class='ocrx_word' id='word_1_718' title='bbox 1948 5321 2190 5392; x_wconf 87' lang='lat' dir='ltr'>ponitur</span> <span class='ocrx_word' id='word_1_719' title='bbox 2218 5321 2454 5391; x_wconf 76' lang='grc' dir='ltr'>συνήθης</span> <span class='ocrx_word' id='word_1_720' title='bbox 2513 5318 2748 5391; x_wconf 77' lang='grc' dir='ltr'>διανομὴ</span> <span class='ocrx_word' id='word_1_721' title='bbox 2800 5323 2909 5373; x_wconf 79' lang='grc' dir='ltr'>τῶν</span> <span class='ocrx_word' id='word_1_722' title='bbox 2928 5388 2940 5392; x_wconf 33' lang='grc' dir='ltr'><strong>Α</strong></span> <span class='ocrx_word' id='word_1_723' title='bbox 2966 5318 3401 5392; x_wconf 88' lang='grc' dir='ltr'>στρατευμάτων.</span> <span class='ocrx_word' id='word_1_724' title='bbox 3436 5325 3503 5392; x_wconf 84' lang='lat' dir='ltr'>Et</span> <span class='ocrx_word' id='word_1_725' title='bbox 3530 5321 3593 5378; x_wconf 88' lang='lat' dir='ltr'>in</span> 
     </span>
    </p>
   </div>
   <div class='ocr_carea' id='block_1_110' title="bbox 1950 5388 3595 5466">
    <p class='ocr_par' dir='ltr' id='par_1_110' title="bbox 1950 5388 3595 5466">
     <span class='ocr_line' id='line_1_111' title="bbox 1950 5388 3595 5466; baseline -0.001 -20"><span class='ocrx_word' id='word_1_726' title='bbox 1950 5388 2349 5466; x_wconf 76' lang='lat' dir='ltr'>iineRomani</span> <span class='ocrx_word' id='word_1_727' title='bbox 2372 5388 2576 5465; x_wconf 69' lang='lat' dir='ltr'>Argyri</span> <span class='ocrx_word' id='word_1_728' title='bbox 2596 5388 3445 5466; x_wconf 53' lang='lat' dir='ltr'>p’d&#39;yaqcoyxlpjrixawrefertur</span> <span class='ocrx_word' id='word_1_729' title='bbox 3471 5391 3595 5446; x_wconf 86' lang='grc' dir='ltr'>δια-</span> 
     </span>
    </p>
   </div>
   <div class='ocr_carea' id='block_1_111' title="bbox 1948 5461 3597 5537">
    <p class='ocr_par' dir='ltr' id='par_1_111' title="bbox 1948 5461 3597 5537">
     <span class='ocr_line' id='line_1_112' title="bbox 1948 5461 3597 5537; baseline 0.004 -21"><span class='ocrx_word' id='word_1_730' title='bbox 1948 5462 2424 5537; x_wconf 40' lang='grc' dir='ltr'>νομήηῡειιξῳιβ</span> <span class='ocrx_word' id='word_1_731' title='bbox 2456 5461 2692 5537; x_wconf 40' lang='lat' dir='ltr'>&#39;Suidas&#39;</span> <span class='ocrx_word' id='word_1_732' title='bbox 2714 5461 2892 5537; x_wconf 73' lang='lat' dir='ltr'>etiam</span> <span class='ocrx_word' id='word_1_733' title='bbox 2928 5461 3111 5537; x_wconf 42' lang='lat' dir='ltr'>@67an</span> <span class='ocrx_word' id='word_1_734' title='bbox 3169 5463 3597 5537; x_wconf 80' lang='lat' dir='ltr'>interpretatur</span> 
     </span>
    </p>
   </div>
   <div class='ocr_carea' id='block_1_112' title="bbox 1956 5530 3597 5613">
    <p class='ocr_par' dir='ltr' id='par_1_112' title="bbox 1956 5530 3597 5613">
     <span class='ocr_line' id='line_1_113' title="bbox 1956 5530 3597 5613; baseline 0.002 -26"><span class='ocrx_word' id='word_1_735' title='bbox 1956 5530 2223 5613; x_wconf 53' lang='grc' dir='ltr'>βασιλέων</span> <span class='ocrx_word' id='word_1_736' title='bbox 2254 5530 2653 5613; x_wconf 22' lang='grc' dir='ltr'>εμύιὲέ-ϐειοινριαὶ⁸</span> <span class='ocrx_word' id='word_1_737' title='bbox 2683 5530 3039 5613; x_wconf 73' lang='grc' dir='ltr'>φιλοτιμίαν.’</span> <span class='ocrx_word' id='word_1_738' title='bbox 3073 5535 3251 5613; x_wconf 74' lang='lat' dir='ltr'>Paulo</span> <span class='ocrx_word' id='word_1_739' title='bbox 3299 5530 3437 5613; x_wconf 70' lang='lat' dir='ltr'>ante</span> <span class='ocrx_word' id='word_1_740' title='bbox 3467 5558 3597 5613; x_wconf 87' lang='grc' dir='ltr'>συγ-</span> 
     </span>
    </p>
   </div>
   <div class='ocr_carea' id='block_1_113' title="bbox 1955 5604 3592 5689">
    <p class='ocr_par' dir='ltr' id='par_1_113' title="bbox 1955 5604 3592 5689">
     <span class='ocr_line' id='line_1_114' title="bbox 1955 5604 3592 5689; baseline 0.005 -32"><span class='ocrx_word' id='word_1_741' title='bbox 1955 5604 2126 5689; x_wconf 68' lang='grc' dir='ltr'>χάρια</span> <span class='ocrx_word' id='word_1_742' title='bbox 2155 5608 2382 5679; x_wconf 82' lang='lat' dir='ltr'>conjeci</span> <span class='ocrx_word' id='word_1_743' title='bbox 2421 5608 2567 5682; x_wconf 82' lang='grc' dir='ltr'>παρᾶ</span> <span class='ocrx_word' id='word_1_744' title='bbox 2695 5604 3030 5689; x_wconf 63' lang='grc' dir='ltr'>’συγχαίρειν</span> <span class='ocrx_word' id='word_1_745' title='bbox 3064 5606 3241 5680; x_wconf 87' lang='lat' dir='ltr'>dicta,</span> <span class='ocrx_word' id='word_1_746' title='bbox 3273 5604 3592 5681; x_wconf 72' lang='lat' dir='ltr'>gluckwuri-</span> 
     </span>
    </p>
   </div>
   <div class='ocr_carea' id='block_1_114' title="bbox 1953 5678 3059 5753">
    <p class='ocr_par' dir='ltr' id='par_1_114' title="bbox 1953 5678 3059 5753">
     <span class='ocr_line' id='line_1_115' title="bbox 1953 5678 3059 5753; baseline -0.002 -18"><span class='ocrx_word' id='word_1_747' title='bbox 1953 5678 2177 5750; x_wconf 73' lang='lat' dir='ltr'>schung,</span> <span class='ocrx_word' id='word_1_748' title='bbox 2208 5678 2458 5737; x_wconf 84' lang='lat' dir='ltr'>munera</span> <span class='ocrx_word' id='word_1_749' title='bbox 2484 5678 2890 5753; x_wconf 78' lang='lat' dir='ltr'>gratulatoria.</span> <span class='ocrx_word' id='word_1_750' title='bbox 2920 5678 3059 5733; x_wconf 79' lang='lat' dir='ltr'>XYL.</span> 
     </span>
    </p>
   </div>
  </div>
