4052 6316
410 323 532 386 823

1770 316 2089 378 GEORGII
2132 313 2478 376 CEDRENI

3702 321 3836 381 824

409 455 575 529 regia
603 451 956 526 supellectili
985 451 1059 507 ad
1091 455 1370 509 Umarum
1392 451 1789 508 abduxerunt.
1820 451 1898 504 Eo
1931 448 2060 520 ipso

2185 443 2382 524 ρεύγει.
2451 445 2520 503 Οἱ
2587 442 2646 502 δὲ
2707 450 3014 523 Σαρακηνοί
3085 447 3483 525 αἰχμαλώτους
3568 449 3669 514 τὰς
3729 456 3841 507 τοῦ

411 549 676 616 tempore
709 544 955 598 Umarus
976 558 1218 598 censum
1245 541 1363 613 egit
1384 558 1489 613 per
1510 556 1717 595 omnes
1739 555 1876 594 suas
1899 537 2068 593 ditio-

412 650 541 700 nes,
573 633 905 700 hominum,
939 632 1172 704 pecoris
1202 636 1262 686 et
1293 632 1589 703 stirpium.

2174 535 2431 611 Χοσρόου
2507 536 2802 611 θυγατέρας
2877 540 2964 611 [Ρ.
3030 541 3158 613 430]
3248 539 3361 612 ἅμα
3424 541 3496 611 τῇ
3563 539 3838 617 βασιλικῇ

2175 622 2449 698 ἀποσκευῇ
2509 621 2701 700 ἄγουσι
2732 625 2868 698 πρὸς
2926 623 3195 703 Οὗμαρον.
3255 631 3353 702 Τῷ
3384 626 3432 684 δ’
3460 628 3609 704 αὗτῷ
3638 632 3839 707 χρόνῳ

411 725 561 776 ποιεῖ
614 719 933 796 ἀναγραφὴν
993 719 1253 794 Οὕμαρος
1309 719 1483 789 πάσης
1535 724 1636 787 τῆς
1690 718 1778 773 ὑπ’
1833 713 1993 770 αὐτὸν
2055 712 2405 787 οἰκουμένης,
2460 719 2569 769 τῶν
2627 736 2686 769 τε
2740 715 3044 791 ἀνθρώπων
3098 719 3186 773 καὶ
3243 739 3452 790 κτηνων
3502 721 3595 775 καὶ
3623 726 3835 798 φυτῶν.

480 814 647 869 Anno
679 813 741 866 31
778 810 1104 879 Heraclius,
1166 810 1262 865 die
1324 812 1383 864 11
1446 809 1637 864 Martii
1684 825 1754 863 ex
1800 807 2063 878 hydrope

410 901 684 969 moritur,
715 917 851 956 cum
881 901 1233 971 imperasset
1266 915 1456 954 annos
1481 900 1570 968 30,
1597 913 1834 953 mensos
1870 896 2066 950 10.Hic

410 991 484 1049 ab
517 989 840 1046 Athanasio
895 988 1294 1045 Jacobitarum
1355 992 1416 1043 et
1466 987 1665 1060 Sergio
1696 986 1840 1058 Syro
1871 984 2066 1057 Cpolis

411 1080 767 1155 patriarchis
799 1078 1099 1146 seductus,
1122 1077 1197 1133 ad
1226 1076 1502 1132 haeresim
1534 1075 2067 1131 Monotheletarum

412 1169 725 1227 devolutus
754 1168 883 1224 fuit.
917 1172 1127 1223 Postea
1168 1167 1232 1221 in
1283 1182 1451 1237 aqua)
1482 1166 1761 1221 intecutis
1791 1163 2066 1220 morbum

416 1259 694 1330 delapsus
725 1257 824 1328 qui
858 1262 918 1312 et
959 1255 1189 1312 necavit
1221 1271 1357 1311 eum
1388 1260 1617 1310 atroces
1648 1270 1851 1326 pmnas
1884 1252 2064 1307 dedit.

416 1347 580 1404 Adeo
633 1347 792 1402 enim
838 1345 1062 1402 malum
1093 1346 1358 1412 increvit,
1391 1350 1457 1400 ut
1486 1344 1697 1399 lotium
1726 1342 2068 1398 redditurus

415 1436 682 1493 inferiori
705 1437 892 1491 ventri
917 1436 1177 1492 tabulam
1199 1436 1508 1508 imponere
1529 1452 1676 1507 opus
1697 1434 2067 1502 habuerit,eo

415 1525 575 1600 quod
603 1530 899 1582 veretrum
951 1525 1137 1599 ipsius
1194 1527 1497 1581 inversum
1552 1524 1789 1580 urinam
1830 1539 2067 1579 sursum

410 1633 615 1672 versus
656 1614 871 1671 faciem
924 1615 1240 1671 emitteret.
1298 1615 1417 1670 Hoc
1466 1620 1593 1670 erat
1651 1619 2068 1687 argumentum

411 1704 645 1777 ﬂagitii,
679 1704 841 1776 quod
870 1704 1231 1777 perpetravit
1251 1704 1466 1776 juncta
1513 1704 1624 1759 sibi
1656 1701 2071 1759 incestissimis

414 1793 642 1866 nuptiis
672 1793 1029 1849 consobrina
1088 1809 1195 1848 sua
1244 1794 1513 1849 Martina.
1565 1794 1788 1865 Corpus
1848 1793 1977 1864 ejus
2009 1792 2070 1845 in

416 1898 615 1939 arcam
639 1882 963 1954 repositum
985 1898 1090 1954 per
1106 1885 1139 1937 4
1156 1881 1283 1937 dies
1306 1884 1457 1939 758
1481 1883 1610 1937 sine
1628 1882 1883 1955 tegmine
1909 1898 2068 1937 man-
2098 1909 2147 1975 Β

416 1972 513 2030 sit.
549 1973 675 2028 Una
719 1972 951 2044 sepulta
1005 1977 1097 2027 est
1150 1973 1327 2028 etiam
1376 1989 1560 2028 aurea
1591 1989 1828 2039 corona,
1864 1972 2066 2043 sicque

416 2065 607 2117 tectus
635 2060 767 2117 fuit.

488 2242 629 2296 Post
657 2254 796 2294 eum
840 2238 1001 2294 ﬁlius
1056 2239 1243 2310 ipsius
1300 2240 1724 2294 Constantinus
1754 2238 2069 2309 imperium

417 2329 599 2401 gessit
626 2343 734 2399 per
761 2343 998 2382 menses
1037 2330 1090 2384 4.
1138 2329 1391 2399 Corpore
1449 2327 1562 2382 fuit
1590 2327 1891 2399 languido,
1925 2344 2069 2398 quo-

419 2417 564 2473 tidie
594 2414 1024 2487 propemodum
1083 2420 1392 2488 aegrotans.
1433 2417 1486 2470 ls
1518 2433 1553 2471 a
1583 2416 1933 2486 quibusdam
1966 2415 2072 2471 ad-

417 2505 681 2562 monitus
714 2521 1016 2574 coronam,
1050 2522 1167 2576 qua
1197 2522 1378 2578 regno
1424 2505 1811 2579 inauguratus
1860 2505 2071 2576 fuerat,

414 2611 551 2652 cum
582 2598 748 2666 patre
795 2609 924 2648 esse
987 2594 1302 2664 sepultam,
1363 2594 1649 2649 Callinico
1707 2595 2072 2651 cubiculario

415 2683 666 2740 mandat
694 2682 779 2738 uti
813 2698 942 2737 eam
980 2682 1092 2738 sibi
1124 2683 1350 2739 afferat.
1386 2684 1519 2738 Abit
1560 2683 1678 2751 ille,
1712 2690 1771 2739 et
1802 2685 2072 2756 sepulcro

424 2773 658 2829 recluso
691 2771 941 2827 cadaver
971 2771 1223 2827 Heraclii
1279 2789 1447 2844 aqua)
1508 2775 1695 2829 instar
1721 2774 2072 2845 dissipatum

424 2862 666 2935 reperit,
714 2878 1115 2934 coronamque
1164 2862 1341 2934 capiti
1373 2863 1897 2919 adhaarescentem.
1932 2867 2073 2919 Eam

424 2969 560 3009 cum
591 2951 854 3008 crinibus
885 2952 1114 3008 revellit
1142 2959 1386 3009 maestus
1416 2958 1593 3025 atque
1629 2954 1984 3025 lamentans,
2018 2959 2076 3010 et

425 3042 811 3098 Constantino
839 3042 1028 3098 affert.
1060 3043 1116 3097 Is
1156 3042 1297 3097 solvi
1350 3059 1418 3098 ac
1464 3043 1746 3099 aestimari
1770 3044 1945 3116 jubet
1974 3060 2073 3099 co-

427 3147 658 3197 ronam,
688 3135 747 3185 et
800 3130 1085 3185 aestimata
1140 3135 1230 3185 est
1280 3130 1449 3185 libris
1488 3133 1880 3206 septuaginta.
1916 3137 2072 3187 Con-

428 3220 755 3277 stantinum
785 3220 946 3275 hunc
975 3219 1224 3276 Martina
1242 3236 1493 3276 noverca
1523 3226 1582 3276 et
1611 3222 1868 3294 Pyrrhus
1898 3222 2078 3293 patri-

423 3309 604 3364 archa
631 3324 855 3363 veneno
886 3311 1264 3375 necaverunt,
1289 3308 1651 3380 cadaverque
1684 3309 1813 3382 ejus
1844 3310 1905 3363 in
1938 3308 2073 3364 fano
2105 3284 2148 3350 (ἶ

420 3398 733 3452 Beatorum
781 3395 1197 3466 Apostolorum
1272 3400 1597 3468 repositum
1656 3404 1764 3453 est.
1821 3401 2070 3454 Uxorem

420 3484 629 3542 habuit
656 3485 1049 3551 Anastasiam,
1082 3501 1211 3556 quas
1250 3490 1385 3557 post
1414 3492 1662 3540 mortem
1685 3487 1858 3558 juxta
1890 3487 2069 3541 mari-

424 3580 552 3632 tum
585 3580 673 3629 est
697 3574 955 3629 condita.

492 3664 815 3736 Imperium
842 3663 1056 3720 deinde
1079 3663 1434 3719 Heraclonas
1454 3681 1588 3719 cum
1612 3670 1801 3720 matre
1824 3667 2069 3721 Martina

417 3753 611 3809 tenuit
638 3769 876 3808 menses
908 3755 960 3810 6.
1013 3754 1068 3807 Is
1120 3753 1196 3807 ad
1256 3753 1545 3824 templum
1578 3754 1805 3810 Sanctae
1836 3756 2067 3826 Sophim

416 3842 664 3913 protulit
690 3858 994 3911 coronam,
1026 3858 1206 3912 quam
1246 3843 1664 3898 Constantinus
1696 3860 1763 3898 ex
1797 3845 2068 3915 sepulcro

417 3933 602 4002 patris
659 3929 1005 3986 abstulerat.
1071 3930 1350 4003 Legatum
1408 3948 1641 4003 quoque
1694 3934 2067 3989 Constantini

415 4019 620 4075 fratris
653 4019 943 4075 militibus
964 4020 1179 4075 viritim
1210 4021 1325 4076 tria
1355 4021 1714 4078 nomismata
1743 4022 2064 4077 distribuit.

422 4110 541 4166 Hoc
598 4125 755 4165 anno
814 4109 1033 4165 Mabias
1086 4110 1378 4166 Caesarem
1424 4111 1758 4167 Palaastinaa
1798 4118 2066 4185 occupat,

420 4203 646 4272 septem
676 4214 867 4254 annos
898 4205 1297 4271 oppugnatam
1323 4215 1336 4266 ;
1395 4216 1463 4255 ac
1493 4200 1555 4255 in
1602 4216 1671 4256 ea
1701 4207 1927 4273 septem
1956 4204 2068 4258 Ro-

419 4303 733 4344 manorum
764 4287 955 4344 millia
1006 4288 1306 4343 interficit.
1365 4289 1581 4345 Eodem
1638 4306 1794 4345 anno
1828 4295 2068 4346 senatus

416 4378 805 4433 Heraclonam
832 4393 966 4432 cum
999 4381 1187 4432 matre
1218 4394 1325 4432 sua
1358 4378 1510 4434 754
1540 4383 1599 4432 et
1629 4378 1940 4434 Valentino
1971 4380 2068 4435 de.

411 4467 566 4539 jicit.
600 4471 658 4521 et
687 4464 998 4521 Martinam
1024 4471 1256 4522 exsecta
1273 4467 1493 4537 lingua,
1519 4468 1901 4524 Heraclonam
1924 4486 2068 4525 naso

422 4555 761 4611 mutilatum
792 4559 1054 4609 extorres
1085 4555 1238 4627 agit:
1271 4556 1652 4611 Constantem
1698 4558 2067 4614 Constantini

2144 2408 2427 2493 εκάστην,
2493 2412 2570 2475 ὡς
2629 2412 2822 2483 εἰπεῖν,
2891 2415 3343 2492 νοσηλευόμενος.

2246 801 2340 875 Τῷ
2396 804 2479 857 λα’
2532 800 2635 857 ἔτει
2693 803 2919 877 τελευτᾷ
2972 804 3292 882 Ἡράκλειος
3322 808 3578 885 βασιλεὺς
3610 807 3841 883 ὑδεριὰ-

2175 911 2291 961 σας,
2352 891 2485 965 μηνί
2545 893 2771 968 Μαρτίῳ
2830 895 2915 965 ια’,
2976 894 3305 970 βασιλεύσας
3361 892 3455 968 ἔτη
3524 896 3592 971 λ’,
3649 906 3840 971 μῆνας

2178 980 2229 1035 ι’.
2261 980 2432 1043 Οὗτος
2504 982 2607 1037 ὑπὸ
2671 982 2991 1039 ’Δθανασίου
3056 986 3399 1062 πατριάρχου
3462 991 3572 1043 τῶν
3606 989 3845 1043 "lam-

2175 1062 2344 1123 ϐιτῶν
2400 1070 2492 1124 καὶ
2553 1071 2776 1147 Σεργίου
2832 1077 2928 1128 τοῦ
2985 1073 3164 1151 Σύρου
3205 1072 3840 1139 Κωνσταντινουπόλεως

2176 1158 2472 1228 ἀπατηθεὶς
2525 1158 2601 1223 εἰς
2657 1161 2758 1230 τήν
2815 1161 3019 1237 αἰρεσιν
3069 1167 3179 1219 τῶν
3213 1164 3613 1236 Μονοθελητῶν
3645 1166 3839 1237 tam»

2176 1245 2363 1318 λίσθη,
2395 1249 2484 1303 καὶ
2516 1246 2583 1317 δή
2638 1249 2773 1323 μετᾶ
2824 1256 2992 1307 ταῦτα
3047 1254 3189 1326 νόσῳ
3241 1254 3547 1330 περιπεσὼν
3579 1252 3838 1331 ὓδερικῇ,

2179 1333 2253 1391 δι’
2280 1336 2344 1411 ᾖς
2389 1335 2479 1392 καὶ
2519 1338 2757 1410 τέθνηκε,
2819 1337 3009 1404 δεινῶς
3066 1343 3413 1419 ἐτιμωρεῖτω
3446 1344 3536 1400 ἐπὶ
3564 1348 3837 1400 τοσοῦτον

2178 1425 2281 1502 γὰρ
2309 1427 2372 1481 τὸ
2403 1427 2572 1490 πάθος
2622 1427 2912 1501 ἐπεκτάθη,
2968 1431 3042 1493 ὠς
3096 1433 3261 1502 ἡνίκα
3313 1434 3568 1509 άπουρεῖν
3603 1431 3837 1508 ἔμελλε,

2180 1512 2368 1602 σανίδα
2422 1517 2662 1581 τίθεσθαι
2721 1517 2855 1573 κιοτᾶ
2909 1524 3007 1574 τοῦ
3062 1520 3236 1595 ἤτρου
3295 1520 3384 1577 διὰ
3412 1523 3475 1578 τὸ
3508 1524 3839 1602 στρέφεσθαι

2178 1604 2241 1659 τὸ
2269 1601 2476 1660 αἰδοῖον
2528 1604 2693 1661 αὐτοῦ
2747 1608 2837 1662 καὶ
2890 1609 3028 1664 κατᾶ
3077 1613 3172 1665 τοῦ
3226 1612 3526 1685 προσώπου
3572 1613 3635 1667 τὸ
3653 1601 3836 1686 οὖρον

2179 1691 2531 1766 ἀναπέμπειν.
2600 1695 2873 1772 Ἔλεγχος
2938 1694 2995 1753 δὲ
3068 1698 3134 1767 ἦν
3214 1704 3374 1755 τοῦτο
3431 1708 3534 1770 τῆς
3636 1703 3841 1757 ἑαυτοῦ

2180 1785 2528 1859 παρανομίας
2630 1783 2805 1843 ἕνεκεν
2880 1794 2977 1844 τοῦ
3045 1790 3123 1854 εἰς
3224 1793 3322 1863 τὴν
3392 1791 3533 1848 ἰδίαν
3609 1796 3839 1868 ἀνεψιὰν

2178 1878 2452 1950 Μαρτῒναν
2546 1876 3015 1950 παρανομωτάτου
3096 1881 3298 1956 γάμου.
3385 1882 3573 1953 Ἐτέθη
3643 1880 3703 1938 δὲ
3771 1886 3839 1939 τὸ

2178 1967 2337 2038 σῶμα
2364 1964 2528 2019 αὐτοῦ
2585 1964 2636 2019 ἐν
2696 1965 2947 2041 λάρνακι,
2978 1968 3068 2024 καὶ
3122 1967 3327 2044 ἓμεινεν
3360 1971 3587 2033 donaui:
3614 1972 3834 2049 ἡμέρας

2179 2049 2241 2108 δ’.
2313 2052 2590 2131 Συνετάφη
2661 2053 2716 2110 δὲ
2781 2055 2930 2129 αὐτῷ
2993 2058 3084 2113 καὶ
3148 2061 3366 2134 στέμμα
3431 2066 3671 2135 χρυσοῦν
3738 2064 3832 2117 καὶ

2178 2139 2352 2203 οὕτως
2381 2141 2703 2214 έσκεπάσθη.

2248 2229 2397 2285 Μετὰ
2466 2234 2660 2285 τοῦτον
2759 2232 3032 2305 βασιλεύει
3128 2238 3529 2299 Κωνσταντῖνος
3614 2239 3642 2294 ὁ
3721 2240 3840 2303 υἱὸς

2178 2320 2344 2376 αὐτοῦ
2413 2329 2611 2396 μῆνας,
2680 2321 2743 2379 δ’·
2811 2326 2908 2379 ἾΙν
2978 2323 3035 2381 δὲ
3102 2328 3323 2399 ἀσθενὴς
3378 2329 3444 2385 τὸ
3500 2335 3683 2405 σῶμα,
3718 2334 3839 2387 καθ’

3437 2421 3629 2493 Τούτῳ
3692 2423 3832 2483 τινὶς

2180 2498 2452 2574 λέγουσιν,
2507 2501 2589 2556 ὅτι
2649 2504 2726 2559 Τὸ
2785 2503 3021 2578 στέμμα,
3077 2505 3129 2559 ἐν
3188 2507 3234 2580 ᾧ
3289 2506 3577 2584 ἐστέφθης,
3633 2508 3729 2565 σὺν
3756 2512 3834 2583 τῷ

2181 2588 2347 2662 πατρί
2401 2611 2497 2644 σου
2551 2588 2742 2670 έτάςρὴ.
2802 2593 2901 2647 Καὶ
2955 2591 3203 2650 ἐκέλευσε
3265 2594 3577 2671 Καλλινίκῳ
3641 2594 3830 2655 x096:-

2180 2677 2460 2753 κουλαρίῳ
2506 2680 2731 2752 κομίσαι
2799 2677 2952 2739 αὐτό.
3017 2683 3296 2740 ’Δπελθὼν
3353 2686 3445 2741 οὗν
3502 2688 3594 2742 καὶ
3626 2689 3829 2760 ἀνοίξας

2181 2766 2301 2842 εὗρε
2354 2768 2415 2821 τὸ
2475 2771 2634 2842 σῶμα
2701 2766 2951 2835 διαλυθὲν
3012 2772 3141 2827 ὡσεὶ
3195 2770 3363 2849 ὕδωρ,
3418 2775 3482 2830 τὸ
3534 2773 3591 2832 δὲ
3619 2778 3823 2850 στέμμα

2182 2857 2462 2932 συμπαγέν
2517 2861 2587 2931 τῇ
2636 2857 2870 2937 κεφαλῇ.
2930 2860 3035 2917 Καὶ
3092 2863 3380 2919 ἀνέσπασεν
3438 2865 3572 2920 ait?)
3620 2865 3701 2919 σὺν
3739 2870 3808 2939 τῇ

2182 2945 2355 3019 κόμῃ,
2414 2949 2620 3010 πενθῶν
2673 2948 2761 3001 καὶ
2821 2946 3173 3023 ὀδυρόμενος,
3231 2953 3322 3007 καὶ
3380 2955 3628 3030 ἀπήγαγε
3655 2952 3799 3009 τουτο

2180 3039 2259 3106 τῷ
2315 3036 2728 3108 Κωνσταντίνῳ.
2790 3038 2850 3094 Ὁ
2910 3035 2966 3093 δὲ
3015 3039 3262 3096 ἐκέλευσε
3316 3044 3477 3097 τοῦτο
3511 3042 3817 3120 παραλυθῆ-

2183 3144 2270 3177 ναι
2335 3124 2425 3178 καὶ
2498 3128 2824 3196 τιμηθῆναι·
2896 3128 2927 3181 ὅ
2991 3129 3081 3184 καὶ
3144 3126 3437 3204 διετιμήθη
3507 3131 3697 3209 λίτρας
3760 3135 3826 3191 ο“.

2183 3211 2424 3283 Τελευτᾷ
2479 3209 2537 3267 δὲ
2594 3217 2991 3279 Κωνσταντῖνος
3043 3220 3438 3295 φαρμακευθεὶς
3489 3221 3593 3276 ὑπὸ
3627 3222 3833 3298 Μαρτί-

2184 3322 2280 3372 νης
2314 3308 2410 3371 τῆς
2441 3302 2605 3358 αὐτοῦ
2640 3311 2908 3379 μητρυιᾶς
2955 3308 3045 3361 καὶ
3102 3308 3316 3385 Πύῤῥου
3346 3313 3714 3388 πατριάρχουο
3745 3313 3834 3367 καὶ

2183 3390 2387 3453 τίθεται
2447 3392 2510 3446 τὸ
2575 3397 2736 3467 σῶμα
2803 3394 2967 3449 αὐτοῦ
3035 3395 3086 3451 έν
3151 3401 3230 3470 τῷ
3294 3400 3466 3473 ἡρῴῳ
3495 3405 3605 3456 τῶν
3639 3402 3836 3478 Ἀγίων

2185 3480 2557 3539 Ἀποστόλων.
2620 3484 2760 3551 Γυνή
2822 3481 2881 3539 δὲ
2938 3485 3129 3541 τούτον
3164 3488 3504 3563 Ἀναστασία,
3545 3490 3667 3559 ἣτις
3701 3494 3839 3565 μετὰ

2182 3567 2442 3638 τελευτὴν
2472 3572 2735 3649 συνετάφη
2767 3573 2846 3644 τῷ
2879 3570 3003 3647 ἰδίῳ
3031 3575 3085 3630 ἀι
3099 3572 3209 3651 δρί.

2258 3656 2541 3714 Βασιλεύει
2603 3657 2661 3715 δὲ
2722 3659 3076 3737 Ἡρακλωνᾶς
3151 3664 3243 3719 σὺν
3333 3668 3501 3741 μητρὶ
3586 3670 3829 3744 Μαρτίνῃ

2189 3755 2362 3822 μῆνας
2394 3756 2455 3813 ς’.
2508 3750 2680 3811 Οὗτος
2731 3753 3080 3829 προσήγαγεν
3140 3753 3216 3818 εἰς
3272 3757 3373 3824 τὴν
3409 3756 3593 3831 Ἀγίαν
3630 3757 3829 3838 Σοφίαν

2183 3840 2246 3893 τὸ
2313 3837 2528 3912 στέμμα
2593 3838 2725 3914 ὅπερ
2810 3839 3063 3919 ἀφείλετο
3140 3847 3545 3909 Κωνσταντῖνος
3612 3846 3673 3902 ἐκ
3735 3854 3827 3904 τοῦ

2186 3927 2459 4002 μνημείου
2550 3933 2647 3982 τοῦ
2714 3930 2916 4003 πατρὸς
3010 3930 3197 4004 αὐτοῦ,
3274 3930 3399 3997 δοὺς
3463 3937 3555 3991 καὶ
3623 3938 3826 4013 ἑκάστῳ

2184 4019 2596 4094 στρατευομένῳ
2683 4018 2936 4096 λεγάτον,
3035 4022 3346 4096 νομίσματα
3445 4026 3592 4099 τρία,
3698 4028 3826 4103 ὑπὲρ

2186 4106 2594 4165 Κωνσταντίνου
2644 4104 2884 4184 ἀδελφοῦ
2942 4109 3130 4168 αὐτοῦ.
3188 4111 3486 4187 Τούτῳτῷ
3514 4112 3621 4171 ἔτει
3652 4137 3826 4192 παρα·-

2183 4191 2451 4268 λαμϐάνει
2510 4191 2720 4259 Μαϐίας
2779 4199 3104 4275 Καισάρειαν
3155 4208 3255 4271 τῆς
3303 4202 3670 4276 Παλαιστίνης
3702 4191 3829 4281 μετᾶ

2182 4285 2315 4339 ἑπτὰ
2366 4283 2457 4355 ἔτη
2505 4291 2607 4355 τῆς
2663 4282 2987 4360 πολιορκίας
3040 4289 3233 4359 αὐτῆς,
3263 4291 3353 4345 καὶ
3385 4292 3580 4349 κτείνει
3609 4292 3666 4350 ἐν
3697 4295 3826 4368 αὐτῇ

2181 4374 2468 4448 Ῥωμαίων
2525 4373 2782 4451 χιλιάδας
2839 4377 2990 4433 ἑπτὰ.
3051 4378 3239 4452 Τούτῳ
3294 4385 3373 4454 τῷ
3424 4376 3529 4438 ἔτει
3578 4384 3827 4440 ἀπώσατο

2180 4466 2216 4534 ἡ
2276 4463 2587 4537 σύγκλητος
2639 4463 2987 4539 Ἠρακλωνᾶν
3043 4467 3157 4541 ἃμα
3227 4470 3469 4547 Μαρτίνῃ
3528 4477 3597 4547 τῇ
3666 4478 3825 4551 μητρὶ

2183 4554 2345 4609 αὐτοῦ
2402 4554 2489 4608 καὶ
2550 4553 2880 4627 Βαλεντίνῳ,
2932 4557 3022 4611 καὶ
3080 4556 3645 4633 γλωσσοκοπήσαντες
3679 4566 3824 4640 Μαρ-

422 4643 612 4698 ﬁlium
635 4642 888 4698 Heraclii
913 4649 1192 4715 nepotem
1214 4644 1464 4716 imperio
1491 4645 1840 4716 praeﬁciunt.
1865 4649 2069 4703 Tenuit

2185 4648 2327 4699 τῖναν
2399 4643 2491 4699 καὶ
2585 4645 3040 4719 ῥινοκοπήσαντες
3117 4646 3469 4723 Ἡρακλωνᾶν
3572 4652 3822 4729 ἐξώρισαν

418 4733 532 4787 hoc
564 4747 753 4787 annos
785 4734 872 4785 27.
907 4731 1196 4788 Czeterum
1229 4732 1587 4789 Heraclonas
1618 4751 1736 4790 non
1768 4741 1858 4791 est
1887 4737 2069 4808 impe-

419 4819 639 4876 ratoria
705 4820 1012 4892 sepultura
1065 4821 1333 4892 affectus,
1393 4821 1496 4876 sed
1554 4839 1733 4893 regno
1800 4825 2063 4894 ejectus;

420 4909 825 4982 privatamque
856 4925 1037 4981 agens
1068 4909 1270 4978 vitam,
1303 4926 1437 4965 cum
1471 4916 1658 4967 matre
1691 4913 1939 4968 Martina
1967 4913 2071 4969 hu-

426 5003 619 5053 matus
652 5001 741 5052 est
789 4996 849 5051 in
880 4995 1176 5051 dominico
1224 4997 1602 5053 monasterio.
1638 4999 1861 5071 Pyrrho
1894 5001 2071 5056 etiam

422 5087 733 5160 proﬂigato
758 5086 1095 5159 patriarcha
1115 5087 1313 5158 Cpolis
1335 5094 1569 5144 creatur
1589 5089 1805 5145 Paulus
1828 5090 2073 5163 presby-

423 5182 514 5232 ter
569 5182 628 5232 et
682 5175 1074 5249 dispensator,
1135 5176 1233 5247 qui
1298 5177 1704 5250 episcopatum
1751 5180 1933 5251 gessit
1960 5196 2071 5236 an-

424 5279 553 5319 nos.
588 5267 676 5319 12.

2179 4733 2544 4808 ἀμφοτέρους.
2614 4734 2711 4788 Καὶ
2780 4730 3099 4790 ὰνεϐίϐασαν
3164 4739 3487 4796 Κώνσταντα
3550 4744 3642 4798 τὸν
3709 4745 3819 4799 υἱὸν

2179 4823 2611 4912 ξίωνσταντίνου,
2668 4819 2885 4900 ἔγγονον
2935 4825 3283 4912 ᾟρακλείου,
3342 4828 3429 4884 ἐπὶ
3468 4833 3569 4901 τήν
3621 4832 3820 4912 ἀρχὴν,

2183 4909 2242 4970 ὃς
2299 4908 2588 4986 ἐκράτησεν
2643 4913 2728 4984 [Ρ.
2761 4914 2887 4985 431]
2944 4910 3037 4984 ἔτη
3098 4916 3197 4984 κζ’.
3254 4920 3313 4973 Ὁ
3368 4914 3427 4972 δὲ
3482 4908 3823 4993 Ἠρακλῶνᾶς

2183 4997 2282 5053 οὐκ
2324 4998 2491 5077 ἐτάφη
2548 5001 2872 5075 βασιλικῶς,
2923 5001 3070 5059 ἀλλὰ
3122 5002 3381 5080 διωχθείς
3424 5005 3485 5063 ἐκ
3528 5013 3628 5075 τῆς
3681 5011 3825 5084 βασιε

2184 5087 2333 5151 λείας
2374 5090 2461 5143 καὶ
2524 5086 2822 5146 ἰδιωτεύων
2882 5090 3050 5172 ἐτάφη
3107 5092 3163 5148 ἐν
3217 5099 3298 5167 τῷ
3358 5101 3709 5175 μοναστηρίῳ
3738 5099 3822 5155 σὺν

2179 5180 2250 5252 τῇ
2286 5178 2452 5254 μητρὶ
2501 5180 2770 5254 Μαρτίνᾳ.
2815 5180 3029 5259 [Ιύῤῥου
3079 5181 3139 5238 δὲ
3184 5181 3548 5256 ἐκϐληθέντος
3578 5192 3828 5265 Χειροτο-

2183 5272 2356 5322 νεῖται
2448 5271 2797 5344 πατριάρχης
2900 5274 3522 5341 Κωνσταντινουπόλεως
3620 5278 3825 5342 Παῦλος

2185 5351 2551 5432 πρεσϐύτερος
2597 5358 2688 5413 καὶ
2737 5358 3050 5434 οἰκονόμος,
3098 5360 3470 5435 έπισκοπήσας
3501 5360 3594 5438 ἔτη
3628 5369 3822 5442 (75).

1634 5472 1990 5529 XYLANDRI
2029 5474 2115 5529 ET
2153 5474 2365 5531 GOARI
2406 5476 2626 5532 NOTAE.

503 5565 617 5639 (75)
647 5563 810 5639 idem
858 5570 949 5639 est
997 5566 1154 5639 apud
1196 5568 1490 5639 Zonarum
1519 5569 1582 5624 in
1613 5568 1931 5626 Constante
1963 5572 2077 5626 He-

432 5636 601 5696 raclii
650 5636 716 5693 N.
746 5636 813 5692 In
857 5636 1250 5710 Chronologia
1293 5640 1605 5712 Nicephori
1649 5639 2078 5715 archiepiscopi

2188 5573 2480 5659 Cpolitani
2507 5572 2721 5659 legitur
2747 5576 2960 5659 annin2.
2991 5576 3050 5633 d.
3100 5580 3191 5659 2_6.
3238 5580 3380 5637 Eam
3412 5583 3673 5659 Gripcam
3702 5585 3816 5659 ipse

2189 5661 2310 5702 non
2368 5645 2521 5702 vidi:
2572 5645 2789 5705 Latine
2844 5646 3005 5707 edita
3059 5655 3169 5726 est,
3226 5668 3399 5714 versa
3434 5669 3472 5713 a
3498 5645 3820 5721 Germania
