4052 6316
233 406 364 468 825

1384 401 1924 465 HISTORIARUM
1969 402 2535 468 COMPENDIUM.

3545 406 3664 466 826

324 535 552 611 Κόσμου
581 530 701 598 ἔτος
733 533 911 612 ςρλδ’,
941 541 1042 606 τῆς
1097 534 1244 600 θείας
1274 535 1602 610 σαρκώσεως
1632 530 1751 597 ἔτος
1783 538 1903 613 χμ’.

2092 541 2262 593 Anno
2293 539 2499 595 mundi
2558 542 2716 610 6134,
2775 558 2932 597 anno
2991 542 3201 597 divinae
3232 540 3666 597 lncarnationis

235 625 541 697 Ῥωμαίων
602 622 858 699 βασιλεὺς
917 624 1173 686 Κώνστας
1230 624 1259 678 6
1314 624 1433 687 υἱὸς
1488 623 1904 680 Κωνσταντίνου

238 715 372 769 υἱοῦ
402 710 756 788 Ἠρακλείου,
788 709 1184 786 αἰρετικὸς,έτη
1213 717 1312 782 κζ’.
1344 712 1443 774 Ὃς
1471 712 1908 787 παρακλητικοῖς

238 800 439 877 λόγοις
470 800 610 875 πρὸς
658 801 759 868 τήν
801 799 1111 874 σύγκλητον
1166 798 1465 876 ἐχρήσατο,
1497 797 1778 860 ἐπαινέσας
1809 798 1905 853 αὖ-

235 893 346 960 τήν
383 891 516 965 ὑπὲρ
546 892 644 944 τοῦ
679 889 872 962 μίσους
901 886 1227 964 Ἧρακλωνᾶ
1262 889 1353 944 καὶ
1386 887 1662 964 Μαρτίνῃς
1694 887 1768 950 ὡς
1794 904 1907 963 φο-

239 979 384 1036 νέων
417 976 720 1055 γεγονότων
752 982 855 1032 τοῦ
875 977 1079 1053 πατρὸς
1107 977 1296 1048 αὐτοῦ,
1314 979 1404 1033 καὶ
1430 975 1662 1054 δωρεαῖς
1690 975 1924 1054 φιλοτι-ι

248 1068 573 1144 μησάμενος
596 1066 850 1123 ἀπέλυσε.

320 1158 419 1230 Τῷ
451 1157 499 1232 β’
540 1150 649 1212 ἔτει
705 1153 907 1230 ἤρξατο
963 1156 1221 1231 Οὕμαρος
1276 1152 1589 1231 οἰκοδομεῖν
1637 1156 1728 1211 τὸν
1783 1155 1910 1210 ναὸν

245 1246 642 1323 Ἰερουσαλὴμ,
690 1246 782 1300 καὶ
839 1246 952 1322 οὐχ
1002 1245 1190 1301 ἳστατο
1244 1246 1307 1301 τὸ
1336 1246 1560 1320 κτίσμα.
1594 1244 1912 1319 Πυθομένου

250 1336 311 1393 δὲ
340 1338 441 1407 τὴν
473 1336 650 1391 αἰτίαν
682 1336 835 1391 εἷπον
875 1336 927 1391 οἱ
978 1333 1256 1406 Ἰουδαῖοι,
1316 1336 1406 1391 καὶ
1457 1337 1769 1411 κατήγαγον
1820 1334 1914 1390 τὸν

250 1428 484 1503 σταυρὸν
530 1427 623 1482 τὸν
684 1424 814 1481 ὄντα
868 1424 1050 1481 ἐπάνω
1125 1430 1222 1480 τοῦ
1270 1430 1399 1481 ναοῦ
1445 1428 1541 1481 106
1589 1425 1749 1501 ὅρους
1806 1428 1914 1480 τῶν

254 1516 523 1588 Ἐλαιῶν,
553 1516 645 1571 καὶ
698 1514 874 1577 οὕτως
932 1514 1154 1586 συνέστη
1213 1515 1390 1570 αὐτῶν
1422 1517 1458 1584 ἡ
1490 1513 1782 1588 οἱκοδομή.
1818 1513 1914 1569 Διὰ

250 1606 458 1678 ταύτην
514 1606 613 1674 τήν
668 1604 844 1660 αἰτίαν
912 1601 1161 1667 πολλοὺς
1220 1603 1482 1679 σταυροὺς
1513 1605 1828 1681 κατήγαγον
1861 1603 1914 1657 οἱ

258 1694 636 1772 μισόχριστοι.

328 1790 420 1859 Τῷ
449 1786 497 1861 γ’
527 1779 633 1840 ἔτει
657 1786 873 1862 γέγονεν
905 1778 1151 1858 ἔκλειψις
1185 1780 1372 1852 ἡλίου.

2010 630 2136 695 640,
2167 631 2455 684 Constans
2486 632 2883 686 Romanorum
2906 631 3223 703 imperium
3266 631 3518 702 adoptus
3550 634 3662 693 est,

2011 716 2190 787 idque
2220 718 2403 789 gessit
2432 735 2621 773 annos
2666 720 2760 787 27,
2791 720 3159 776 Constantini
3195 719 3372 786 ﬁlius,
3400 717 3660 773 Heraclii

2012 822 2197 877 nepos
2263 807 2596 863 haereticus.
2662 810 2715 862 Is
2778 814 3052 863 senatum
3117 808 3386 864 oratione
3443 806 3666 863 blanda

2014 896 2398 967 compellavit,
2432 895 2779 952 collandans
2810 914 2910 952 eos
2944 898 3017 951 ob
3056 897 3509 952 insectationem
3541 898 3666 951 He-

2013 984 2272 1040 raclonaa
2303 990 2364 1041 et
2399 987 2683 1053 Martinm,
2708 985 2981 1056 aquibus
3010 991 3238 1057 patrem
3271 1002 3441 1041 suum
3477 986 3663 1040 inter-

2014 1076 2236 1133 fectum
2267 1076 2538 1146 dicebat;
2572 1076 3018 1148 liberaliterque
3064 1077 3313 1132 donatos
3347 1077 3592 1132 dimisit.

2086 1168 2254 1222 Anno
2286 1167 2466 1238 hujus
2519 1166 2704 1222 altero
2760 1167 3009 1221 Umarus
3059 1164 3352 1221 aadiﬁcare
3379 1164 3670 1236 templum

2018 1255 2616 1327 Hierosolymitanum
2673 1255 2889 1327 erupit;
2952 1270 3205 1324 cumque
3264 1254 3515 1308 aediﬁcia
3544 1269 3668 1307 non

2018 1344 2431 1400 consisterent.
2463 1343 2649 1399 Judaai
2699 1360 2938 1400 causam
2986 1342 3173 1415 rogati
3208 1359 3339 1397 eam
3372 1357 3671 1413 exposue-

2017 1438 2178 1503 runt,
2208 1449 2276 1488 ac
2307 1449 2542 1489 crucem
2573 1449 2704 1504 quae
2748 1433 2968 1504 templo
3001 1432 3221 1487 montis
3251 1432 3524 1486 Olearum
3558 1432 3672 1486 im-

2018 1523 2211 1595 posita
2241 1528 2369 1578 erat
2397 1523 2822 1594 deposuerunt.
2856 1523 2941 1577 Ita
2989 1522 3227 1577 demum
3283 1521 3536 1576 aediﬁcia
3566 1521 3671 1575 ﬁr-

2019 1616 2179 1667 mata
2210 1615 2368 1667 sunt.
2393 1614 2585 1682 Atque
2607 1612 2734 1667 haec
2755 1628 2850 1666 res
2871 1611 3085 1666 Christi
3117 1610 3388 1666 osoribus
3407 1609 3673 1666 occasio—

2020 1718 2160 1756 nem
2186 1699 2442 1772 przebuit
2472 1700 2690 1755 multas
2722 1717 2929 1755 cruces
2959 1698 3333 1755 deturbandi.

2091 1793 2261 1845 Anno
2294 1790 2467 1845 tertio
2498 1788 2763 1845 defectus
2795 1789 2939 1845 solis
2968 1789 3099 1844 fuit.

327 1877 424 1947 Τῷ
483 1880 525 1939 ς’
582 1869 688 1929 ἔτει
743 1871 959 1950 γέγονεν
1016 1873 1215 1945 ἃνεμος
1295 1871 1497 1947 βίαιος,
1581 1874 1669 1927 καὶ
1727 1869 1914 1928 πολλὰ

2089 1881 2259 1935 Anno
2313 1885 2476 1934 sexto
2518 1880 2727 1951 ingens
2776 1885 2988 1934 ventus
3039 1878 3261 1934 multas
3298 1876 3678 1950 prmgrandes

258 1961 454 2039 δένδρα
482 1962 809 2037 παμμεγέθη
844 1959 1057 2031 ἔπεσον,
1089 1959 1179 2015 καὶ
1212 1958 1444 2025 στύλους
1472 1956 1678 2037 ἔρριψε.

332 2057 429 2126 Τῷ
492 2053 533 2123 ζ’
598 2046 704 2107 ἔτει
768 2050 1151 2126 ἐπεστράτευσε
1235 2045 1444 2113 Μαϐίας
1525 2051 1600 2113 εἷς
1668 2050 1909 2126 Κύπρον,

259 2142 407 2220 ἔχων
465 2143 645 2221 σκάφη
705 2142 815 2216 αφ’,
872 2140 962 2196 καὶ
1032 2135 1310 2214 παρέλαϐε
1363 2141 1763 2197 Κωνστάντειαν
1822 2141 1913 2196 καὶ

262 2238 437 2291 πᾶσαν
479 2234 578 2302 τήν
603 2238 792 2301 νῆσον.

333 2325 428 2396 Τῷ
461 2323 510 2393 η’
542 2317 648 2376 ἔτει
695 2314 912 2380 Μαϐίας
955 2321 1055 2389 τήν
1093 2317 1328 2393 Ἄραδον
1374 2316 1623 2395 σφοδρῶς
1655 2318 1913 2393 πολεμή-

260 2438 354 2480 σας
420 2415 623 2486 ταύτην
708 2410 865 2490 λόγῳ
938 2407 1216 2486 παρέλαϐε
1276 2411 1367 2468 καὶ
1434 2411 1750 2488 ἀπετείχισε
1822 2412 1913 2467 καὶ

260 2505 543 2581 ἐνέπρησε,
600 2502 689 2559 καὶ
745 2503 846 2571 τὴν
905 2508 1067 2571 νῆσον
1099 2500 1282 2557 ἄοικον
1343 2500 1618 2573 ἐποιίησεν
1672 2498 1777 2563 ἓως
1814 2506 1913 2557 106

262 2594 374 2649 v6v.
406 2595 500 2664 Τῷ
530 2589 576 2646 δ’
609 2593 762 2665 αὐτῷ
809 2588 914 2646 ἔτει
951 2590 1168 2667 γέγονεν
1226 2588 1279 2645 ἐν
1328 2591 1519 2665 Ῥώμῃ
1553 2588 1777 2652 σύνοδος
1811 2590 1915 2645 ὑπὸ

271 2682 556 2757 Μαρτίνου
584 2680 720 2736 κατὰ
745 2686 853 2735 τῶν
887 2678 1308 2751 Μονοθελητῶν.

343 2770 435 2839 Τῷ
468 2773 532 2821 ια’
559 2763 663 2821 ἔτει
692 2765 840 2829 κόνις
870 2764 931 2821 ἐκ
959 2770 1056 2821 τοῦ
1089 2765 1320 2840 ούρανοῦ
1349 2763 1681 2840 κατηνέχθη.

341 2860 427 2929 Τῷ
489 2857 558 2931 ιβ’
613 2849 829 2918 Μαϐίας
904 2851 1228 2913 καταλαϐὼν
1298 2856 1399 2924 τήν
1457 2852 1642 2911 Ῥόδον
1696 2855 1916 2913 καθεῖλε

268 2947 358 3002 τὸν
420 2942 682 3000 κολοσσὸν
743 2944 875 3018 μετᾶ
929 2945 1062 3015 ατξε’
1117 2939 1210 3015 ἔτη
1269 2946 1368 3013 τῆς
1422 2944 1587 2999 αὐτοῦ
1626 2942 1912 3021 ἱδρύσεως

270 3034 328 3090 ’ὀν
388 3033 739 3106 ὠνησάμενος
794 3032 1036 3109 ἔμπορος
1118 3031 1399 3089 ἐννακόσια
1455 3032 1707 3105 καμήλια
1762 3032 1917 3112 ἐφόρ-

266 3144 408 3180 τωσε
435 3124 525 3177 τὸν
586 3120 815 3199 χαλκόν.
874 3122 976 3179 Καὶ
1035 3122 1137 3199 γὰρ
1196 3123 1248 3177 οἱ
1305 3120 1508 3179 Ῥόδιοι
1542 3122 1911 3194 θαλασκοκρα-

264 3215 524 3284 τήσαντες
555 3212 847 3282 ἀνέστησαν
871 3207 1151 3286 ἀνδριάντα
1181 3210 1425 3287 χαλκοῦν
1469 3216 1551 3285 τῷ
1599 3212 1774 3287 Ἠλίῳ
1803 3234 1913 3284 πη⁴

267 3305 385 3379 χῶν
417 3309 490 3372 π’,
522 3300 597 3365 ὡς
625 3300 779 3374 λέγει
801 3300 866 3355 τὸ
889 3298 944 3355 ἐν
976 3298 1121 3373 αὖτῷ
1147 3299 1487 3377 ἐπίγραμμα·

375 3390 484 3448 Τὸν
518 3388 571 3445 ἐν
602 3386 776 3462 Ῥόδῳ
799 3386 1067 3444 κολοσσὸν
1099 3389 1316 3452 ὀκτάκις
1347 3387 1474 3446 δέκα

381 3478 574 3554 Λάχης
609 3477 836 3548 ἐποίησε
864 3479 1093 3553 πήχεων
1122 3479 1151 3533 6
1183 3476 1417 3543 Λίνδιος.

274 3571 370 3627 Ὃν
403 3566 494 3623 διὰ
548 3568 611 3623 τὸ
674 3568 898 3646 μέγεθος
959 3567 1217 3623 ἐκάλεσαν
1274 3567 1569 3638 κολοσσὸν,
1618 3569 1708 3646 ἀφ’
1739 3569 1916 3625 οὔκαὶ

274 3658 430 3714 αὐτοὶ
465 3655 797 3720 Κολοσσαεῖς
827 3661 940 3732 (76)
966 3658 1383 3733 ὠνομάσθησαν.

339 3753 427 3821 Τῷ
534 3749 600 3823 ιγ’
683 3742 787 3803 ἔτει
882 3742 1097 3809 Μαϐίας
1196 3746 1473 3819 ἐξόπλισιν
1539 3748 1593 3805 ἐν
1659 3749 1918 3825 Τριπόλει

274 3835 497 3907 ἐποίησε
562 3836 818 3913 μεγάλων
875 3835 1085 3892 πλοίων
1139 3841 1237 3892 106
1294 3837 1534 3903 ἀνελθεῖν
1590 3841 1725 3895 κατά
1766 3844 1917 3898 Κωνο

275 3927 794 3990 σταντινουπόλεως.
870 3932 1044 3985 Τοῦτο
1121 3930 1437 4002 θεασάμενοι
1515 3928 1610 3986 δύο
1690 3930 1918 4011 ἀδελφοὶ

274 4015 654 4097 φιλόχριστοι,
706 4015 817 4071 υἱοὶ
880 4017 1255 4093 βυκινάτορος,
1317 4018 1472 4090 ζήλῳ
1531 4019 1660 4092 θείῳ
1687 4019 1919 4094 τρωθέν-

272 4127 355 4162 τεε
411 4108 493 4179 [Ρ.
525 4107 653 4178 432‘;
710 4102 797 4158 ἐπὶ
851 4104 915 4159 τὸ
973 4103 1352 4180 δεσμωτήριον
1403 4105 1783 4182 παρεγένοντο,
1829 4110 1921 4165 καὶ

272 4196 364 4257 τὰς
421 4192 598 4255 πύλας
659 4190 1041 4272 διαῤῥήζαντες
1098 4195 1186 4250 καὶ
1243 4195 1370 4257 τοὺς
1429 4193 1684 4269 δεσμίους
1721 4196 1922 4254 λύσαν-

275 4304 358 4346 τες
386 4283 481 4341 τὸν
540 4282 759 4356 ἀμηρᾶς
818 4281 1143 4358 Τριπόλεως
1201 4284 1512 4339 ἀπέκτειναν
1544 4286 1634 4340 καὶ
1665 4286 1796 4349 τοὺς
1827 4287 1919 4342 σὺν

278 4373 441 4445 αὐτῷ,
498 4373 588 4428 καὶ
645 4373 744 4441 τὴν
801 4372 1105 4443 ἀποσκευὴν
1154 4380 1328 4428 πᾶσαν
1380 4372 1756 4449 ἐμπρήσαντες
1833 4376 1921 4432 ἐπὶ

280 4462 584 4536 Ῥωμανίαν
644 4459 1005 4518 ἀπέπλευσαν.
1066 4461 1169 4519 Καὶ
1223 4463 1252 4517 6
1313 4463 1408 4535 μὲν
1467 4460 1683 4527 Μαϐίας
1762 4486 1920 4541 στρα-

281 4553 419 4608 τεύει
480 4550 803 4623 Καισάρειαν
877 4557 979 4620 τῆς
1068 4550 1476 4621 Καππαδοκίας,
1545 4550 1922 4633 Ἀϐουλαούαρ

286 4640 340 4697 δὲ
399 4640 645 4719 ἀρχηγὸν
704 4640 998 4710 κατέστησε
1050 4644 1158 4695 τῶν
1219 4640 1448 4697 πλοίων·
1510 4642 1569 4705 ὅς
1628 4625 1918 4721 παραγενᾶ.
1953 4625 2003 4690 Β

289 4752 438 4805 μενον
471 4730 545 4792 εἰς
574 4729 666 4784 τὸν
726 4728 952 4785 Φοίνικα
1001 4736 1101 4800 τῆς
1159 4731 1384 4799 Λυκίας,
1442 4729 1564 4787 ἔνθα
1607 4733 1673 4803 ἧν
1707 4735 1735 4789 ὁ
1767 4738 1925 4807 βασι-

281 4817 403 4879 λεὺς
482 4818 614 4892 μετά
663 4820 761 4873 106
820 4818 1134 4891 Ῥωμαϊκοῦ
1192 4816 1413 4891 στόλου,
1475 4828 1749 4898 ναυμαχεῑ
1808 4827 1925 4897 μετ’

282 4906 461 4963 αὐτοῦ.
496 4910 583 4980 Τῇ
624 4908 714 4961 οὗν
756 4908 862 4980 πρὸ
889 4910 987 4962 106
1016 4906 1268 4980 παλέμου
1308 4907 1507 4981 ἑσπέρᾳ
1562 4911 1756 4987 θεωρεῖ
1805 4917 1925 4971 κατ’

281 4996 401 5069 ὄναρ
433 4997 461 5051 6
493 4993 750 5071 βασιλεὺς
782 4993 865 5050 ὅτι
909 4996 977 5064 ἦν
1027 4994 1079 5051 ἐν
1137 4996 1527 5074 Θεσσαλονίκῃ.
1587 5005 1924 5069 Διυπνισθεὶς

281 5083 334 5142 δὲ
392 5082 699 5159 διηγήσατο
756 5087 835 5155 τῷ
895 5084 1254 5161 ὀνειροκρίτῃ.
1319 5087 1378 5144 Ὀ
1435 5084 1493 5144 δὲ
1544 5082 1667 5167 ἔφη·
1725 5096 1789 5146 Ὢ
1825 5093 1920 5169 βα.

280 5174 447 5243 σιλεῡ,
516 5172 629 5236 εἲθε
692 5174 767 5245 μὴ
837 5170 1087 5235 ὕπνωσας
1152 5177 1220 5247 τῇ
1285 5177 1432 5232 νυκτὶ
1519 5177 1715 5255 ταύτῃ,
1784 5184 1924 5255 μήτε

281 5264 479 5339 δνειρον
535 5260 776 5317 ἐθεάσωί
833 5262 896 5316 τὸ
951 5263 1057 5338 γὰρ
1112 5263 1249 5317 εἶναί
1310 5284 1368 5320 σε
1423 5264 1477 5321 έν
1527 5267 1919 5347 Θεσσαλονίκῃ,

2019 1969 2262 2025 arbores
2295 1986 2363 2025 ac
2396 1969 2704 2025 columnas
2735 1968 2970 2040 dejecit.

2094 2058 2240 2116 755
2276 2060 2445 2113 Anno
2476 2061 2507 2111 '7
2539 2057 2757 2112 Mabias
2810 2057 2872 2111 in
2928 2058 3183 2129 Cyprum
3230 2053 3675 2127 expeditionem

2018 2147 2179 2214 fecit,
2229 2147 2477 2203 navibus
2523 2150 2680 2217 1700,
2730 2146 3035 2218 occupavit
3062 2144 3465 2200 Constantiam
3492 2148 3552 2197 et
3579 2148 3673 2198 to-

2021 2240 2141 2291 tam
2173 2237 2452 2292 insulam.

2090 2329 2261 2380 Auno
2293 2326 2325 2378 8
2352 2325 2572 2381 Mabias
2601 2324 2861 2379 Aradum
2892 2328 3025 2396 post
3053 2340 3249 2378 acrem
3281 2321 3673 2393 oppugnatio-

2022 2431 2160 2469 nem
2190 2418 2361 2486 pacto
2392 2414 2569 2486 cepit,
2599 2414 2902 2484 murisque
2926 2412 3174 2484 dejectis
3193 2409 3480 2476 incendit,
3504 2408 3671 2464 fecit-

2021 2520 2136 2575 que
2167 2508 2233 2559 ut
2262 2503 2459 2559 insula
2502 2503 2564 2558 in
2613 2503 2771 2557 hunc
2819 2518 3005 2573 usque
3051 2501 3209 2555 diem
3240 2498 3672 2553 habitatoribus

2023 2597 2238 2648 careat.
2273 2595 2352 2647 Eo
2386 2593 2514 2665 ipso
2572 2608 2728 2646 anno
2786 2593 2986 2646 Romae
3045 2588 3326 2644 Martinus
3352 2586 3673 2643 concilium

2022 2682 2141 2754 egit
2169 2687 2376 2737 contra
2407 2680 2857 2736 Monotheletas.

2093 2775 2266 2826 Anno
2299 2774 2358 2825 11
2396 2769 2583 2842 pulvis
2614 2769 2685 2824 de
2716 2769 2862 2824 crelo
2894 2773 2985 2823 est
3013 2767 3265 2823 delatus.

2094 2862 2265 2914 Anno
2300 2862 2365 2912 12
2409 2858 2629 2913 Mabias
2677 2856 2879 2912 Rhodo
2929 2857 3125 2927 potius
3175 2854 3469 2909 colossum
3508 2869 3670 2907 ever-

2024 2949 2115 3018 tit,
2161 2964 2319 3004 anno
2350 2952 2665 3019 postquam
2697 2947 2761 3001 .is
2810 2946 3036 3017 positus
3069 2946 3265 2998 fuerat
3296 2945 3451 2997 1365.
3486 2943 3672 3006 Quem

2023 3055 2157 3093 cum
2189 3037 2433 3108 quidam
2462 3042 2756 3091 mercator
2785 3035 3044 3098 emisset,
3069 3050 3185 3088 aere
3216 3032 3318 3087 illo
3349 3031 3453 3086 900
3480 3048 3676 3086 came-

2024 3127 2111 3183 los
2140 3126 2424 3182 oneravit.
2458 3126 2689 3181 Etenim
2722 3123 2930 3181 Βὶιοάιί
2961 3123 3142 3178 maris
3172 3121 3489 3193 imperium
3521 3120 3676 3175 obti-

2028 3222 2239 3273 nentes
2269 3232 2484 3271 aeream
2516 3215 2905 3270 Solistatuam
2928 3218 3274 3285 posuerunt,
3295 3210 3475 3266 altam
3507 3209 3675 3265 cubi-

2029 3314 2120 3365 tos
2150 3310 2239 3375 80,
2272 3306 2430 3378 quod
2460 3304 2766 3377 inscriptio
2799 3304 2928 3376 ejus
2958 3294 3167 3358 docet:

2104 3400 2209 3465 Qui
2236 3403 2346 3452 stat
2376 3395 2558 3452 Rhodi
2593 3394 2848 3458 colossus,
2879 3394 3042 3448 octies
3072 3393 3252 3447 decem

2104 3491 2250 3546 Fecit
2278 3488 2480 3544 Laches
2510 3487 2653 3541 hunc
2683 3486 2855 3541 altum
2886 3485 3096 3541 cubitos
3126 3482 3374 3538 Lindius.

2031 3582 2077 3634 A
2104 3577 2511 3652 magnitudine
2538 3576 2591 3631 ei
2615 3574 2836 3630 Colossi
2861 3590 3078 3629 nomen
3104 3572 3450 3626 indiderunt
3473 3586 3487 3637 ;
3522 3573 3580 3622 et
3604 3567 3675 3622 ab

2032 3687 2103 3725 eo
2133 3669 2245 3741 ipsi
2277 3684 2512 3739 quoque
2540 3666 2920 3720 Colossenses
2951 3667 3091 3718 sunt
3119 3660 3509 3716 denominati.

2105 3760 2276 3814 Anno
2307 3760 2369 3812 13
2401 3756 2618 3812 Mabias
2657 3753 2813 3826 apud
2859 3752 3141 3823 Tripolim
3182 3766 3423 3821 magnas
3454 3749 3678 3801 instru-

2031 3848 2117 3904 xit
2173 3864 2373 3915 noves,
2431 3845 2658 3917 Cpolim
2718 3843 3027 3915 petiturus.
3078 3840 3142 3894 Id
3198 3843 3508 3894 cernentes
3562 3836 3679 3891 duo

2030 3935 2350 3994 Christiani
2376 3935 2608 4000 fratres,
2642 3930 3041 3986 buccinatoris
3090 3927 3219 3993 ﬁlii,
3262 3926 3460 3981 divino
3492 3924 3678 3980 animi

2032 4026 2259 4082 fervore
2291 4024 2568 4097 exagitati
2615 4023 2689 4078 ad
2739 4036 3038 4077 carcerem
3086 4021 3472 4075 accurrerunt
3502 4016 3678 4070 effra-

2033 4117 2259 4187 ctisque
2287 4114 2597 4181 foribus,et
2628 4111 2727 4181 qui
2756 4110 2967 4181 captivi
2998 4114 3165 4163 erant
3196 4107 3483 4174 liberatis,
3514 4121 3681 4160 ame-

2032 4223 2160 4262 ram
2191 4202 2621 4276 Tripolitanum
2654 4206 2711 4255 et
2740 4217 2841 4255 eos
2881 4199 2980 4269 qui
3030 4198 3139 4269 ipsi
3171 4196 3418 4251 aderant
3448 4195 3682 4248 occide—

2033 4300 2211 4359 runt;
2263 4293 2656 4361 universoque
2713 4292 2999 4360 apparatu
3056 4290 3316 4341 cremato
3364 4284 3427 4337 in
3468 4284 3684 4337 Roma-

2034 4385 2197 4439 niam
2244 4380 2472 4454 navigio
2524 4379 2851 4435 abiverunt.
2901 4376 3051 4433 756
3098 4376 3279 4428 Porro
3315 4371 3533 4426 Mabias
3562 4370 3683 4424 Cae-

2034 4489 2263 4529 saream
2319 4468 2701 4541 Cappadociaa
2762 4465 2919 4521 bello
2979 4469 3186 4537 petens
3226 4459 3681 4532 elassipraaﬂcit

2036 4563 2443 4618 Abulavarem.
2475 4561 2528 4615 Is
2557 4558 2631 4615 ad
2669 4557 3005 4613 Phrenicem
3036 4554 3222 4625 Lycia)
3254 4569 3390 4607 cum
3422 4550 3681 4622 appulis-

2034 4658 2144 4721 set,
2169 4652 2266 4707 ubi
2296 4652 2620 4721 imperator
2648 4665 2783 4703 eum
2816 4650 3081 4703 Romana
3111 4644 3299 4699 classe
3322 4647 3468 4711 erat,
3488 4638 3681 4695 navali

2032 4758 2227 4815 pugna
2255 4758 2390 4797 cum
2418 4757 2485 4795 eo
2515 4737 2909 4811 congreditur.
2936 4736 3075 4801 Quae
3103 4749 3233 4789 eam
3256 4747 3514 4805 pugnam
3544 4746 3682 4801 pro-

2032 4832 2189 4888 xime
2210 4830 2532 4887 antecessit
2553 4844 2815 4901 vespera,
2844 4842 2914 4881 ea
2938 4825 3260 4896 imperator
3279 4838 3386 4895 per
3406 4836 3681 4875 somnum

2033 4919 2391 4993 imaginatus
2441 4920 2638 4974 fuerat
2686 4933 2747 4972 se
2800 4931 2929 4970 esse
2977 4910 3454 4976 Thessalonicae;
3505 4908 3683 4977 idque

2032 5010 2397 5067 insomnium
2451 5006 2774 5079 conjectori
2847 5007 3254 5076 proposuerat.
3317 5003 3506 5069 Atque
3562 4996 3680 5067 hic,

2034 5099 2291 5167 Utinam,
2324 5100 2425 5169 ait,
2458 5115 2491 5153 ο
2522 5097 2865 5168 imperator,
2890 5094 2998 5148 hac
3020 5095 3193 5147 nocte
3222 5104 3416 5158 neque
3448 5085 3679 5140 dormi-

2030 5188 2236 5252 visses,
2260 5202 2453 5256 neque
2479 5182 2843 5239 insomnium
2866 5179 2968 5233 tibi
3002 5176 3160 5233 esset
3187 5175 3451 5230 oblatum
3478 5171 3489 5226 !
3515 5171 3680 5237 Quod

2033 5277 2193 5331 enim
2226 5275 2331 5330 tibi
2386 5275 2545 5328 visus
2603 5290 2666 5326 es
2719 5268 2873 5340 apud
2925 5262 3404 5322 Thessalonicam
3437 5277 3585 5326 esse,
3619 5260 3678 5315 id

1479 5368 1846 5429 XYLANDRI
1884 5375 1971 5431 ET
2008 5377 2225 5434 GOARI
2262 5373 2487 5429 ΝΟΤᾸΞ.

284 5461 497 5519 eximio
519 5462 947 5532 ornamento‘et
965 5459 1257 5532 bonarum
1275 5459 1608 5519 litterarum
1631 5467 1930 5529 columine
2040 5472 2236 5530 haresi
2270 5469 2434 5532 dieit,
2458 5484 2593 5523 cum
2621 5464 2851 5520 Asianis
2870 5464 3279 5532 numerantur.
3304 5459 3442 5532 ch.
3470 5459 3682 5532 —_Non

284 5531 637 5599 Camerario,
667 5545 847 5601 quem
868 5529 1113 5586 honoris
1142 5548 1321 5588 causa
1348 5534 1612 5592 nomino.
1647 5537 1782 5594 XYL.

351 5606 462 5676 (76)
492 5604 769 5676 Errorem
816 5602 1088 5676 sequitur
1115 5619 1150 5658 a
1178 5607 1701 5676 geographicarum
1726 5627 1927 5671 rerum

287 5683 343 5763 Et
360 5672 683 5763 nominum
704 5672 1073 5763 ignoratione
1094 5672 1501 5763 propagatum,
1525 5678 1595 5734 de
1618 5697 1734 5763 quo
1755 5684 1922 5742 alias.

285 5749 352 5806 Et
378 5742 759 5804 Colassenses
786 5742 964 5817 paulo
1011 5742 1170 5819 poet,
1198 5742 1310 5805 ubi
1340 5747 1416 5806 de
1440 5742 1924 5821 Paulicianorum

2036 5543 2250 5602 Rhodii
2283 5530 2590 5606 modo,sed
2620 5542 2678 5592 et
2705 5535 3004 5591 Choniatm
3032 5531 3299 5606 Phrygii,
3326 5531 3426 5601 qui
3457 5535 3514 5583 et
3540 5530 3680 5606 Pas-

2037 5599 2318 5677 salenses,
2368 5599 2508 5669 sunt
2554 5608 2974 5671 Colossenses;
3025 5599 3546 5675 quod‘adnotasse
3576 5599 3678 5655 de-

2034 5689 2248 5746 buerat
2275 5684 2596 5760 Xylander,
2628 5697 2704 5737 ne
2737 5678 3111 5751 impingeret.
3145 5678 3319 5732 Gom.
