4108 6300
419 400 534 456 827

1733 390 2046 453 GEORGII
2092 390 2457 456 CEDRENI

3713 393 3835 455 828

423 529 720 602 signiﬁcat
749 530 879 584 Thes
909 530 1021 585 allo
1051 532 1270 584 nicum:
1324 525 1505 583 Alteri
1563 527 1707 583 cede
1736 525 2068 582 victoriam.

2189 526 2286 590 Θὶς
2313 524 2474 602 ἄλλῳ
2501 531 2601 600 τήν
2657 533 2834 604 νίκην,
2897 531 3156 608 κρίνεται.
3216 533 3357 607 Πρὸς
3383 533 3476 588 τὸν
3504 529 3704 606 ἐχθρὸν
3738 550 3834 584 σου

422 622 676 676 Proinde
705 621 778 676 ad
810 623 1011 677 hostes
1044 621 1285 676 victoria
1313 620 1576 676 inclinat.
1601 621 1792 690 Atque
1824 619 1908 674 ita
1935 618 2066 688 qui-

425 712 558 766 dem
591 711 802 766 evenit.
841 711 918 766 Eo
953 711 1112 765 enim
1161 710 1365 781 przelio
1423 709 1555 764 victi
1613 713 1753 763 sunt
1794 707 2066 776 Romani,

419 816 742 871 eorumque
775 801 1014 871 sanguis
1040 799 1188 853 mari
1219 799 1554 869 permistus.
1585 797 1914 868 Imperator
1943 802 2068 851 tum

417 890 602 945 alium
634 888 952 960 quemdam
985 889 1109 942 suis
1138 887 1402 942 vestibus
1426 886 1638 941 induit.
1665 885 1940 942 Insiliens
1967 901 2072 940 au-

417 985 534 1034 tem
569 979 628 1033 in
663 979 858 1033 navim
889 979 940 1032 is
971 979 1144 1048 cujus
1166 975 1337 1046 paulo
1361 981 1495 1032 ante
1527 976 1894 1030 mentionem
1925 973 2071 1030 feci—

418 1084 551 1122 mus
582 1066 982 1122 buccinatoris
1003 1065 1182 1131 ﬁlius,
1209 1065 1520 1136 abreptum
1552 1064 1970 1136 imperatorem
2005 1063 2068 1118 in

422 1156 586 1213 aliud
642 1155 938 1227 navigium
1008 1154 1307 1220 transfert,
1371 1158 1701 1224 praeterque
1757 1153 2068 1208 hominum

419 1246 762 1318 opinionem
790 1247 1000 1298 servat.
1024 1245 1152 1314 Ipse
1175 1243 1571 1314 imperatoriae
1602 1243 1731 1298 navi
1763 1243 2066 1309 insistens,

416 1334 740 1392 fortissime
771 1333 1111 1406 pugnando,
1145 1331 1350 1386 multis
1379 1331 1648 1403 dejectis,
1683 1331 1920 1388 tandem
1944 1333 2068 1404 ipse

419 1440 655 1496 quoque
686 1423 860 1478 cadit.
895 1423 1222 1494 Imperator
1267 1422 1363 1476 vix
1401 1438 1553 1494 aegre
1585 1421 1792 1478 salutis
1823 1437 2067 1493 compos

419 1529 553 1569 cum
586 1512 873 1568 dedecore
903 1510 1110 1583 Cpolin
1141 1510 1316 1566 redit.

489 1603 657 1657 Circa
685 1602 794 1656 hoc
825 1605 1060 1672 tempus
1091 1599 1316 1655 exstitit
1345 1599 1768 1654 Constantinus
1799 1601 2066 1672 quidam,

421 1691 524 1764 qui
555 1697 614 1746 et
643 1690 859 1746 Silvani
917 1705 1134 1744 nomen
1192 1687 1535 1760 usurpabat,
1587 1688 2067 1746 Paulicianorum

422 1785 596 1838 seetse
628 1780 921 1852 princeps.
982 1777 1125 1849 Ejus
1181 1779 1476 1833 haereseos
1504 1778 1631 1833 haac
1661 1783 1749 1834 est
1778 1779 2063 1837 historia:

421 1869 726 1926 Manichmi
747 1866 1225 1923 Paulicianorum
1247 1883 1468 1922 nomen
1493 1866 1604 1921 sibi
1629 1873 2012 1939 sumpserunt
2033 1886 2068 1924 a

421 1959 602 2014 Paulo
631 1956 888 2030 quodam
919 1956 1324 2022 Samosateno,
1372 1955 1712 2012 Manichzem
1755 1957 2066 2028 cujusdam

417 2051 687 2108 mulieris
719 2049 1029 2105 Callinices
1060 2047 1301 2104 nomine
1350 2047 1491 2104 ﬁlio.
1543 2050 1624 2104 Ea
1651 2065 1784 2104 cum
1816 2050 2063 2106 haberet

417 2140 567 2196 duos
599 2140 774 2206 filios,
835 2139 1086 2194 Paulum
1143 2137 1372 2192 scilicet
1423 2143 1482 2192 et
1525 2138 1708 2194 alium
1752 2140 2067 2210 Joannem,

424 2230 568 2286 757
603 2205 924 2283 Manichaaa
953 2243 1053 2296 eos
1083 2225 1296 2280 haaresi
1325 2225 1606 2292 instituit,
1631 2205 2081 2297 Samosatisque.

421 2317 481 2370 in
516 2315 854 2370 Armeniam
884 2314 1102 2382 emisit,
1125 2314 1208 2367 uti
1234 2313 1312 2368 ibi
1337 2330 1466 2368 eam
1499 2315 1774 2369 haaresim
1805 2315 2068 2386 promul-

419 2408 646 2477 garent.
670 2403 734 2458 ld
755 2401 914 2472 quod
945 2401 983 2455 ii
1015 2402 1284 2458 fecerunt
1304 2402 1365 2455 in
1390 2401 1514 2457 vico
1537 2402 1792 2472 quodam
1817 2402 2072 2458 Pbanar—

419 2510 575 2548 ram.
610 2489 833 2545 Exinde
863 2490 990 2544 vico
1021 2489 1408 2560 Episparidis,
1441 2490 1832 2545 sectatoribus
1865 2491 2069 2546 Pauli-

423 2581 728 2636 Cianorum
760 2593 980 2634 nomen
1009 2579 1224 2634 factum
1259 2579 1385 2633 fuit.
1432 2578 1498 2632 lli
1546 2578 1720 2651 longo
1750 2585 1883 2650 post
1912 2580 2070 2635 hunc

422 2669 670 2726 Paulum
729 2673 996 2738 tempore
1057 2667 1402 2739 magistrum
1471 2666 1809 2722 habuerunt
1863 2668 2069 2736 alium,

418 2757 874 2815 Constantinum
905 2755 1075 2811 illum
1099 2756 1198 2826 qui
1229 2762 1686 2828 cognomentum
1707 2757 1926 2813 Silvani
1948 2775 2073 2830 ges-

421 2850 515 2905 sit.
559 2849 724 2904 llunc
780 2847 1112 2920 principem
1175 2863 1415 2903 suarum
1448 2847 1851 2903 doctrinarum
1883 2864 2066 2920 agno-

422 2943 615 3004 scunt,
647 2953 768 2992 non
800 2935 1076 2991 Paulum.
1117 2935 1220 2991 Hic
1267 2937 1430 2991 enim
1479 2937 1552 2992 iis
1583 2936 1892 3008 opiniones
1925 2953 2072 3008 quas

420 3033 744 3096 sectantur,
767 3025 990 3097 absque
1020 3025 1238 3097 scripto
1269 3042 1374 3097 per
1402 3024 1753 3082 traditiones
1783 3026 2070 3094 exhibuit,

421 3115 798 3188 Evangelium
817 3114 1058 3186 quidem
1077 3130 1146 3169 ex
1165 3115 1856 3187 traditione.Apostolum
1873 3121 2071 3170 autem

421 3206 659 3277 scripto.
693 3203 957 3258 Tradidit
1003 3209 1201 3258 autem
1257 3204 1338 3259 ita
1387 3209 1450 3258 ut
1487 3203 1636 3258 nihil
1685 3221 1720 3259 a
1766 3203 2074 3275 Scriptura

423 3294 732 3350 differrent
760 3291 916 3362 apud
947 3309 1057 3345 nos
1088 3297 1344 3362 recepta,
1379 3291 1482 3347 sed
1515 3291 1747 3362 singula
1775 3292 1968 3365 capita
1997 3289 2072 3346 ad

424 3399 592 3438 suam
625 3381 873 3436 detorsit
901 3381 1178 3435 hmresin.
1231 3383 1372 3436 Nam
1414 3387 1473 3436 et
1521 3382 1672 3437 hanc
1711 3381 1854 3453 ipsis
1885 3381 2076 3455 legem

431 3471 649 3544 posuit,
683 3487 757 3524 ne
788 3470 1400 3542 prmterEvangelium
1430 3475 1489 3524 et
1510 3471 1856 3541 Apostolum
1885 3471 2077 3525 ullum

423 3561 608 3615 alium
625 3559 840 3614 librum
860 3558 1482 3631 legerent.Secundum
1501 3560 2078 3630 postConstantinum

430 3649 602 3704 illum
631 3647 934 3704 Silvanum
959 3647 1143 3702 alium
1168 3647 1504 3704 habuerunt
1527 3654 1970 3720 praaceptorem,
1994 3650 2078 3704 Si-

433 3753 706 3793 meonem
739 3737 1000 3804 nomine,
1035 3737 1140 3792 sed
1187 3737 1288 3808 qui
1321 3754 1383 3792 se
1413 3736 1784 3792 Timotheum
1816 3744 2073 3796 vocaret.

426 3830 710 3894 Quartum
739 3827 1080 3899 Josephnm,
1113 3828 1212 3898 qui
1255 3827 1366 3882 sibi
1399 3826 1780 3898 Epaphroditi
1813 3827 2072 3899 appella-

427 3917 652 3972 tionem
684 3917 982 3988 imposuit.
1011 3915 1096 3971 Ab
1128 3917 1240 3972 hoc
1268 3917 1630 3984 Zachariam,
1663 3933 1841 3988 quem
1877 3922 2072 3973 tamen

423 4007 602 4061 veluti
629 4007 1058 4062 mercenarium
1081 4013 1274 4061 etnon
1295 4023 1496 4061 verum
1519 4010 1817 4078 pastorem
1840 4007 2073 4078 quidam

427 4097 690 4169 ipsorum
719 4097 1052 4168 repudiant.
1087 4097 1326 4152 Sextum
1373 4099 1648 4166 Baanem,
1679 4102 2069 4170 cognomento

427 4187 760 4242 Sordidum.
797 4187 1124 4257 Septimum
1155 4184 1442 4257 Sergium,
1471 4185 1573 4256 qui
1597 4186 1913 4257 Tychicum
1941 4203 2070 4244 sese

427 4276 848 4332 denominavit.
883 4279 962 4330 Ac
994 4277 1284 4329 Manetem
1307 4274 1570 4344 quidem,
1594 4275 1865 4338 Paulum.
1898 4277 2070 4332 Joan-

425 4382 583 4429 nem,
604 4370 663 4418 et
682 4365 828 4420 alios
858 4363 1197 4435 quicunque
1219 4363 1364 4434 ipsis
1385 4364 2073 4434 proponantur,libenter

425 4454 466 4508 ii
487 4454 810 4508 damnant:
844 4452 1290 4506 Constantinum
1321 4455 1538 4520 autem,
1569 4452 1719 4510 158
1751 4452 2068 4523 Silvanum,

429 4543 766 4597 Simeonem
797 4541 898 4612 qui
929 4541 1060 4608 Titi,
1093 4540 1410 4596 Genesium
1443 4541 1542 4611 qui
1576 4541 1886 4609 Timothei,
1912 4544 2068 4598 Iose-

2101 3241 2156 3320 Εἰ

2175 617 2209 685 ἡ
2263 616 2384 687 νίκη
2442 619 2718 694 τρέπεται.
2779 622 2882 679 Καὶ
2937 619 3004 693 δὴ
3061 627 3223 678 τοῦτο
3279 623 3370 678 καὶ
3413 615 3615 690 ἂπέ6η’
3677 641 3825 693 συμ-

2175 700 2431 774 ϐαλόντες
2493 711 2596 785 γὰρ
2683 710 2931 786 πόλεμον
3035 715 3306 782 ἡττῶνται
3373 712 3666 784 Ῥωμαῖοι,
3735 709 3822 762 καὶ

2177 803 2526 871 συγκιρνᾶται
2583 801 2619 870 ἠ
2679 797 2919 856 θάλασσα
2971 805 3052 873 τῷ
3111 798 3300 874 αἵματι
3357 803 3463 855 τῶν
3508 797 3824 871 Ῥωμαίων,

2175 882 2468 941 Ἐνδύειδὲ
2522 887 2550 942 6
2610 887 2864 964 βασιλεὺς
2924 885 3066 943 ἄλλο
3124 889 3222 957 τήν
3281 885 3481 956 ἐσθῆτα
3509 887 3699 957 αὐτοῦ,
3731 885 3820 938 καὶ

2176 972 2510 1046 εἰσπηδήσας
2543 977 2572 1030 6
2605 975 2936 1052 προλεχθεῖς
2994 978 3110 1039 υἱὸς
3167 981 3265 1032 τοῦ
3323 973 3677 1050 βυκινάτορος
3715 976 3824 1046 (77)

2173 1065 2264 1119 τὸν
2301 1062 2526 1138 βασιλέα
2557 1063 2859 1142 ἀφαρπάζει
2915 1067 3004 1122 καὶ
3061 1068 3137 1128 εἰς
3193 1063 3376 1143 ἕτερον
3425 1065 3632 1140 σκάφος
3665 1083 3828 1136 μετα-

2175 1148 2375 1210 ϐάλλει
2404 1155 2492 1209 καὶ
2552 1153 2870 1230 παραδόξως
2929 1153 3202 1226 διασώζει.
3263 1154 3438 1217 Αὐτὸς
3495 1151 3552 1208 δὲ
3607 1152 3831 1214 ἐπιστὰς

2173 1247 2242 1317 τῇ
2313 1243 2576 1319 βασιλικῇ
2649 1246 2740 1316 νηΐ
2803 1244 3050 1309 πολλοὺς
3108 1243 3312 1301 ἀνεῖλεν
3357 1246 3384 1299 6
3420 1244 3829 1320 γενναιότατος,

2174 1331 2397 1410 ὕστερον
2457 1332 2514 1390 δὲ
2564 1335 2860 1412 ἀναιρεῖται
2915 1335 3005 1392 καὶ
3089 1334 3272 1398 αὐτός.
3335 1337 3396 1392 Ὀ
3454 1331 3510 1389 δὲ
3570 1331 3825 1408 βασιλεὺς

2177 1421 2340 1497 μόλις
2393 1420 2679 1488 διασωθεὶς
2730 1424 3028 1501 ὑπέστρεψε
3087 1427 3206 1499 μετ’
3260 1423 3528 1498 αἰσχύνης
3575 1420 3627 1477 ἐν
3671 1424 3827 1479 Κωνο

2175 1509 2640 1574 σταντινουπόλει.

2245 1601 2362 1680 Ἐφ’
2391 1602 2466 1656 ὧν
2498 1603 2715 1682 χρόνων
2770 1602 2860 1658 καὶ
2892 1605 2920 1658 6
2949 1603 3197 1678 ἀρχηγὸς
3255 1606 3366 1658 τῶν
3435 1598 3824 1658 Παυλικιάνων

2173 1689 2406 1768 ἀνεφάνη
2476 1693 2900 1758 Κωνσταντῖνος,
2994 1691 3023 1746 6
3114 1691 3204 1746 καὶ
3292 1688 3594 1746 Σιλουανὸν
3659 1687 3824 1743 αὐτὸν

2173 1777 2463 1854 ὀνομάσας.
2526 1781 2680 1837 Ἐστι
2734 1779 2791 1836 δὲ
2848 1783 2883 1849 ἡ
2943 1779 3147 1855 α’ίρεσις
3202 1778 3379 1835 αὐτῶν
3435 1780 3632 1842 οὕτως’
3681 1783 3822 1833 Παυ-

2097 1868 2428 1964 Βιλικιάνοι,
2487 1871 2538 1924 οἱ
2587 1870 2702 1964 ’καὶ
2778 1871 3104 1946 Μανιχαῖοι,
3182 1869 3683 1964 Μετωνομάσθησαν
3764 1863 3824 1964 δὲ

2174 1959 2291 2014 ἀντὶ
2355 1958 2676 2035 Μανιχαίων
2746 1959 3104 2015 Παυλικιάνοι
3183 1958 3290 2014 ἀπὸ
3383 1956 3608 2012 Παύλου
3674 1957 3824 2018 τινὸς

2174 2047 2558 2120 Σαμοσατὲως,
2621 2048 2742 2103 υἱοῦ
2800 2049 3056 2124 γυναικὸς
3126 2047 3430 2123 Μανιχαίας
3487 2045 3830 2117 Καλλινίκης

2170 2135 2435 2210 τοῦθομα,
2491 2135 2614 2207 ἥτις
2672 2134 2768 2192 δύο
2827 2137 2976 2200 υἱοὺς
3036 2131 3184 2214 ἔσχε,
3235 2141 3426 2192 τοῦτον
3483 2137 3578 2192 τὸν
3609 2134 3825 2191 Παῦλον

2173 2225 2262 2282 καὶ
2297 2225 2575 2296 Ἰωάννην.
2635 2226 2878 2289 Τούτους
2938 2227 3030 2281 οὗν
3082 2227 3182 2296 τήν
3242 2232 3591 2301 Μανιχαϊκῆν
3620 2225 3826 2298 αἳρεσιν

2175 2312 2430 2384 διδάξασα
2513 2313 2572 2370 ἐκ
2666 2319 2761 2370 τοῦ
2866 2317 3192 2389 Σαμοσάτου
3273 2314 3349 2377 εἷς
3433 2314 3826 2390 Ἀρμενιακοίις

2174 2405 2415 2478 κήρυκας
2469 2407 2568 2469 τῆς
2646 2404 2906 2479 αἱρὲσεως
2977 2402 3171 2466 αὐτοὺς
3236 2401 3575 2458 ἀπέστειλεν·
3637 2403 3831 2464 οἵτινες

2175 2491 2422 2556 ἐλθόντες
2483 2492 2562 2557 εἷς
2614 2493 2810 2566 κώμην
2885 2493 3008 2548 τινὰ
3091 2500 3194 2562 τῆς
3252 2490 3598 2567 Φαναρῥοίας
3655 2490 3828 2548 ἐκεῖσε

2173 2583 2274 2651 τήν
2329 2583 2533 2638 ἑαυτῶν
2591 2583 2796 2658 αἳρεσιν
2858 2580 3187 2656 ἐνὲσπειραν.
3244 2581 3470 2636 Ἐκτοτε
3528 2581 3620 2636 οὖν
3656 2584 3690 2650 ἡ
3727 2582 3819 2655 μὲν

2173 2673 2336 2745 κώμη
2429 2671 2827 2745 μετωνομάσθη
2906 2671 3254 2746 Ἒπίσπαρις,
3317 2671 3371 2726 οἱ
3457 2667 3515 2726 δὶ
3585 2672 3817 2744 μαθηταὲ

2175 2764 2355 2818 αὐτῶν
2391 2759 2748 2817 Παυλικιάνοι
2810 2760 3135 2832 ἐκλήθησαν.
3194 2761 3357 2819 Οὗτοι
3420 2761 3558 2834 μετᾶ
3587 2762 3818 2836 χρόνους

2176 2850 2461 2928 προλλοὺς
2511 2859 2610 2922 τῆς
2675 2849 2942 2928 διαδοχῆς
3001 2849 3159 2908 τοῦδε
3215 2857 3314 2906 τοῦ
3372 2853 3594 2908 Παύλου
3640 2849 3811 2924 ἕτερον

2178 2939 2342 3017 ἔσχον
2396 2937 2722 2995 διδάσκαλον
2813 2943 3214 2997 Κωνσταντῖνον
3295 2938 3632 3014 καλούμενον,
3708 2939 3796 2992 τὸν

2178 3027 2520 3106 πορῥηθὲντα
2605 3023 2892 3085 Σιλϐανόν.
2983 3031 3192 3086 Τοῦτον
3272 3025 3496 3103 ἔχουσιν
3577 3027 3796 3102 ἀρχηγὸν

2177 3122 2284 3174 τῶν
2314 3114 2680 3173 διδασκαλιῶν
2714 3116 2910 3189 αὐτῶν,
2941 3117 3033 3173 καὶ
3082 3117 3210 3194 οὐχὶ
3259 3117 3350 3172 τὸν
3389 3115 3621 3174 Παῦλον.
3652 3115 3817 3179 Οὗτος

2183 3209 2287 3285 γὰρ
2345 3207 2532 3269 αὐτοῖς
2589 3204 2872 3282 παρέδωκε
2925 3205 3020 3270 τὰς
3074 3207 3304 3282 αἱρέσεις
3360 3204 3523 3261 αύτοῦ
3575 3205 3824 3283 ἀγράφως

2183 3295 2318 3352 κατᾶ
2346 3293 2668 3371 παράδοσιν,
2726 3295 2788 3351 τὸ
2847 3293 3180 3372 Εὖαγγὲλιον
3241 3295 3338 3370 μὶν
3393 3295 3530 3350 κατὰ
3588 3291 3834 3369 παράδο-

2181 3407 2289 3453 σιν,
2327 3385 2418 3441 τὸν
2466 3381 2522 3441 δὶ
2570 3383 2910 3440 ’Δπόστολον
2957 3383 3258 3460 ἐγγράφως,
3308 3380 3704 3458 ἀπαράλλακτα
3737 3384 3832 3456 μὲν

2180 3481 2249 3552 τῇ
2283 3479 2470 3556 Γραφῇ
2509 3475 2601 3531 καὶ
2632 3481 2749 3538 τοῖς
2783 3473 2975 3551 λόγοις
3007 3475 3084 3537 ὡς
3131 3475 3222 3531 καὶ
3269 3479 3335 3530 τὰ
3380 3475 3506 3549 παρ⁹
3535 3476 3671 3547 ἡμῖν
3706 3472 3834 3528 ὄντα

2180 3564 2501 3642 παραδοὺςβ
2538 3563 2861 3640 διαστρέψας
2927 3562 2984 3620 δι
3037 3561 3262 3620 ἕκαστον
3321 3565 3616 3642 κεφάλαιον
3695 3564 3834 3638 πρὸς

2176 3656 2272 3718 τὰς
2349 3656 2542 3712 ἑαυτοῦ
2634 3656 2886 3729 αἱρέσεις,
2980 3655 3352 3728 νομοθετήσας
3453 3652 3636 3714 αὐτοῖς
3735 3652 3834 3706 καὶ

2176 3748 2358 3814 τοῦτο,
2419 3745 2496 3818 μή
2556 3741 2666 3798 δεῖν
2716 3743 2902 3817 ἑτέραν
2963 3738 3154 3818 βίϐλον
3199 3743 3411 3797 οἱανοῦν
3441 3743 3830 3817 ἀναγινώσκειν

2179 3832 2224 3888 εί
2281 3833 2358 3905 μή
2417 3833 2480 3886 τὸ
2541 3830 2866 3907 Εὐαγγέλιον
2924 3831 3016 3886 ναὶ
3085 3831 3176 3886 τὸν
3261 3829 3620 3886 ’Λπόστολον.
3681 3831 3832 3886 Μετὰ

2178 3926 2266 3998 [Ρ.
2298 3925 2426 3996 433]
2458 3920 2516 3977 δὲ
2550 3924 2940 3979 Κωνσταντῖνον
2965 3920 3056 3976 καὶ
3087 3915 3354 3976 Σιλϐανὸν
3385 3918 3631 3998 δεύτερον
3661 3916 3834 3996 ἔσχον

2177 4009 2506 4068 διδάσκαλον
2537 4013 2796 4084 Συμεῶνα
2825 4013 2942 4084 (78)
2989 4009 3354 4084 καλούμενον,
3387 4009 3830 4085 μετονομάσαντα

2177 4099 2234 4156 δὲ
2291 4100 2476 4156 ἑαυτὸν
2535 4098 2822 4174 Τιμόθεον.
2881 4097 3148 4172 Τέταρτον
3209 4096 3268 4154 δὲ
3325 4099 3526 4178 Ἰωσὴφ
3595 4119 3828 4172 μετονο-

2179 4189 2420 4264 μάσαντᾰ
2449 4190 2634 4245 ἑαυτὸν
2669 4185 3082 4266 Ἐπαφρόδιτον,
3114 4189 3203 4244 καὶ
3256 4187 3394 4263 μετᾶ
3419 4191 3607 4244 τοῦτον
3639 4193 3822 4262 Ζαχα-

2177 4278 2316 4352 ρίαν.
2338 4276 2512 4335 Ἀλλὰ
2531 4281 2724 4332 τοῦτον
2747 4276 2820 4339 ὡς
2844 4277 3118 4350 μισθωτὸν
3137 4277 3227 4333 καὶ
3259 4276 3360 4332 οὐκ
3381 4274 3567 4347 ἀληθῆ
3585 4275 3828 4350 ποιμένα

2174 4363 2584 4424 ἀποϐάλλονται
2629 4360 2756 4420 ἔνιοι
2816 4365 2866 4439 ἐξ
2925 4364 3118 4421 αὐτῶν.
3152 4366 3344 4422 Ἕκτον
3370 4367 3465 4421 τὸν
3499 4365 3706 4436 Βαάνην
3733 4364 3828 4420 τὸν

2175 4457 2434 4532 ῥυπαρὸν,
2493 4456 2582 4511 καὶ
2636 4451 2876 4528 ἕϐδομον
2931 4456 3022 4512 τὸν
3084 4454 3302 4532 Σὲργιον
3338 4456 3430 4510 τὸν
3457 4455 3546 4510 καὶ
3579 4455 3824 4531 Τυχικὸν

2135 4546 2363 4613 ,ἑαυτὸν
2421 4543 2882 4619 μετονομάταντα.
2942 4542 3190 4602 Μάνεντα
3245 4543 3423 4600 τοίνυν
3484 4543 3574 4598 καὶ
3610 4545 3826 4599 Παῦλον

425 4631 610 4702 phum
642 4631 740 4700 qui
774 4628 1178 4700 Epaphroditi,
1205 4630 1458 4684 Baanem
1491 4630 1825 4699 Sordidum,
1853 4637 1912 4686 et
1933 4632 2062 4686 Ser-

2178 4633 2261 4688 καὶ
2295 4631 2576 4702 Ἰωάννην,
2613 4632 2703 4686 καὶ
2758 4629 2968 4694 ἄλλους
3028 4631 3122 4694 οὕς
3177 4629 3266 4686 ἐάν
3328 4652 3414 4694 τις
3459 4631 3584 4703 εἳπῃ
3612 4631 3826 4698 αὐτοῖς,

425 4720 586 4792 gium
617 4717 717 4790 qui
749 4718 985 4790 Tychici
1017 4718 1186 4773 titulo
1215 4734 1278 4773 se
1318 4719 1658 4790 insignibat,
1692 4735 2072 4790 nequaquam

427 4810 732 4876 damnant,
767 4809 984 4880 quippe
1013 4825 1115 4863 eos
1162 4825 1268 4879 pro
1315 4808 1439 4862 suis
1469 4813 1853 4879 agnoscentes
1886 4809 2070 4880 magi-

425 4899 602 4954 stris:
650 4898 754 4954 sed
801 4914 903 4953 eos
959 4896 1088 4952 loco
1147 4895 1552 4968 apostolorum
1581 4895 1796 4951 Christi
1828 4895 2069 4954 habent.

424 4989 746 5045 Nominant
778 5004 880 5043 sex
905 4986 1196 5042 Ecclesias
1227 4986 1289 5040 in
1321 5001 1428 5040 sua
1457 4983 1848 5056 confessione,
1883 4987 2072 5041 Mace-

423 5079 685 5149 doniam,
709 5095 840 5151 quae
864 5082 954 5134 est
975 5082 1235 5133 castrum
1261 5075 1531 5143 coloniae,
1563 5075 1858 5144 Cibosam,
1890 5093 2068 5148 quam

2179 4719 2478 4797 προθύμως
2567 4718 3038 4792 ἀναθεματίζουσι·
3147 4721 3542 4776 Κωνσταντῖνον
3602 4715 3660 4772 δὶ
3732 4718 3826 4772 τὸν

2179 4809 2269 4864 καὶ
2340 4803 2608 4863 Σιλόανὸν
2673 4805 3056 4878 ἓπικληθέντα,
3115 4806 3204 4862 καὶ
3268 4810 3532 4874 Συμεῶνα
3576 4807 3670 4862 τὸν
3736 4805 3830 4860 καὶ

2180 4898 2367 4963 Τῖτον,
2425 4896 2514 4950 καὶ
2573 4894 2815 4950 Γενέσιον
2873 4894 2965 4950 τὸν
3025 4896 3115 4949 καὶ
3171 4895 3463 4967 Τιμόθεον,
3501 4893 3828 4971 καὶΊωσήφ

2176 4985 2269 5042 τὸν
2329 4984 2420 5040 καὶ
2487 4981 2902 5062 Ἐπαφρόδιτον,
2956 4981 3048 5039 καὶ
3122 4985 3334 5056 Βαάνην
3418 4983 3510 5038 τὸν
3590 4983 3830 5058 ῥυπαρον

2177 5074 2268 5130 καὶ
2326 5072 2553 5150 Σέργιον
2606 5071 2694 5128 καὶ
2761 5073 3006 5147 Τυγικὸν
3079 5072 3154 5134 ὡς
3230 5068 3593 5134 διδασκάΑὼς
3645 5072 3826 5127 αὕτῶν

1633 5189 1997 5247 XYLANDRI
2033 5193 2120 5247 ET
2158 5191 2374 5248 GOARI
2416 5189 2637 5244 NOTAE.

490 5311 600 5380 (77)
633 5309 854 5365 Βύκινον
913 5312 1017 5364 aut
1075 5305 1322 5380 βούκινον
1384 5305 1613 5380 buccin_a
1661 5310 1770 5380 est
1785 5322 2070 5380 corneum

424 5386 478 5435 et
499 5376 820 5436 recurvum
855 5376 1340 5439 instrumentum.
1364 5383 1535 5432 vento
1567 5377 1627 5432 in
1658 5377 1830 5433 bellis
1856 5376 2074 5433 inﬂan-

424 5452 604 5506 vium.
640 5453 843 5506 Dill‘ert
897 5469 932 5506 a
986 5451 1136 5516 tuba,
1192 5466 1336 5520 quas,
1382 5449 1578 5520 minor
1633 5454 1744 5516 est,
1777 5454 1835 5503 et
1894 5449 2070 5504 Leoni

423 5524 620 5576 Const.
673 5526 711 5593 77
771 5523 985 5578 dicitur
1045 5517 1238 5593 μικρὸν
1317 5517 1588 5593 βούκινον·
1651 5521 1879 5593 buccina
1932 5537 2070 5593 vero

417 5595 592 5664 juxta
620 5592 880 5648 Nicetam
914 5595 976 5647 in
1007 5589 1272 5664 Manuele
1318 5589 1622 5664 C_omneno
1653 5589 2071 5664 ἐπιμήκηςᾼαῦ-

451 5612 592 5648 uxw
621 5612 880 5648 mcetam
914 5612 976 5647 In
1009 5612 1272 5646 manuele
1320 5612 1622 5646 uomneno
1653 5612 1934 5660 επιμηκης
1964 5612 2068 5644 αυ-

426 5612 538 5719 λὼν
571 5669 681 5734 est,
712 5681 780 5718 ac
807 5664 942 5719 ideo
990 5661 1193 5733 μακρὸν
1224 5660 1374 5734 ⁸ὡσεὶ
1422 5661 1644 5734 βούκινα
1677 5661 1916 5734 scripsit
1941 5662 1980 5717 l.

425 5735 574 5794 Hinc
603 5733 884 5812 σάλπιγγα
940 5725 1061 5790 sive
1103 5725 1313 5786 ’τοῦὅαν
1374 5725 1432 5792 δ’
1467 5731 1699 5788 buccina
1735 5725 1954 5806 sépius
1980 5733 2072 5789 di-

2183 5306 2462 5377 stinetam
2510 5304 2691 5377 legas,
2727 5303 3016 5377 _quamvis
3049 5301 3176 5377 Leo
3219 5301 3434 5377 citatus
3464 5303 3639 5377 etiam
3670 5303 3827 5377 hanc

2182 5394 2318 5433 cum
2347 5375 2452 5446 illa
2483 5367 2832 5446 confundat,
2853 5373 3102 5446 cum_ait
3133 5373 3367 5446 signum
3397 5374 3526 5429 fieri
3556 5376 3624 5446 τῇ
3652 5367 3826 5443 τούϐᾳ

2181 5447 2248 5517 ἢν
2279 5451 2372 5522 νῦν
2398 5445 2631 5522 λέγουσι
2668 5444 2948 5522 βούκινον...
2981 5444 3154 5522 Goan.

2249 5521 2366 5590 ('78)
2398 5515 2584 5574 Locus
2637 5515 2742 5590 est
2780 5515 3052 5590 mutilus,
3107 5519 3167 5570 et
3195 5521 3260 5570 ut
3319 5531 3391 5570 ex
3441 5519 3828 5590 sequentibus

2182 5586 2387 5662 liquet,
2419 5591 2505 5645 sic
2537 5588 2854 5662 legendum
2882 5603 2894 5640 :
2927 5586 3263 5662 Simeo_nem
3293 5586 3555 5662 nomine,
3589 5587 3692 5662 sed
3723 5590 3825 5660 qui

2181 5657 2472 5718 se'Titnm
2505 5657 2844 5733 nuncupari
2865 5657 3062 5714 vellet.
3111 5659 3250 5733 Post
3301 5658 3459 5714 hunc
3489 5657 3829 5732 Genesium,

2181 5733 2284 5807 qui
2315 5739 2612 5792 umorue
2633 5726 3032 5802 Timotheum,
3062 5734 3172 5786 etc.
3205 5726 3346 5786 Χτι..
