4108 6300
298 449 430 512 829
1448 448 1981 516 HISTOlllABUM
2027 443 2562 507 COMPENDIUM.
3597 446 3718 509 330

301 580 566 656 οὐδαμῶς
649 580 1153 655 ἆναθεματίζουσιν,
1246 581 1373 639 ἀλλ’
1456 579 1675 660 ἔχουσιν
1755 579 1954 642 αὐτοὺς

2089 577 2274 632 locuit
2321 576 2764 645 Constantinus,
2821 578 3086 634 Silvanus
3144 584 3204 634 et
3250 579 3492 635 Simeon
3532 580 3717 649 Titus,

309 672 498 749 ὥσπερ
564 671 908 734 ἀποστόλους
1001 674 1256 748 Χριστοῦ.
1318 673 1547 749 Λέγουσι
1629 671 1686 728 δὲ
1761 669 1849 729 καί
1906 667 1959 740 ἔξ

2089 665 2370 734 lchaiam,
2435 667 2534 737 qui
2569 672 2658 721 est
2706 667 2869 722 vicus
2924 668 3392 737 Samosatorum,
3443 669 3720 737 Manalin,

304 761 638 831 Ἐκκλησίας
669 761 722 816 έν
748 765 817 835 τῇ
868 759 1146 838 ὁμολογίᾳ
1191 763 1392 833 αὐτῶν,
1445 765 1544 835 τὴν
1599 758 1960 831 Μακεδονίαν,

2089 772 2239 826 [nam
2270 755 2532 811 instituit
2561 757 2848 811 Genesius
2877 758 3725 831 Timotheus,Philippensem,

312 851 439 921 ἢτις
493 850 606 906 έστὶ
692 852 940 925 Κάστρον
1025 850 1347 921 κολωνείας,
1407 854 1507 922 τὴν
1569 847 1837 920 Κίϐωσαν,
1894 850 1961 921 ἢν

2089 845 2335 901 licentes
2357 845 2418 900 in
2452 862 2518 901 ea
2553 862 2680 900 esse
2713 845 3035 917 discipulos
3054 848 3296 919 Josephi
3330 849 3716 920 Epaphroditi

310 941 651 1015 ἐμαθήτευσε
696 943 1105 1005 Κωνσταντῖνος
1160 941 1188 994 6
1242 942 1329 996 καὶ
1392 936 1657 1004 Σιλϐανὸς
1711 940 1802 995 καὶ
1860 946 1960 994 Συ-

2089 940 2129 989 :t
2176 935 2492 1002 Zachariae,
2534 951 2711 1004 quem
2769 935 2881 1005 ipsi
2936 937 3373 991 mercenarium
3423 942 3724 1009 pastorem

316 1031 466 1104 μεὼν
507 1030 535 1084 ὁ
587 1028 678 1083 καὶ
731 1030 917 1098 Τῖτος,
974 1029 1073 1098 τήν
1134 1030 1386 1104 Ἀχαῖαν,
1440 1030 1561 1101 ἣτις
1619 1028 1730 1086 ἐστὶ
1797 1028 1961 1100 κώμη

325 1117 677 1192 Σαμοσάτου,
716 1117 816 1185 τὴν
881 1117 1142 1189 Μάναλιν,
1199 1114 1266 1188 ἤν
1334 1117 1667 1192 ἐμαθήτευσε
1724 1113 1963 1179 Γενέσιος

2071 1023 2846 1096 appellant.Laodicensem,
2865 1039 3013 1093 quos
3034 1025 3362 1095 Cynochori
3373 1030 3460 1081 tas
3489 1032 3720 1082 vocant.

2069 1113 2238 1184 quasi
2271 1129 2306 1168 a
2338 1129 2552 1168 canum
2600 1112 2856 1184 regione.
2892 1112 3003 1167 Sed
3050 1114 3385 1184 Ephesiam,
3419 1132 3548 1170 eam
3592 1133 3721 1187 quaa

313 1210 344 1265 6
384 1208 476 1263 καὶ
504 1208 796 1280 Τιμόθεος,
828 1208 928 1276 τήν
961 1210 1067 1262 τῶν
1102 1206 1520 1278 Φιλιππτ,σίων,
1550 1206 1678 1271 τοὺς
1721 1207 1966 1279 μαθητὰς

317 1297 569 1373 λέγοντες
618 1297 822 1374 Ἰωσὴφ
879 1300 978 1351 τοῦ
1034 1297 1125 1350 καὶ
1182 1294 1582 1377 Ἐπαφροδίτου
1628 1296 1718 1353 καὶ
1785 1300 1966 1372 Ζαχα-

312 1385 435 1463 ρίου
464 1389 560 1440 τοῦ
596 1388 873 1458 μισθωτοῦ
922 1384 1180 1459 ποιμένος
1240 1388 1368 1461 παρ’
1413 1386 1591 1442 αὐτῶν
1642 1384 1963 1462 λεγομένου,

309 1476 414 1544 τήν
440 1478 548 1529 τῶν
589 1471 922 1542 Λαοδικέων,
982 1473 1206 1548 λέγουσι
1261 1472 1321 1530 δὲ
1377 1475 1788 1551 Κυνοχωρίτας.
1851 1474 1964 1544 Τὴν

316 1564 505 1640 μέντοι
535 1566 644 1618 τῶν
672 1562 954 1641 Ἐφεσίων,
983 1562 1111 1625 τοὺς
1156 1565 1210 1618 ’ev
1268 1564 1465 1638 Μόψου
1520 1563 1667 1636 ἑστίᾳ
1721 1564 1813 1619 καὶ
1863 1565 1964 1634 τήν

244 1704 247 1706 .
312 1658 422 1709 τῶν
450 1651 809 1709 Κολοσσαέων
843 1650 1096 1727 λέγουσιν
1142 1652 1218 1716 ὡς
1256 1651 1486 1729 Σέργιος
1519 1652 1546 1707 6
1599 1653 1688 1708 καὶ
1736 1653 1968 1732 Τυχινὸς

309 1747 681 1819 ἀνεθεμάτισε.
740 1742 975 1806 Τούτους
1036 1744 1127 1799 οὗν
1186 1743 1314 1806 τοὺς
1390 1743 1524 1799 ἑπτὰ
1606 1741 1966 1808 διδασκάλοτς

311 1836 497 1892 αὐτῶν
527 1833 619 1889 καὶ
656 1833 753 1895 τὰς
804 1831 858 1903 ἓξ
916 1833 1247 1903 Ἑκκλησίας
1298 1830 1523 1913 ἔχουσιν
1573 1831 1821 1907 ἐντίμως
1873 1831 1967 1895 οὕς

2074 1207 2163 1256 est
2193 1202 2586 1273 Mopsuestia,
2620 1206 2678 1256 et
2703 1200 3114 1256 Colossensem
3145 1219 3179 1257 a
3224 1203 3423 1274 Sergio
3470 1204 3722 1275 Tychico

2068 1291 2378 1347 damnatas
2408 1291 2621 1346 dicunt“
2655 1292 2770 1347 Hos
2802 1308 2938 1363 ergo
2965 1297 3193 1362 septem
3230 1292 3492 1363 ipsorum
3521 1293 3726 1348 docto-

2069 1396 2164 1435 res
2194 1386 2252 1435 et
2282 1398 2386 1436 sex
2417 1380 2708 1436 Ecclesias
2740 1381 2800 1435 in
2831 1381 3053 1436 honore
3087 1381 3307 1436 habent
3337 1399 3406 1437 ac
3438 1397 3724 1437 veneran-

2070 1476 2184 1537 tur,
2217 1471 2479 1542 reliquos
2527 1488 2753 1537 omnes,
2805 1488 3189 1544 quoscunque
3239 1473 3384 1543 ipsis
3424 1473 3722 1539 nomines,

2069 1559 2354 1615 damnant
2382 1566 2561 1632 atque
2612 1566 2920 1632 respuunt.
2955 1561 3202 1616 Servant
3251 1562 3507 1633 primam
3535 1559 3721 1616 Mani-

2070 1649 2368 1705 chaaorum
2400 1650 2677 1719 liaaresin,
2721 1651 2837 1705 duo
2884 1651 3178 1723 principia
3227 1668 3364 1708 eum
3398 1651 3543 1723 ipsis
3572 1649 3731 1705 afﬁr-

2068 1743 2319 1794 mantes.
2379 1740 2573 1795 Unum
2620 1745 2850 1796 tantum
2900 1756 3029 1795 esse
3081 1740 3268 1811 aiunt,
3306 1741 3464 1811 quod
3493 1741 3662 1813 ipsos
3693 1755 3729 1793 a

2068 1830 2332 1884 Romana
2361 1828 2624 1884 Ecclesia
2655 1829 2953 1902 disjungat
2982 1847 2996 1885 ε
3021 1848 3083 1885 se
3108 1831 3269 1886 enim
3299 1830 3519 1885 sentire
3544 1829 3728 1885 alium

314 1928 406 1983 καὶ
466 1921 731 1983 σέϐονται.
808 1926 1015 1985 Πάντας
1090 1921 1148 1979 δὲ
1210 1925 1337 1987 τοὺς
1403 1922 1654 1997 λοιποὺς,
1720 1924 1817 1987 οὕς
1875 1924 1966 1980 ἐὰν

2089 1932 2203 1973 asse
2235 1918 2420 1973 Deum
2450 1920 2683 1973 Patrem
2715 1919 3035 1987 caelestem,
3068 1921 3170 1991 qui
3220 1920 3282 1975 in
3337 1920 3447 1975 hoc
3502 1917 3728 1974 mundo

319 2016 451 2091 εἲπῃ
510 2036 594 2077 τις
660 2014 865 2083 αὐτοῖς,
925 2014 1015 2069 καὶ
1073 2013 1518 2087 ἀναθεματίζουσι
1572 2013 1663 2068 καὶ
1720 2009 1968 2070 ἀποϐάλ-

2089 2005 2228 2062 nihil
2258 2006 2475 2061 habeat
2523 2007 2852 2078 potestatis,
2884 2008 3098 2063 habeat
3142 2013 3341 2064 autem
3396 2009 3457 2063 in
3505 2008 3728 2064 futuro.

324 2105 533 2162 λονται.
567 2105 800 2179 Ἔχουσι
831 2100 887 2158 δὲ
923 2103 1149 2178 πρώτην
1210 2100 1413 2173 α’ίρεσιν
1468 2104 1569 2172 τὴν
1624 2106 1732 2158 τῶν
1792 2103 1965 2159 Μανι-

325 2196 526 2271 χαίων,
559 2191 656 2249 δύο
686 2194 861 2269 ἀρχὰς
894 2191 1292 2267 ὁμολογοῦντες
1326 2192 1400 2254 ὡς
1430 2192 1685 2248 κάκεῖνοι.
1738 2193 1969 2266 Λέγουσι

327 2282 386 2340 δὲ
415 2282 590 2351 οῦτοι,
618 2281 702 2337 ὅτι
732 2286 828 2339 Ἕν
860 2280 971 2337 ἐστι
1021 2282 1180 2354 μόνον
1231 2282 1294 2335 τὸ
1335 2278 1666 2355 διαχωρίζον
1714 2282 1863 2353 ἡμᾶς
1912 2279 1973 2335 ἐκ

324 2378 433 2430 τῶν
460 2371 771 2447 Ῥωμαίων,
804 2371 887 2427 ὃτι
926 2372 1098 2445 ἡμοῖς
1161 2370 1255 2442 μὲν
1308 2369 1492 2445 ἓτερον
1548 2370 1675 2425 Θεὸν
1735 2368 1971 2443 λέγομεν

328 2462 595 2538 ὁπάρχειν
626 2461 717 2516 τὸν
760 2459 968 2535 Πατέρα
1021 2459 1112 2513 τὸν
1173 2457 1511 2534 ἐπουράνιον,
1565 2459 1627 2521 ὃς
1685 2457 1737 2513 έν
1793 2458 1976 2531 τούτῳ

326 2555 411 2624 τῷ
439 2551 632 2624 κόσμῳ
662 2549 760 2605 ούκ
789 2547 907 2624 ἔχει
963 2545 1221 2619 ἐξουσίαν,
1276 2545 1404 2602 ἀλλ’
1454 2547 1505 2602 έν
1555 2546 1634 2620 τῷ
1694 2545 1976 2620 μέλλοντι,

335 2638 521 2715 ἓτερον
555 2638 613 2695 δὲ
640 2639 766 2695 Θεὸν
793 2639 886 2694 τὸν
924 2638 1133 2710 κόσμου
1164 2639 1421 2707 ποιητὴν,
1475 2633 1621 2698 ὅστις
1669 2635 1785 2712 ἔχει
1822 2633 1981 2692 τοῦδε

338 2732 438 2783 τοῦ
468 2727 730 2802 παρόντος
766 2734 865 2797 τῆν
927 2724 1194 2796 ἐξουσίαν’
1257 2726 1309 2779 οἱ
1349 2722 1407 2780 δὲ
1457 2726 1740 2799 Ῥωμαῖοι,
1802 2726 1980 2802 φασὶν,

338 2814 433 2872 ἕνα
461 2816 549 2871 καὶ
578 2814 667 2870 τὸν
698 2814 856 2871 αὐτὸν
890 2816 1018 2870 Θεὸν
1051 2812 1426 2887 ὁμολογοῦσιν
1465 2814 1599 2869 εἶναι
1629 2812 1719 2868 καὶ
1769 2814 1984 2889 Πατέρα

336 2906 428 2960 τὸν
462 2905 623 2960 αὐτὸν
653 2903 977 2976 ἐπουράνιον
1003 2903 1095 2958 καὶ
1149 2907 1247 2958 τοῦ
1311 2904 1523 2977 κόσμου
1581 2903 1777 2965 παντὸς
1817 2923 1985 2972 ποιη-

331 2996 455 3066 τήν.
486 2991 731 3051 Καλοῦσι
769 2991 827 3048 δὲ
873 2991 1097 3055 ἑαυτοὺς
1162 2993 1255 3064 μὲν
1307 2992 1689 3068 Χριστιανοὺς,
1729 2993 1878 3064 ἡμᾶς
1930 2988 1987 3045 δὲ

332 3083 671 3156 Ῥωμαίους.
708 3082 938 3158 Λέγουσι
969 3079 1027 3136 δὲ
1057 3082 1192 3155 πρὸς
1241 3082 1369 3142 τοὺς
1421 3080 1742 3156 ἀγνοοῦντας
1790 3080 1986 3140 αὐτοὺς

343 3171 662 3248 προθύμως.
754 3169 1085 3242 Πιστεύομεν
1167 3168 1244 3232 είς
1304 3169 1516 3244 Πατέρα
1571 3168 1660 3223 καὶ
1719 3168 1839 3223 Υἱὸν
1897 3167 1987 3222 καὶ

338 3262 497 3331 ἅγιον
535 3266 771 3336 Πνεῦμα,
800 3261 894 3317 τὸν
926 3259 1246 3335 ἐπουρᾶνιον
1298 3259 1533 3335 Πατέρα’
1581 3259 1671 3316 καὶ
1721 3257 1985 3331 ἆυάθεμα,

2077 2093 2262 2150 alium
2294 2096 2478 2151 Deum
2510 2094 2717 2152 mundi
2749 2097 3142 2164 conditorem,
3166 2098 3259 2153 cui
3293 2098 3353 2152 in
3376 2102 3730 2169 praesentem

2078 2182 2372 2240 mundum
2403 2186 2505 2256 jus
2555 2187 2650 2255 sit,
2701 2187 3001 2241 Romanos
3053 2192 3251 2242 autem
3308 2186 3573 2258 profiteri
3603 2201 3729 2239 esse

2079 2291 2266 2329 unum
2301 2275 2910 2347 Deum,eumdemque
2930 2279 3165 2333 Patrem
3198 2278 3497 2333 ccclestem
3519 2281 3579 2331 et
3594 2274 3730 2330 uni-

2081 2364 2234 2419 versi
2264 2365 2567 2420 factorem.
2603 2366 2752 2422 759
2785 2365 2854 2420 Se
2886 2366 3273 2436 Christianos,
3305 2383 3413 2420 nos
3435 2369 3731 2421 Romanos

2085 2453 2408 2525 appellant.
2458 2454 2534 2509 Iis
2564 2454 2779 2524 quibus
2812 2454 2994 2526 ignoti
3036 2460 3191 2522 sunt,
3226 2455 3502 2510 alacriter
3530 2454 3737 2509 dicunt

2089 2542 2329 2598 credere
2356 2560 2418 2597 se
2449 2543 2511 2597 in
2531 2542 3007 2607 Patrem,Filium
3035 2549 3094 2597 et
3124 2544 3406 2615 Spiritum
3441 2548 3738 2610 sanctum,

2089 2630 2389 2687 cmlestem
2408 2630 2637 2687 Patrem
2659 2638 3185 2703 ;exsecranturque
3199 2632 3345 2687 adeo
3361 2649 3484 2687 eum
3503 2633 3601 2702 qui
3617 2648 3737 2687 non

2092 2720 2203 2775 hoc
2216 2720 2392 2776 modo
2407 2720 2746 2776 credat.Sed
2761 2721 2939 2776 nimis
2953 2722 3234 2777 meditate
3256 2738 3421 2777 suam
3446 2720 3737 2777 malitiam

2093 2813 2510 2865 consectantur
2563 2810 2706 2865 Cum
2739 2811 2897 2865 enim
2928 2813 3163 2866 Patrem
3207 2811 3504 2866 caelestem
3545 2810 3741 2865 nomi-

2094 2902 2260 2965 nant,
2278 2915 2397 2952 non
2419 2899 2672 2953 addunt:
2696 2900 2897 2954 Solum
2923 2916 3122 2954 verum
3148 2900 3740 2961 Deum.Conditorem

2096 2987 2228 3042 cmli
2248 2993 2308 3041 et
2325 2991 2500 3041 terras
2524 2992 2698 3057 atque
2719 2989 2985 3043 omnium
3010 3005 3136 3059 qum
3160 2989 3221 3043 in
3243 2989 3315 3043 iis
3346 2993 3501 3043 sunt.
3537 2988 3740 3043 Enim-

2094 3093 2232 3131 vero
2245 3075 2611 3131 Christianus
2628 3093 2764 3131 cum
2778 3077 3095 3133 Manichan
3112 3077 3419 3149 disputans
3440 3077 3742 3149 postulare

2096 3165 2171 3221 ab
2202 3182 2271 3219 eo
2303 3164 2481 3219 debet
2504 3171 2570 3220 ut
2598 3165 2929 3237 symbolum
2967 3166 3101 3221 fidei
3133 3167 3342 3222 recitet
3370 3168 3481 3221 hoc
3511 3184 3524 3220 :
3557 3166 3741 3222 Credo

2052 3253 2162 3327 17in
2202 3270 2389 3309 unum
2442 3255 2621 3309 Deum
2653 3256 2886 3310 Patrem
2942 3255 3432 3327 omnipotentem,
3477 3256 3577 3325 qui
3607 3254 3748 3309 fecit

339 3321 491 3433 φασὶ,
564 3356 647 3424 τῷ
674 3321 684 3336 ι
715 3321 792 3423 μῆ
861 3350 1033 3412 οὕτως
1067 3321 1456 3418 ’πιστεύοντῃΙ
1529 3321 1981 3422 μεμελετημένως

2099 3342 2308 3398 coelum
2340 3347 2397 3397 et
2427 3347 2664 3407 terram,
2709 3344 2910 3400 omnia
2956 3361 3087 3415 qua
3118 3349 3178 3399 et
3205 3345 3478 3400 videntur
3526 3348 3585 3399 et
3620 3344 3749 3402 visu

340 3440 466 3497 λίαν
494 3442 594 3510 τήν
625 3441 828 3496 ἑαυτῶν
858 3439 1045 3495 κακίαν
1097 3435 1493 3512 μεθοδεύοντες.
1558 3435 1635 3494 Ού
1682 3435 1786 3511 γὰρ
1825 3454 1990 3510 προσ-

338 3530 597 3599 τιθέασι),
656 3528 748 3584 ’ὸτε
811 3526 1029 3601 λέγουσι
1085 3528 1176 3580 τὸν
1225 3526 1433 3600 Πατέρα
1503 3525 1596 3580 τὸν
1649 3523 1991 3599 ἐπουράνιον,

342 3618 431 3675 ὅτι
489 3619 598 3675 Τὸν
658 3618 821 3690 μόνον
876 3614 1138 3686 ἀληθινὸν
1210 3615 1341 3670 Θεὸν
1396 3614 1488 3668 τὸν
1546 3614 1851 3683 ποιήσαντα
1898 3611 1992 3667 τὸν

347 3708 571 3783 οὐρανὸν
602 3706 694 3761 καὶ
723 3707 824 3773 τήν
867 3711 971 3781 γῆν
1018 3704 1107 3758 καὶ
1155 3703 1329 3760 πάντα
1380 3703 1449 3757 τὰ
1505 3701 1556 3756 έν
1615 3701 1823 3762 αὐτοῖς.
1873 3701 1989 3775 Χρή

346 3795 405 3852 δὲ
426 3798 519 3853 τὸν
569 3792 1100 3870 προσδιαλεγόμενον
1163 3789 1450 3868 ὀρθόδοξον
1509 3792 1678 3846 αἰτεῖν
1731 3791 1821 3844 τὸν
1878 3791 1993 3846 Μα-

342 3890 563 3963 νιχαῖον
587 3889 686 3941 τοῦ
728 3884 900 3939 εἰπεῖν
954 3884 1018 3938 τὸ
1075 3877 1358 3954 σύμϐολον
1415 3882 1498 3954 [Ρ.
1556 3881 1682 3952 434]
1740 3886 1841 3948 τῆς
1899 3876 1991 3932 πί-

343 3996 540 4040 στεως,
604 3975 690 4043 τὸ,
750 3970 993 4028 Πιστεύω
1055 3967 1151 4025 ἕνα
1206 3970 1360 4038 Θεὸν,
1417 3967 1630 4042 Πατέρα
1683 3964 1991 4040 παντοκρά-

338 4083 497 4139 τορα,
530 4062 768 4133 ποιητὴν
809 4060 1040 4135 ούρανοῦ
1097 4061 1187 4115 καὶ
1242 4066 1368 4133 γῆς,
1423 4059 1632 4133 ὁρατῶν
1684 4077 1743 4111 τε
1771 4054 1988 4111 πάντων

334 4154 428 4209 καὶ
462 4152 732 4225 ἀοράτων,
755 4150 844 4206 καὶ
883 4150 952 4205 τὰ
996 4150 1140 4219 ἑξῆς.
1201 4150 1423 4204 Ἔπειτα
1482 4145 1539 4202 δὲ
1598 4144 1987 4221 βλασφημοῦσι

346 4245 441 4319 μὲν
499 4242 575 4305 εἷς
631 4241 730 4309 τήν
789 4238 1050 4316 παναγίαν
1114 4236 1378 4294 Θεοτόκον
1458 4234 1685 4310 ἄμετρα·
1775 4232 1862 4287 ἐὰν
1931 4229 1988 4287 δὲ

347 4334 610 4409 βιασθῶσι
641 4335 767 4403 παρ’
792 4331 953 4402 ἡμῶν
987 4325 1335 4404 ὁμολογῆσαι
1366 4324 1552 4396 αὐτὴν,
1592 4321 1985 4397 ἀλληγορικῶς

2099 3448 2221 3486 non
2253 3431 2801 3503 deprehenduntur,
2834 3438 2893 3488 et
2925 3439 3156 3489 caetera.
3203 3433 3428 3489 Deinde
3468 3435 3748 3491 immode-

2102 3525 2231 3575 rata
2265 3520 2661 3576 maledicendi
2710 3521 3013 3593 impietate
3053 3523 3443 3578 sanctissimae
3485 3522 3747 3594 Deiparaa
3785 3567 3789 3576 .

2104 3609 2456 3664 obtrectant.
2491 3611 2755 3680 Cumque
2786 3626 2820 3664 a
2858 3610 3031 3665 nobis
3061 3616 3351 3682 coguntur
3380 3628 3509 3666 eam
3551 3612 3748 3679 fateri,

2104 3698 2297 3776 verbis
2325 3698 2488 3753 aliud
2512 3698 2981 3771 significantibus
3012 3699 3255 3754 dicunt:
3312 3700 3494 3754 Credo
3528 3700 3587 3753 in
3607 3717 3746 3755 san-

2102 3787 2429 3842 ctissimam
2478 3787 2811 3857 Deiparam.
2861 3786 2921 3841 in
2967 3804 3144 3857 quam
3177 3788 3416 3842 intravit
3441 3792 3498 3842 et
3528 3803 3595 3841 ex
3628 3805 3747 3858 qua

2101 3876 2277 3931 exivit
2308 3876 2615 3932 Dominus.
2669 3877 2767 3930 His
2799 3877 2989 3931 verbis
3036 3877 3264 3932 occulte
3304 3883 3514 3932 notant
3547 3877 3747 3933 Hiero-

2100 3966 2464 4037 solymorum
2495 3965 2704 4019 urbem
2735 3981 3075 4036 supernam,
3107 3966 3169 4020 in
3201 3983 3379 4038 quam
3418 3983 3751 4037 praacursor

2099 4060 2286 4114 nostri
2333 4075 2508 4113 causa
2565 4060 2804 4114 intravit
2833 4060 3121 4125 Christus,
3162 4067 3227 4116 ut
3274 4062 3358 4117 ait
3410 4062 3747 4132 Apostolus.

2098 4148 2296 4217 Neque
2352 4162 2488 4201 vere
2561 4147 2864 4218 appellant
2917 4147 3150 4203 beatam
3228 4149 3469 4203 Mariam
3536 4150 3750 4220 Deipa-

2097 4251 2244 4302 ram,
2326 4251 2519 4305 neque
2577 4236 2894 4290 Dominum
2953 4253 3023 4290 ex
3067 4253 3135 4291 ea
3191 4253 3431 4291 carnem
3508 4254 3744 4291 assum-

2097 4323 2304 4394 psisse.

340 4421 587 4499 λέγουσι·
647 4417 893 4475 Πιστεύω
959 4416 1037 4478 εἷς
1091 4417 1192 4484 τήν
1250 4416 1410 4492 ἁγίαν
1470 4411 1780 4499 Θεοτόκου,
1840 4409 2231 4499 ένᾼῇείσῆλθε
2286 4410 2376 4465 καὶ
2432 4409 2650 4483 ἐξῆλθεν
2710 4412 2738 4465 ὁ
2799 4411 3011 4484 Κύριος.
3078 4412 3304 4485 Λέγουσι
3362 4409 3420 4466 δὲ
3472 4413 3572 4479 τήν
3631 4411 3742 4467 ἄνω

343 4492 711 4582 Ῑερουσαλήμ,
774 4506 825 4562 ἐν
883 4506 920 4581 ᾖ
978 4503 1295 4579 πρόδρομος
1358 4492 1488 4578 ὑπὲρ
1541 4503 1705 4574 ἡμῶν
1782 4497 2016 4564 εἰσῆλθέ
2072 4499 2327 4574 Χριστὸς,
2386 4501 2563 4563 καθώς
2628 4521 2791 4577 φησιν
2853 4501 3205 4565 Ἀπόστολος,
3263 4502 3353 4556 καὶ
3410 4501 3472 4555 οὐ
3526 4500 3748 4576 λέγουσι

339 4601 476 4656 κατὰ
507 4596 770 4669 ἀλήθειαν
797 4598 898 4666 τήν
930 4594 1086 4672 ἁγίαν
1122 4593 1328 4668 Μαρίαν
1363 4589 1650 4659 Θεοτόκον,
1684 4586 1807 4643 οὐδὲ
1836 4587 1887 4658 ἐξ
1916 4589 2087 4657 αὐτῆς
2121 4590 2460 4663 σαρκωθέντα
2488 4590 2580 4644 τὸν
2617 4590 2835 4663 Κύριον.

418 4686 816 4762 Βλασφημοῦσι
868 4681 925 4738 δὲ
976 4682 1065 4737 καὶ
1133 4682 1208 4743 εἷς
1260 4680 1326 4735 τὰ
1385 4685 1502 4744 θεῖα
1557 4680 1831 4767 μυστήρια
1886 4682 1981 4744 τῆς

2167 4679 2350 4749 Impie
2382 4695 2617 4749 quoque
2649 4680 2720 4733 de
2752 4680 2966 4734 divinis
3001 4681 3297 4752 mysteriis
3328 4687 3546 4737 sanctae
3583 4698 3745 4767 com:

346 4777 506 4850 ἁγίας
562 4772 844 4833 κοινωνίας
898 4775 996 4827 τοῦ
1049 4769 1237 4843 τιμίου
1290 4769 1541 4840 σώματος
1610 4766 1701 4821 καὶ
1757 4763 1993 4837 α’ίματος

345 4870 443 4920 τοῦ
475 4864 669 4939 Κυρίου
707 4864 870 4933 ἡμῶν
924 4861 1110 4932 Ἰησοῦ
1167 4860 1421 4932 Χριστοῦ,
1479 4856 1727 4932 λέγοντες
1784 4854 1868 4939 ’ὁτι
1925 4855 1992 4908 τὰ

347 4954 568 5028 ῥήματα
586 4950 756 5007 πύτοῦ
796 4951 824 5005 ὁ
858 4950 1055 5024 Κύριος
1084 4945 1269 5009 διδοὺς
1308 4950 1424 5008 τοῖς
1453 4943 1784 5006 ἀποστόλοις
1812 4938 1986 5016 ἔλεγε⁶

348 5036 575 5111 Λάϐετε,
632 5038 825 5118 φάγετε
883 5038 975 5093 καὶ
1051 5038 1226 5105 πίετε,
1302 5034 1399 5090 οὐκ
1458 5032 1616 5109 ἄρτον
1683 5033 1771 5087 καὶ
1826 5032 1989 5086 οἶνον’

347 5131 439 5187 καὶ
491 5131 553 5184 ού
628 5130 765 5203 χρὴ,
823 5126 981 5204 φησὶ,
1038 5126 1399 5201 προσάγεσθαι
1454 5124 1615 5199 ἄρτον
1674 5120 1763 5177 καὶ
1822 5123 1989 5175 οἶνον·

347 5220 743 5297 Βλασφημοῦσι
776 5216 834 5273 δὲ
863 5218 952 5272 καὶ
984 5217 1060 5278 εἷς
1108 5217 1198 5270 τὸν
1257 5214 1440 5288 τίμιον
1497 5214 1749 5288 σταυρὸν,
1799 5212 1991 5285 λέγον-

344 5331 432 5375 τες
461 5309 545 5366 ὅτι
577 5308 804 5382 σταυρὸς
835 5308 863 5361 ὁ
895 5305 1127 5382 Χριστός
1158 5303 1322 5375 ἔστιν,
1365 5303 1427 5358 οὐ
1470 5304 1580 5378 χρὴ
1639 5299 1696 5356 δὲ
1742 5321 1991 5375 προσκυ-

339 5405 547 5464 νεῖσθαι
575 5398 640 5453 τὸ
689 5395 845 5467 ξύκον
915 5395 992 5456 ὡς
1051 5392 1485 5465 κεκατηραμένον
1541 5386 1792 5465 ὄργανον.
1853 5387 1993 5450 Τοὺς

340 5488 398 5545 δὲ
455 5488 753 5567 προφήτας
799 5484 891 5539 καὶ
975 5482 1207 5545 λοιποὺς
1284 5480 1468 5554 ἁγίους
1560 5473 1991 5535 ἀποϐάλλονται.

340 5576 550 5635 Ἔτιιδὶ
577 5576 669 5630 τὸν
726 5568 876 5647 ἅγιον
932 5572 1158 5644 Πέτρον,
1216 5568 1313 5625 τὸν
1377 5569 1545 5644 μέγαν
1599 5566 1997 5641 πρωταπόστο-

344 5670 468 5737 λον,
498 5667 666 5723 πλέον
700 5665 919 5719 πάντων
943 5661 1035 5718 καὶ
1086 5660 1428 5740 δυσφημοῦσι
1487 5659 1576 5715 καὶ
1628 5658 1992 5735 ἀποστρέφον-

346 5778 466 5834 ταν,
492 5755 545 5833 ἐξ
574 5753 754 5814 αὐτῶν
788 5748 996 5830 μηδένα
1021 5751 1145 5809 τινὰ
1193 5749 1246 5807 ἄν
1294 5749 1445 5828 μέρει
1498 5751 1606 5805 τῶν
1664 5745 1991 5823 σωζομένων

2099 4767 2400 4823 munionis
2430 4769 2673 4840 pretiosi
2729 4770 2991 4840 corporis
3038 4775 3095 4825 et
3144 4771 3446 4843 sanguinis
3510 4771 3745 4826 Dominl

2100 4857 2287 4912 nostri
2329 4859 2465 4913 Jesu
2511 4858 2724 4912 Christi
2773 4859 3062 4929 garriunt,
3114 4859 3379 4915 dicentes
3430 4860 3746 4914 Dominum

2100 4945 2277 5001 verba
2319 4962 2426 5001 sua
2473 4946 2759 5017 apostolis
2804 4947 3062 5015 dedisse,
3097 4965 3282 5018 eaque
3305 4949 3558 5019 jussisse
3591 4949 3744 5002 acci-

2102 5051 2259 5106 pere,
2297 5036 2471 5090 edere
2516 5041 2691 5107 atque
2740 5034 2965 5102 bibere,
3014 5053 3137 5091 non
3185 5053 3398 5107 panem
3432 5041 3489 5090 et
3519 5036 3747 5104 vinum,

2101 5142 2232 5195 quas
2265 5124 2506 5195 quidem
2538 5124 2715 5179 etiam
2747 5124 3088 5180 adhibenda
3115 5130 3354 5197 negant.
3378 5125 3531 5189 Quin
3564 5130 3622 5179 et
3650 5141 3751 5179 ve-

2100 5213 2381 5269 nerandae
2418 5212 2578 5268 cruci
2603 5213 2886 5267 scelerate
2928 5214 3426 5276 detrahuntJBo
3450 5214 3748 5269 Christum

2102 5320 2231 5358 esse
2276 5319 2513 5358 crucem
2573 5302 2856 5365 dicentes,
2919 5318 3112 5372 neque
3178 5302 3548 5358 adorandum
3621 5320 3749 5359 esse

2102 5392 2349 5462 lignum,
2401 5391 2910 5447 exsecrationibus
2959 5391 3223 5446 deditum
3259 5392 3744 5450 instrumentum.

2102 5484 2278 5535 Vates
2325 5497 2562 5551 quoque
2613 5480 2837 5535 divinos
2888 5485 2945 5533 et
2990 5480 3254 5551 reliquos
3285 5487 3519 5537 sanctos
3547 5482 3748 5553 explo-

2101 5569 2268 5624 dunt.
2304 5570 2547 5623 Beatum
2577 5571 3118 5641 Petrum,maguum
3150 5570 3317 5625 illum
3342 5571 3744 5641 apostolorum

2102 5661 2457 5734 principem,
2488 5662 2723 5733 gravius
2770 5661 3015 5731 reliquis
3059 5661 3334 5718 omnibus
3365 5668 3425 5717 et
3454 5663 3747 5718 infamant

2103 5752 2163 5808 et‘
2214 5760 2460 5823 prorsus
2490 5765 2525 5808 a
2553 5766 2616 5807 se
2644 5749 2948 5823 rejiciunt,
2979 5756 3264 5824 negantes
3293 5766 3430 5807 eum
3461 5750 3480 5805 i
3560 5749 3744 5808 ullam
