4052 6316
383 386 498 445 831

1739 365 2054 432 GEORGII
2098 367 2448 436 CEDRENI

3668 377 3776 438 832

386 517 596 574 salutis
626 518 852 586 partem
875 512 1092 567 venire.
1125 510 1387 565 Concilia
1418 525 1525 566 sua
1569 503 1894 563 Ecclesiam
1933 517 2029 556 ca-

2150 501 2289 558 εῖναι
2343 504 2610 581 λέγοντες.
2680 505 2993 575 Καθολικὴν
3072 504 3397 577 Ἐκκλησίαν
3469 508 3538 563 τὰ
3593 509 3782 566 ἑαυτῶν

386 606 671 662 tholicam
703 601 1015 657 nominant
1044 600 1105 655 in
1139 600 1263 656 suis
1284 600 1358 655 ad
1378 617 1487 655 nos
1515 595 1809 668 allegoriis
1833 610 1846 647 :
1879 592 2037 646 inter

388 710 450 750 se
494 692 655 747 enim
683 708 717 745 a
746 688 1023 761 precibus
1054 705 1122 744 ea
1152 688 1513 761 proseuchas
1565 683 1888 758 appellant.
1920 682 2033 735 Pro

387 782 679 854 baptismo
723 778 945 833 habent
991 778 1167 832 verba
1214 777 1533 849 Evangelii,
1581 774 1721 845 quia
1754 770 2035 827 Dominus

385 871 601 927 dixerit
631 886 692 924 se
725 885 853 924 esse
884 884 1097 938 aquam
1129 867 1175 902 2°
1206 868 1411 921 vivam.
1446 864 1658 922 Omnia
1689 864 1816 917 hanc
1858 865 2037 929 atque

385 962 563 1017 etiam
595 960 787 1031 plura,
819 958 917 1012 ubi
947 957 1304 1029 deprehensi
1348 960 1652 1021 tenentur,
1683 951 1845 1006 aliud
1876 953 2035 1003 recte

384 1047 860 1121 significantibus
905 1046 1100 1101 verbis
1148 1045 1231 1116 (id
1278 1044 1436 1099 enim
1480 1059 1623 1098 voco
1668 1037 2035 1111 allegoriam)

385 1140 707 1195 involvunt.
761 1139 1006 1209 Oportet
1056 1141 1254 1191 autem
1282 1138 1530 1190 atttente
1572 1138 1630 1188 et
1659 1131 1934 1187 distincte
1965 1129 2037 1183 de

387 1229 637 1301 singulis
686 1232 893 1283 contra
937 1242 1037 1281 eos
1067 1225 1390 1296 disputare.
1434 1226 1576 1279 Nam
1608 1226 1667 1276 et
1696 1218 1934 1275 mentiri
1966 1218 2037 1272 iis

388 1318 451 1373 in
479 1322 757 1390 promptu
789 1320 897 1380 est,
930 1316 1013 1370 ita
1044 1314 1369 1370 ferentibus
1400 1314 1666 1383 ipsorum
1697 1307 1946 1382 legibus,
1979 1310 2040 1361 et

386 1424 521 1462 cum
553 1406 700 1462 alias
749 1421 1002 1476 semper,
1063 1410 1189 1459 tum
1247 1402 1544 1475 praacipue
1599 1400 1697 1455 ubi
1729 1401 2035 1469 urgentur,

387 1495 697 1551 mendacio
726 1493 1077 1564 interposito
1110 1492 1449 1558 elabuntur,
1480 1490 1847 1546 affirmantes
1869 1484 2037 1557 quid-

387 1585 529 1656 quid
558 1585 902 1655 imperetur.
938 1585 1136 1653 Neque
1167 1581 1240 1636 ob
1275 1580 1389 1635 tale
1419 1577 1795 1635 mendacium
1827 1576 1890 1630 in
1933 1574 2039 1630 ali-

387 1690 503 1743 qua
532 1672 689 1744 apud
718 1688 855 1726 suos
887 1676 1024 1725 sunt
1064 1669 1259 1741 culpa,
1305 1669 1446 1740 qui’a
1486 1666 1772 1722 nimirum
1819 1664 1930 1718 hoc
1957 1663 2037 1718 fe-

385 1762 467 1816 cit
497 1764 712 1816 Manes.
763 1762 817 1815 Is
848 1759 1007 1815 enim
1040 1759 1187 1814 dixit
1209 1775 1330 1814 non
1370 1774 1432 1813 se
1480 1756 1875 1811 inhumanum
1905 1768 2036 1808 esse

2141 591 2413 669 συνέδρεα,
2445 597 2582 670 πρὸς
2609 598 2760 668 ἡμᾶς
2790 596 2842 651 ἐν
2873 598 2943 670 τῇ
2993 595 3312 671 ἀλληγορία
3361 598 3540 652 αὐτῶν
3596 596 3784 673 λέγον-

2139 705 2248 748 τες·
2316 688 2455 764 πρὸς
2545 690 2771 751 ἑαυτοὺς
2857 689 2960 765 γὰρ
3047 688 3243 744 ἐκεῖνοι
3299 689 3613 765 προσευχὰς
3661 690 3786 746 αὐτὰ

2144 772 2383 851 Λέγουσι.
2429 781 2719 851 Βάπτισμα
2772 776 2829 834 δὲ
2883 779 2949 833 τδ.
3006 780 3224 854 ῥήματα
3275 784 3372 834 τοῦ
3435 779 3786 855 Εὐαγγελίου,

2140 866 2318 928 καθώς
2350 889 2512 945 φησιν
2542 869 2571 922 ὁ
2602 868 2823 944 Κύριος³
2872 869 3017 943 Ἐγώ
3062 869 3175 941 εἰμι
3221 869 3283 924 τὸ
3335 866 3486 943 ὓδωρ
3543 870 3606 924 τὸ
3663 875 3783 940 ζῶν.

2142 958 2321 1011 Ταῦτα
2375 956 2573 1028 πάντα,
2630 958 2718 1012 καὶ
2774 955 2953 1012 πλείω
3007 957 3234 1026 τούτων,
3295 959 3384 1013 ὅτε
3442 962 3785 1035 φωραθῶσιν,

2142 1042 2573 1121 ἀλληγοροῦσιν.
2609 1042 2785 1103 Ἀλλὰ
2814 1048 2925 1121 χρὴ
2960 1051 3235 1122 νουνεχῶς
3267 1047 3359 1102 καὶ
3414 1044 3785 1122 διωρισμένως

2143 1131 2328 1196 αὐτοῖς
2387 1132 2464 1196 εἰς
2558 1134 2734 1190 πάντα
2818 1130 3184 1209 διαλέγεσθαι.
3246 1134 3349 1192 Καὶ
3412 1135 3519 1211 γὰρ
3583 1136 3671 1190 καὶ
3722 1137 3780 1191 τὸ

2143 1220 2340 1297 ψεῦδος
2370 1222 2688 1302 προχείρως
2714 1217 2942 1301 ἔχουσιν
2974 1223 3051 1287 ὡς
3076 1226 3249 1297 νόμον
3296 1223 3523 1291 οἰκεῖον,
3572 1222 3790 1280 πάντοτε

2147 1310 2264 1383 μὲν,
2299 1311 2540 1385 μάλιστα
2569 1309 2627 1367 δὲ
2684 1310 2809 1367 ὅταν
2876 1312 3166 1388 βιασθῶσι,
3224 1310 3647 1387 διαψευδόμενοι
3700 1315 3782 1369 καὶ

2144 1398 2392 1475 λέγοντες
2447 1402 2626 1465 καθὼς
2683 1402 2775 1457 έὰν
2832 1403 3258 1478 προσταχθῶσιν
3316 1400 3353 1472 ἤ
3413 1407 3788 1478 προτραπῶσι,

2142 1489 2470 1566 ἀνέγκλητοι
2499 1487 2643 1553 ὄντες
2701 1493 2828 1567 παρ’
2885 1493 3117 1554 ἑαυτοῖς.
3182 1492 3372 1555 Οὕτως
3416 1494 3581 1568 γὰρὸ
3610 1495 3785 1564 Μάνης

2142 1577 2326 1640 αὐτοῖς
2369 1578 2703 1654 παρέδωκεν,
2772 1579 2858 1636 ὅτι
2914 1580 3024 1635 Οὐκ
3082 1580 3196 1653 εἰμί
3258 1580 3364 1657 ἐγὼ
3421 1580 3784 1657 ἄσπλαγχνος,

2143 1669 2331 1743 φησὶν,
2365 1668 2440 1729 ὡς
2472 1669 2501 1723 ὁ
2531 1670 2758 1743 Χριστὸς
2819 1670 2847 1722 ὁ
2889 1667 3078 1725 εἰπών·
3133 1671 3321 1731 ’Ὀστις
3377 1691 3445 1743 με
3497 1670 3793 1746 ἀρνήσεται,

2142 1756 2450 1833 ἀρνήσομαι
2482 1754 2642 1812 αὑτὸν
2672 1758 2846 1833 κάγώ.
2881 1756 3040 1815 Ἀλλ’
3072 1756 3179 1833 ἐγὼ
3224 1758 3392 1835 λέγω,
3450 1762 3559 1816 Τοῦ
3605 1759 3788 1834 ἀρνου-

384 1853 577 1908 instar
618 1850 856 1917 Christi,
890 1849 1143 1904 dicentis
1192 1865 1254 1903 se
1297 1846 1556 1902 vicissim
1589 1860 1690 1899 eos
1720 1843 2029 1914 abnegatu-

2148 1850 2312 1919 μένου
2343 1868 2409 1920 με
2441 1839 2743 1922 ἔμπροσθεν
2803 1852 2915 1901 τῶν
2966 1847 3266 1921 ἀνθρώπων
3326 1847 3419 1901 καὶ
3475 1852 3556 1919 τῷ
3614 1844 3785 1921 ψεύδει

385 1957 518 1995 rum
550 1956 585 1994 a
615 1939 828 2011 quibus
859 1938 1069 1993 fuisset
1100 1941 1345 2009 negatus
1369 1936 1412 1970 ει
1441 1952 1454 1989 :
1491 1952 1553 1990 se
1575 1951 1676 1989 eos
1705 1933 1806 2004 qui
1835 1933 2031 2004 ipsum

381 2045 578 2084 coram
612 2028 955 2084 hominibus
977 2027 1201 2082 diffessi
1224 2026 1479 2081 fuissent
1502 2040 1688 2096 eoque
1719 2021 2030 2078 mendacio

383 2119 493 2174 sibi
527 2119 780 2174 salutem
813 2118 1245 2189 quaasivissent,
1293 2121 1577 2186 tanquam
1608 2130 1730 2168 non
1759 2112 2031 2167 diifessos

381 2225 514 2265 cum
546 2208 761 2280 gaudio
792 2208 1076 2279 recipere,
1108 2206 1659 2276 revocationemque
1690 2209 1749 2257 et
1786 2202 2032 2257 menda-

385 2299 541 2353 cium
575 2313 694 2352 non
726 2297 911 2368 magis
959 2296 1200 2367 culpare
1230 2310 1411 2365 quam
1442 2293 1491 2347 si
1550 2293 1747 2364 ipsum
1780 2289 2032 2362 professi

382 2385 953 2443 fuissent.Similiter
974 2390 1173 2440 tamen
1213 2382 1480 2438 seniores
1507 2386 1565 2435 et
1585 2379 1922 2435 sacerdotes
1947 2395 2033 2432 re-

385 2476 585 2546 liquos
615 2479 912 2529 nostrates
943 2478 1309 2528 aversantur.
1345 2472 1494 2526 Suos
1533 2467 2032 2542 peregrinationis

386 2566 527 2619 761
570 2581 690 2619 suae
722 2562 913 2617 socios
944 2567 1154 2616 vocant
1193 2566 1251 2615 et
1289 2558 1590 2625 notarios;
1642 2558 1822 2628 hique
1853 2573 1887 2611 a
1917 2574 2033 2611 caa-

390 2655 530 2709 teris
562 2653 728 2708 nulla
757 2669 1001 2723 prorsus
1034 2668 1118 2721 re,
1169 2666 1288 2705 non
1321 2648 1547 2713 habitu,
1590 2663 1710 2701 non
1730 2646 1917 2701 victus
1938 2662 2031 2700 ra-

389 2745 573 2809 tione,
604 2758 723 2796 non
754 2740 985 2811 reliquo
1017 2741 1149 2794 vitas
1178 2743 1464 2811 apparatu
1494 2736 1796 2791 differunt.
1820 2734 2033 2790 Omnia

2140 1936 2242 2003 τήν
2274 1935 2480 1991 οἰκείαν
2520 1935 2792 2011 σωτηρίαν
2825 1936 3241 2012 ποριζομένους,
3276 1936 3350 1999 ὡς
3403 1938 3483 2009 μὴ
3535 1935 3787 2011 ἀρνόυμέ-

2140 2045 2259 2095 νου,
2326 2024 2460 2097 μετὰ
2515 2029 2690 2100 χαρᾶς
2750 2022 2987 2102 δέχομαι
3047 2025 3135 2080 καὶ
3193 2026 3296 2094 τὴν
3362 2023 3662 2096 ἀνάκλησιν
3695 2023 3777 2079 καὶ

2138 2114 2203 2169 τὸ
2233 2110 2429 2187 ψεῦδος
2460 2114 2536 2176 ὡς
2593 2116 2694 2184 τὴν
2749 2115 2888 2189 πρὸς
2943 2112 3042 2187 έμὶ
3107 2112 3413 2190 ὁμολογίαν
3471 2114 3776 2180 ἆνέυθύνως.

2139 2203 2381 2277 Ὁμοίως
2412 2203 2599 2277 μέντοι
2655 2204 2746 2259 καὶ
2800 2203 2930 2266 τοὺς
2969 2201 3370 2281 πρεσϐυτέρους
3418 2206 3512 2260 καὶ
3567 2204 3780 2267 λοιποὺς

2140 2295 2306 2369 ἱερεῖς
2336 2300 2445 2350 τῶν
2475 2296 2603 2369 παρ’
2632 2297 2769 2368 ἡμῖν
2821 2291 3254 2352 ἆποϐάλλονται.
3313 2296 3548 2354 Ἐκεῖνοι
3599 2293 3655 2351 δὶ
3699 2295 3777 2351 καὶ

2139 2382 2269 2447 τοὺς
2315 2385 2481 2459 ίερεῖς
2520 2383 2714 2447 αὐτοὺς
2774 2382 3151 2458 συνεκδήμους
3209 2384 3433 2463 λέγουσι
3494 2386 3584 2440 καὶ
3639 2405 3779 2440 νοτα-

2142 2473 2315 2548 ρίους,
2400 2470 2730 2551 ἀδιαφόρους
2816 2478 2980 2529 πᾶσιν
3062 2475 3252 2536 αὐτοῖς
3308 2470 3471 2538 ὄντας
3536 2475 3625 2530 καὶ
3677 2478 3782 2537 τοῖς

2141 2563 2393 2639 σχήμασι
2420 2563 2511 2617 καὶ
2539 2567 2659 2626 ταῖς
2689 2560 2921 2626 διαίταις
2947 2562 3039 2618 καὶ
3070 2565 3216 2639 πάσῃ
3265 2567 3336 2638 τῇ
3388 2567 3481 2638 [Ρ.
3534 2565 3656 2638 435]
3694 2566 3778 2619 τοῦ

2142 2649 2341 2706 λοιποῦ
2374 2650 2498 2726 βίου
2556 2655 2885 2725 κατασκευῇ.
2941 2654 3177 2727 Ἔχουσι
3228 2650 3285 2707 δὲ
3342 2652 3524 2709 πάντα
3574 2653 3639 2708 τὰ
3688 2655 3773 2707 τοῦ

2139 2738 2478 2817 Εὖαγγελίου
2532 2741 2623 2796 καὶ
2673 2745 2772 2796 τοῦ
2831 2740 3170 2798 ’Λποστόλου
3256 2742 3399 2816 ῥητᾶ
3478 2741 3769 2820 διάστροφα,

382 2831 678 2903 Evangelii
712 2835 771 2885 et
797 2829 1063 2899 Apostoli
1095 2829 1252 2884 dicta
1283 2827 1504 2882 habent
1532 2840 1807 2897 perversa
1836 2829 1894 2878 et
1922 2840 2029 2878 no-

2144 2828 2275 2905 πρὸς
2332 2828 2401 2884 τὰ
2450 2831 2578 2904 παρ’
2629 2831 2765 2903 ἡμῖν
2832 2827 2964 2885 ὄντα
3019 2828 3253 2896 ἐναντία,
3308 2833 3441 2906 παρ’
3505 2830 3668 2887 αὐτῶν
3715 2825 3760 2883 δὲ

382 2921 520 2977 stris
571 2918 880 2976 sententiis
935 2917 1253 2984 contraria,
1306 2916 1378 2972 ab
1416 2916 1559 2987 ipsis
1593 2916 1675 2970 ita
1704 2914 2033 2986 composita

2139 2917 2449 2975 συντεθέντα
2505 2919 2579 2981 ὡς
2638 2916 2799 2989 δῆθεν
2860 2920 3167 2993 ἁρμόζοντα
3221 2925 3341 2982 ταῖς
3401 2920 3622 2981 οἰκείαις
3673 2916 3753 2971 αὐ-

375 3016 436 3066 et
492 3011 592 3082 qui
641 3010 763 3065 suis
821 3025 892 3063 ea
940 3007 1240 3063 erroribus
1288 3003 1825 3061 accommodarent.
1882 3005 2029 3059 Nam

2144 3014 2247 3066 τῶν
2277 3011 2565 3086 αἱρέσεσιν.
2621 3011 2710 3073 Ὠς
2760 3010 2861 3086 γὰρ
2906 3008 3118 3085 εἴρηται
3164 3015 3234 3085 τῇ
3288 3016 3483 3091 Γραφῇ
3537 3012 3622 3067 καὶ
3660 3012 3756 3069 τοῖς

379 3102 677 3175 quomodo
711 3118 780 3156 ea
804 3101 1023 3172 scripta
1076 3104 1216 3155 sunt
1260 3103 1437 3170 atque
1481 3101 1716 3166 sonant,
1750 3096 1834 3151 ita
1872 3093 2028 3166 apud

2144 3097 2347 3174 λόγοις,
2383 3099 2557 3162 οὓτως
2599 3100 2730 3154 εἰσὶν
2765 3099 2841 3162 ὣς
2869 3099 2958 3154 καὶ
2998 3099 3063 3155 τὰ
3092 3101 3217 3176 παρ’
3274 3102 3412 3173 ἡμῖν
3472 3096 3760 3176 ἀπαράλλα·

376 3191 537 3264 ipsos
588 3191 901 3257 habentur,
952 3189 1104 3243 nihil
1150 3204 1394 3259 prorsus
1424 3204 1458 3241 a
1488 3187 1707 3241 nostris
1756 3184 2022 3241 deflexa:

380 3281 483 3336 sed
516 3280 843 3334 sententias
887 3281 1248 3350 pervertunt,
1275 3279 1427 3331 sicut
1456 3275 1592 3331 alibi
1624 3274 1861 3346 copiose
1884 3279 2027 3329 esta

2051 3230 2100 3303 c

2136 3209 2257 3259 κτα,
2323 3189 2391 3243 τὰ
2441 3185 2499 3243 δὶ
2562 3190 2814 3263 νοήματα
2879 3186 3257 3268 διαστρέφουσι
3327 3192 3515 3254 καθὼς
3571 3189 3620 3245 ἰν
3669 3191 3769 3246 τοῖς

2138 3274 2228 3332 διὰ
2257 3276 2464 3341 πλάτος
2489 3279 2605 3351 (79)
2639 3298 2733 3350 μοι
2792 3275 3043 3333 λέλεκται
3094 3278 3222 3353 περὶ
3272 3277 3489 3335 τούτων
3539 3277 3769 3354 σαφέστε-

377 3389 472 3427 me
508 3372 581 3427 de
616 3376 740 3425 tota
771 3371 880 3424 hac
912 3386 974 3424 re
1027 3368 1272 3424 dictum.
1322 3369 1600 3423 Nostrum
1649 3364 2029 3437 Evangelium

2144 3384 2241 3420 nov.
2305 3368 2678 3438 Προσκυνοῦσι
2736 3362 2794 3420 δὲ
2845 3365 2909 3420 τὸ
2989 3367 3115 3440 παρ’
3197 3368 3335 3439 ἡμῖν
3422 3364 3767 3443 Εὗαγγέλιον,

380 3458 636 3515 adorant
663 3457 765 3511 ubi
795 3457 1028 3512 occasio
1057 3456 1211 3525 tulit,
1260 3455 1527 3511 dicentes
1587 3470 1708 3509 non
1762 3454 1821 3507 in
1853 3467 2029 3507 cruce

2144 3454 2224 3508 ire
2250 3453 2414 3528 τύχῃ,
2448 3451 2549 3508 οὐκ
2586 3451 2639 3507 έν
2683 3458 2765 3526 τῷ
2815 3458 3051 3528 σταυρῷ,
3109 3453 3237 3510 ἀλλ’
3306 3454 3358 3510 έν
3412 3461 3501 3528 τῷ
3559 3449 3772 3531 βιϐλίῳ,

379 3562 510 3602 esse
540 3545 757 3600 Christi
790 3544 1094 3613 verba,sed
1127 3545 1187 3598 in
1222 3543 1394 3607 tibro,
1428 3542 1679 3614 ideoque
1709 3541 1870 3595 hunc
1904 3556 1937 3594 a
1964 3556 2026 3595 se

2144 3542 2414 3616 λέγοντες,
2454 3541 2537 3597 ὅτι
2570 3541 2736 3615 Λόγοι
2759 3542 2857 3597 τοῦ
2909 3545 3143 3617 Χριστοῦ
3197 3544 3300 3599 εἰσι
3356 3545 3451 3599 καὶ
3503 3542 3591 3599 διὰ
3626 3546 3772 3597 τοῦτο

380 3634 635 3691 adorari.
670 3634 919 3701 Quidam
951 3651 1023 3689 ex
1054 3633 1199 3703 ipsis
1230 3649 1363 3687 cum
1395 3631 1624 3687 morbis
1654 3628 2027 3684 doloribusve

2144 3630 2316 3693 ιῦτοῖς
2371 3630 2676 3705 προσκυνοῦ
2686 3651 2799 3705 μεν.

2892 3632 2979 3688 Ἐν
3062 3632 3311 3703 ἀσθενείᾳ
3378 3630 3437 3688 δὲ
3491 3633 3579 3688 ναὶ
3633 3630 3771 3700 πόνῳ

378 3728 753 3796 premuntur,
797 3739 1033 3779 crucem
1083 3721 1194 3776 sibi
1251 3722 1597 3792 imponunt;
1637 3718 2028 3787 eamdemque

2144 3720 2270 3782 τινὲς
2303 3718 2352 3791 ἐξ
2385 3718 2561 3775 αὐτῶν
2610 3719 2700 3775 ὅτε
2766 3720 3122 3794 περιπέσωσι,
3178 3720 3269 3775 τὸν
3322 3723 3550 3797 σταυρὸν
3614 3719 3773 3775 ἐπιτι-

375 3818 615 3883 recepta
646 3812 900 3867 sanitate
930 3809 1396 3882 confringunt,in
1427 3808 1621 3880 ignem
1654 3806 2029 3877 abjiciuntac

2144 3809 2305 3865 léactv
2374 3809 2608 3870 ἑαυτοῖς·
2684 3807 2774 3863 καὶ
2870 3808 3073 3883 ὑγιείας
3163 3809 3528 3889 τυγχάνοντες
3618 3806 3770 3864 πάλιν

379 3907 669 3970 cremant,
705 3905 808 3956 aut
838 3901 1013 3955 etiam
1046 3899 1413 3954 conculcant.
1447 3898 1595 3951 Sunt
1625 3896 1780 3951 inter
1796 3912 1897 3950 eos
1926 3895 2028 3965 qui

2144 3897 2292 3953 ιιύτὸν
2326 3901 2607 3972 συγκλῶσι
2637 3896 2729 3952 καὶ
2769 3898 2844 3959 εἰς
2895 3901 3002 3971 πῦρ
3063 3896 3332 3972 βάλλουσι
3392 3900 3485 3954 καὶ
3542 3899 3768 3955 καίουσιν

384 3990 644 4045 infantes
698 4006 836 4045 suos
885 4006 919 4044 a
958 3989 1179 4044 nostris
1227 3985 1587 4059 presbyteris
1620 3984 1898 4057 baptizari
1933 4001 2030 4040 cu-

2130 3988 2165 4057 ἢ
2196 3990 2598 4043 καταπατοῦσιν
2637 3986 2819 4043 αὐτόν·
2884 3987 3035 4049 Τινὲς
3096 3984 3154 4042 δὲ
3210 3986 3261 4059 ἐξ
3316 3989 3500 4044 αὐτῶν
3551 3989 3615 4043 τὰ
3665 4006 3775 4040 παι-

385 4085 539 4136 rent.
589 4079 702 4134 Alii
753 4081 814 4135 in
865 4086 1132 4135 nostram
1200 4077 1663 4132 orthodoxorum
1706 4075 2029 4132 Ecclesium

2144 4074 2222 4130 Βία
2278 4076 2482 4130 ἑαυτῶν
2548 4074 2901 4148 βαπτίζουσιν
2961 4075 3065 4129 ὑπὸ
3128 4081 3241 4130 τῶν
3328 4076 3609 4151 ἡμετέρων
3660 4091 3773 4146 πρεο

380 4188 515 4226 cum
547 4170 811 4238 veniunt,
846 4169 1075 4225 occulte
1106 4166 1570 4233 communicant,
1602 4172 1667 4221 ut
1696 4182 1765 4221 eo
1796 4164 2029 4221 facilius

2144 4158 2424 4239 τϐυτέρων.
2487 4168 2704 4239 ’Έτεροι
2762 4160 2821 4218 δὶ
2874 4162 3250 4238 εἰσερχόμενοι
3313 4163 3366 4219 ὲν
3423 4169 3497 4239 τῇ
3546 4160 3773 4234 ἡμετέρᾳ

381 4257 846 4329 simplicioribus
878 4258 1208 4329 imponant.
1244 4254 1592 4327 ﬂujusmodi
1623 4254 1850 4311 artibus
1874 4272 1942 4309 ac
1961 4254 2034 4309 si-.

377 4347 803 4403 mulationibus
833 4346 872 4400 ii
895 4345 1394 4410 utentes,interim
1413 4344 1637 4414 absque
1667 4343 1791 4399 ullo
1830 4344 2035 4398 discri-

2134 4250 2404 4324 ἐκκλησίᾳ
2487 4256 2595 4307 τῶν
2683 4248 2987 4327 ὀρθοδόξων
3063 4250 3376 4322 λεκηθότως
3439 4244 3776 4325 μεταλαμόάο

2133 4361 2285 4396 νουσι
2317 4343 2430 4414 (80)
2458 4341 2595 4416 πρὸς
2654 4340 2886 4396 πλείονα
2943 4339 3267 4412 ἐξαπάτησιν
3319 4345 3429 4395 τῶν
3484 4338 3772 4396 ἁπλουστέ-

387 4437 550 4491 mine
580 4442 639 4491 et
659 4441 822 4491 metu
849 4435 1046 4489 omnis
1066 4433 1301 4505 generis
1324 4431 1558 4487 libidini
1584 4436 1641 4487 et
1660 4432 2029 4487 obscaanitati

2144 4454 2261 4510 ρων.
2322 4435 2451 4493 Ταῖς
2526 4430 2804 4495 τοιαύταις
2881 4427 3184 4502 μεθοδείαις
3267 4430 3359 4484 καὶ
3466 4428 3773 4498 ὑποκρίσισι

381 4531 610 4591 vacant,
638 4524 975 4595 promiscue
1027 4528 1344 4593 utrumque
1390 4538 1597 4576 sexum
1655 4521 1893 4577 lascivia
1927 4539 2029 4578 sua

2144 4523 2448 4598 χρώμενοι,
2509 4520 2653 4594 πάσῃ
2736 4517 3009 4575 ἀκολασία
3088 4519 3178 4573 καὶ
3241 4524 3470 4594 μιασμῷ
3536 4520 3770 4590 ἑκατέρας

379 4612 690 4679 ΐωάειιιῐεε,
721 4609 957 4681 quando
979 4608 1254 4664 nonnulli
1285 4608 1356 4664 de
1386 4625 1591 4664 eorum
1622 4625 1867 4679 corpore
1901 4616 2028 4665 tan-

2144 4581 2447 4686 ἷᾷθρῶπωᾴ
2499 4581 2708 4688 φύσεως
2767 4604 3079 4685 ἀδιαφόρως
3134 4581 3252 4662 καὶ·
3282 4581 3453 4670 ἀδεῶς
3519 4581 3769 4684 χρῶνται.

382 4705 507 4755 tum
540 4698 905 4769 parentibus,
940 4704 998 4754 et
1021 4697 1261 4770 quidem
1294 4697 1569 4769 propriis,
1604 4696 2026 4754 abstinendum

2144 4700 2292 4762 Τινὲς
2323 4698 2380 4754 δὲ
2417 4697 2470 4771 ἐξ
2494 4699 2668 4755 αὐτῶν
2710 4700 2847 4772 πρὸς
2893 4696 3024 4761 τοὺς
3074 4702 3249 4774 γονεῖς
3295 4698 3387 4752 καὶ
3444 4697 3606 4772 μόνον
3659 4697 3773 4750 ἑαυ-

386 4788 720 4862 perhibent.

452 4882 626 4934 Anno
679 4881 743 4934 16
792 4879 1114 4949 imperator
1160 4878 1222 4932 in
1270 4876 1534 4931 Slavinos
1591 4875 2028 4946 expeditionem

378 4969 538 5036 fecit,
575 4969 900 5039 multisque
930 4966 1120 5038 captis
1147 4970 1204 5020 et
1232 4963 1482 5035 imperio
1514 4979 1620 5018 suo
1642 4962 1903 5019 subactis
1922 4965 2027 5021 do-

453 5068 501 5105 ²⁰
527 5070 696 5125 Joan.
729 5085 801 5138 Iv,
832 5070 916 5122 10.
994 5068 1036 5103 ²¹
1070 5064 1273 5120 Matth.
1306 5081 1360 5132 χ,
1391 5063 1481 5122 33.

2133 4794 2241 4845 τῶν
2275 4786 2617 4867 διαφέρεσθαι
2652 4786 2891 4862 λέγουσι.

2205 4883 2294 4950 Τῷ
2325 4884 2391 4942 ις’
2420 4876 2526 4933 ἔτει
2582 4876 2992 4951 ἐπεστράτευσεν
3038 4875 3067 4929 ὁ
3116 4873 3371 4949 βασιλεὺς
3420 4875 3558 4930 κατὰ
3603 4868 3773 4929 Σκλα-

2137 4961 2301 5021 ϐίνων
2335 4968 2469 5040 (81),
2499 4966 2591 5021 καὶ
2651 4961 2906 5026 πολλοὺς
2963 4962 3383 5041 αἰχμαλωτίσας
3441 4962 3769 5036 ὑπέστρεψεν.

1570 5190 1931 5247 XYLANDRI
1977 5194 2065 5249 ET
2105 5195 2321 5251 GOARI
2364 5194 2585 5250 ΝΟΤᾸΕ.

452 5311 562 5380 (79)
603 5312 788 5367 Credo
820 5328 956 5367 eum
994 5310 1246 5365 innuere
1269 5308 1487 5363 librum
1518 5306 1781 5380 aliquem
1802 5309 2027 5365 theolo-

376 5379 569 5454 gicum
602 5400 637 5436 a
675 5400 736 5437 se
767 5382 1199 5453 conscriptum;
1232 5380 1333 5454 qui
1364 5379 1633 5454 fortassis
1664 5395 1784 5454 non
1809 5397 1943 5454 mag

378 5448 515 5528 cum
549 5469 745 5528 rerum
768 5448 1538 5528 jactura—intercidit.‘Quid
1579 5450 1627 5506 si
1658 5451 1773 5507 fuit
1813 5448 2026 5528 δογμα-

380 5523 507 5605 τι.κὴ
540 5522 835 5607 πανρπλία,
868 5530 1171 5606 armatura
1197 5523 1385 5595 (puto)
1418 5528 1627 5607 contra
1651 5540 1873 5607 pr_ava_s_
1893 5522 2026 5607 opi-

2138 5317 2206 5368 ut
2234 5311 2406 5383 plura
2433 5311 2508 5366 iis
2537 5328 2669 5383 quas
2700 5311 2781 5366 ibi
2820 5310 3157 5365 referantur
3207 5310 3271 5364 in
3320 5309 3423 5367 illa
3469 5312 3549 5366 sis
3579 5310 3771 5364 inven-

1953 5398 2028 5437 na
2138 5382 2328 5439 turus.
2362 5382 2497 5438 Χγῐ..

2229 5455 2319 5521 80)
2351 5454 2654 5510 Accedunt
2681 5454 2757 5509 ad
2786 5468 3055 5508 mensam
3086 5451 3468 5511 dominicam.
3500 5455 3634 5509 ΧΠ..

2229 5526 2319 5598 81)
2351 5527 2538 5598 Supra
2565 5527 2627 5580 in
2655 5524 2978 5598 Justiniani
3002 5540 3159 5598 anno
3186 5527 3247 5580 31
3301 5524 3582 5583 Sthlavini
3629 5521 3764 5578 scri-

381 5595 593 5669 niones
626 5595 696 5669 de
716 5595 905 5669 rebus
934 5596 1139 5669 sacris,
1173 5594 1304 5669 quas
1335 5594 1534 5669 supra,
1564 5594 1671 5669 ubi
1705 5596 1777 5651 de
1825 5594 2025 5669 Malio-
2136 5594 2377 5669 buntur,
2408 5594 2467 5654 e't
2495 5596 2709 5653 deinde
2735 5595 3072 5669 aliquoties.
3104 5596 3243 5652 ΧΠ..

385 5665 527 5722 meti
558 5664 785 5721 deliriis
809 5666 1101 5733 narrat,in
1122 5666 1387 5738 margine
1412 5664 1738 5738 citatur,ita
1758 5667 2023 5739 quidem.
