4108 6300
347 343 470 408 833

1492 353 2027 419 HISTORlARUM
2072 359 2622 430 COMPENDIUM.

3620 368 3752 430 834

336 478 523 544 Οὗτος
555 483 584 538 6
617 481 879 572 Κώνστας
909 483 985 557 μὴ
1019 479 1271 555 δυνηθεὶς
1295 487 1387 541 τὸν
1422 487 1577 562 ἅγιον
1617 488 1869 564 Μάξιμον
1919 489 1976 543 εί‹

2113 512 2277 553 mum
2307 499 2502 555 rediit.
2530 500 2693 557 Idem
2737 503 3025 558 Constans
3054 508 3257 559 sancto
3306 502 3577 572 Maximo,
3612 520 3747 559 cum

344 572 448 641 τὴν
479 572 673 626 ἑαυτοῦ
721 569 1042 644 κακοδοξίαν
1085 581 1445 652 μετενεγκεῖν,
1483 579 1584 648 τήν
1636 598 1695 633 τε
1742 579 1994 653 γλῶσσαν

342 659 435 714 καὶ
464 661 564 730 τήν
597 665 761 738 χεῖρα
790 661 954 715 αὐτοῦ
983 661 1242 737 ἀπέκοψε,
1302 665 1399 719 Καὶ
1449 665 1543 720 τὸν
1597 666 1747 742 ἅγιον
1790 669 2001 741 Μαρτῖ-

340 769 433 803 νον
462 748 645 803 πάπαν
676 749 902 823 Ῥώμης
936 749 1157 825 ἐξώρισε
1188 749 1278 807 διά
1314 754 1379 809 τὸ
1410 752 1734 831 ἐλέγχεσθαι
1787 755 1876 810 ὑπ’
1905 757 2000 810 αύ-

342 842 453 893 τῶν
484 838 547 892 τὸ
584 838 954 911 μονοθέλητον
986 841 1156 895 αὐτοῦ
1188 838 1387 916 δόγμα.

416 1021 507 1089 Τῷ
542 1019 605 1086 ιζ’
653 1012 756 1072 ἔτει
804 1014 1022 1082 Μαϐίας
1063 1021 1092 1075 6
1121 1025 1227 1075 τῶν
1270 1016 1518 1096 Ἀράϐων
1563 1023 1809 1099 ἀρχηγὸς
1859 1025 1993 1097 μετᾶ

339 1111 513 1162 ταῦτα
542 1102 832 1181 ἐπρέσϐευε
886 1109 1011 1182 περὶ
1069 1109 1294 1185 εἰρήνης
1346 1112 1483 1184 πρὸς
1530 1112 1857 1167 Κώνσταντα
1905 1109 1995 1168 διὰ

348 1194 448 1262 τὴν
482 1192 558 1255 εἷς
591 1192 750 1249 αὐτὸν
781 1194 1084 1268 γενομένην
1118 1196 1224 1251 ὗπὸ
1259 1200 1368 1252 τῶν
1400 1194 1648 1274 Ἀράϐων
1687 1198 1992 1275 άνταρσίαν,

346 1281 438 1337 καὶ
468 1279 552 1337 ἵνα
580 1280 812 1338 τελῶσιν
845 1283 977 1357 ὑπὲρ
1008 1291 1109 1354 τῆς
1139 1285 1402 1357 τοιαύτης
1429 1287 1653 1361 εἰρήνης
1686 1293 1804 1350 τοῖς
1857 1291 1993 1346 Ῥω-

351 1370 533 1443 μαίοις
565 1372 618 1424 οἱ
646 1366 882 1445 Ἃραϐες
911 1374 1031 1437 καθ’
1070 1373 1280 1450 ἡμέραν
1323 1375 1637 1448 νομίσματα
1683 1376 1848 1454 χίλια
1897 1378 1986 1433 καὶ

335 1457 518 1515 ’ίππον
547 1459 639 1514 καὶ
671 1456 887 1519 δοῦλον.
917 1463 978 1518 '0
1008 1458 1065 1517 δὲ
1094 1461 1192 1517 ούκ
1221 1463 1460 1535 ἐπείσθη.

407 1551 508 1621 Τῷ
542 1549 612 1619 ιη’
642 1547 747 1604 ἔτει
787 1549 968 1606 ἀνεῖλε
1019 1551 1276 1614 Κώνστας
1323 1553 1351 1606 6
1394 1554 1650 1627 βασιλεὺς
1700 1551 1986 1610 θεοδόσιον

335 1637 430 1692 τὸν
474 1634 619 1692 ἴδιον
672 1636 928 1716 ἀδελφόν⁸
987 1638 1480 1714 σκανδαλιζόμενος
1536 1643 1640 1717 γὰρ
1701 1643 1777 1706 εἰς
1825 1643 1987 1698 αὐτὸν

330 1722 510 1802 ἔκειρε
533 1726 795 1801 πρότερον
841 1728 1004 1783 αὐτὸν
1060 1726 1150 1783 διὰ
1200 1728 1418 1785 Παύλου
1472 1733 1821 1808 πατριάρχου
1877 1730 1988 1787 διά-

328 1834 516 1884 κονον,
549 1814 610 1878 ὃς
653 1816 744 1870 καὶ
806 1813 1078 1889 μετέδωκε
1131 1822 1211 1890 τῷ
1271 1817 1489 1894 βασιλεῖ
1528 1822 1636 1874 τῶν
1692 1817 1980 1896 ἀχράντων

331 1904 647 1979 μυστηρίων
680 1903 732 1959 ἐν
764 1906 906 1983 ἁγίῳ
936 1907 1209 1983 ποτηρίῳ.
1240 1910 1339 1969 "Oc
1398 1908 1532 1981 μετὰ
1578 1909 1677 1977 τήν
1717 1906 1973 1976 τελευτὴν

325 1992 495 2048 αὐτοῦ
537 1996 656 2049 καθ’
686 1994 886 2057 ὕπνους
941 2001 1157 2070 συχνῶς
1214 1995 1461 2073 ἐφαίνετο
1517 1997 1682 2068 αὐτῷ,
1727 1993 1977 2051 διακόνου

326 2086 511 2160 φορῶν
540 2081 768 2152 στολὴν,
802 2084 893 2138 καὶ
926 2081 1202 2146 ἐπιδιδοὺς
1242 2087 1507 2161 ποτήριον
1536 2085 1769 2159 αἳματος
1798 2079 1974 2162 ἔλεγε·

325 2170 446 2240 Ille,
474 2171 520 2225 ὧ
550 2169 770 2251 ἀδελφέ.
798 2175 957 2237 Ὅθεν
991 2172 1294 2245 ἐκκαγήσας
1325 2176 1353 2229 6
1392 2172 1600 2248 ἄθυμος
1642 2178 1808 2230 ταῦτα
1849 2176 1975 2251 ὁρᾷν

330 2258 596 2335 ἐσκέψατο
622 2259 903 2316 κατελθεῖν
937 2261 988 2317 ἐν
1023 2261 1270 2334 Σικελίᾳ.
1303 2261 1629 2319 Καταλιπὼν
1684 2261 1777 2317 οὖν
1822 2262 1877 2318 ἐν
1906 2270 1975 2339 τῇ

327 2347 491 2404 πόλει
520 2351 622 2420 τήν
649 2370 708 2405 τε
736 2356 964 2428 γυναῖκα
988 2351 1079 2407 καὶ
1107 2350 1235 2417 τοὺς
1261 2357 1406 2427 τρεῖς
1447 2353 1622 2422 υἱοὺς,
1652 2352 1742 2407 καὶ
1797 2350 1974 2408 εἰσελ-

323 2437 434 2502 θὼν
467 2437 544 2500 εἰς
571 2435 662 2493 ἕνα
689 2443 801 2494 τῶν
842 2437 1147 2515 δρομώνων
1206 2439 1298 2496 καὶ
1344 2441 1665 2517 ἀναχωρῶν,
1720 2441 1973 2516 στραφεὶς

324 2528 578 2584 ένέπτυσε
603 2532 675 2603 τῇ
708 2527 1072 2605 βασιλευούσῃ
1128 2529 1313 2602 πόλει,
1359 2530 1450 2585 καὶ
1498 2530 1670 2592 οὕτως
1716 2528 1971 2589 ἀπέπλει.

327 2614 486 2674 Ἀλλ’
518 2614 644 2673 οὐδὲ
673 2620 760 2691 [Ρ.
794 2620 925 2692 436]
956 2617 1010 2674 έν
1045 2617 1275 2691 Σικελίᾳ
1321 2614 1651 2694 διατρίϐοντι
1696 2618 1910 2689 ἀπέπτη
1943 2620 1972 2673 6

329 2704 538 2778 ὄνειρος
568 2706 657 2760 ἀπ’
689 2707 875 2766 αὐτοῦ.
929 2702 1269 2764 Καταλαϐὼν
1308 2705 1366 2762 δὲ
1416 2707 1761 2781 Συράκουσαν
1808 2708 1971 2763 πόλιν

327 2801 432 2864 τῆς
462 2793 713 2859 Σικελίας
744 2792 1006 2872 διέτριϐεν
1046 2797 1100 2852 ἐν
1126 2796 1286 2871 αὐτῇ,
1322 2796 1664 2870 βουλόμενος
1693 2795 1746 2851 ἐν
1777 2797 1969 2872 Ῥώμῃ

323 2885 429 2954 τήν
462 2883 740 2959 βασιλείαν
789 2894 1122 2961 μεταστῆσαι
1178 2885 1269 2942 διὰ
1322 2887 1387 2942 16
1447 2893 1749 2960 μισηθῆναι
1805 2885 1968 2942 αὐτόν

323 2971 429 3026 ὑπὸ
458 2977 567 3027 τῶν
597 2974 903 3044 Βυζαντίων
936 2975 1012 3039 ὡς
1068 2975 1454 3046 Μονοθελήτην
1505 2975 1594 3030 καὶ
1654 2972 1968 3047 κακόδοεον.

320 3059 529 3134 Πέμπει
562 3060 656 3117 οὖν
679 3063 905 3140 ἀγαγεῖν
935 3067 1039 3134 τήν
1086 3069 1313 3139 γυναῖκα
1360 3063 1452 3118 καὶ
1496 3064 1624 3127 τοὺς
1677 3063 1827 3126 υἱοὺς
1871 3063 1971 3118 αύ-

313 3153 433 3204 τοῦ·
463 3150 515 3205 οἱ
546 3148 605 3206 δὲ
636 3154 919 3221 Βυζάντιοι
952 3174 1056 3208 ουκ
1094 3151 1364 3209 ἀπέλυσαν
1393 3152 1609 3215 αὐτούς.

383 3340 479 3412 Τῷ
502 3340 584 3404 κς“
613 3333 718 3395 ἔτει
748 3340 986 3397 ἀπέλυσε
1024 3337 1249 3406 Μαϐίας
1277 3343 1370 3397 τὸν
1427 3342 1544 3397 υἱὸν
1591 3343 1761 3397 αύτοῦ
1807 3339 1971 3412 Ἑζήδ

327 3431 467 3504 μετά
494 3426 760 3507 Βαρϐάρω
800 3431 1028 3488 πολλῶν
1077 3432 1213 3487 κατὰ
1266 3432 1576 3506 Ῥωμαίων·
1634 3433 1724 3487 καὶ
1778 3431 1973 3497 έλθόν-

318 3540 411 3584 τες
440 3520 519 3581 εἷς
548 3520 888 3592 Χαλκηδόνα
918 3521 1361 3597 ᾐχμαλώτευσαν
1389 3520 1663 3584 πολλούς.
1724 3519 1973 3598 ΙΙαρέλα-

319 3604 417 3664 ϐον
448 3606 506 3665 δὲ
532 3609 623 3665 καὶ
661 3612 725 3665 τὸ
752 3612 1031 3685 Ἀμώριον
1060 3618 1162 3681 τῆς
1202 3612 1468 3687 Φρυγίας,
1500 3611 1590 3666 καὶ
1649 3611 1867 3689 ἀφέντες
1897 3612 1973 3674 εἷς

322 3699 574 3774 φυλακήν
600 3699 768 3754 αὐτοῦ
799 3697 1062 3775 χιλιάδας
1101 3701 1261 3755 πέντε
1316 3697 1517 3774 ἄνδρας
1569 3698 1836 3762 ἐνόπλους
1887 3700 1975 3755 ἀν-

230 3780 239 3787 ’
326 3786 574 3861 έκαμψαν
607 3787 684 3849 εἷς
716 3788 931 3863 Συρίαν.
963 3791 1238 3861 Χειμῶνος
1273 3785 1330 3842 δὲ
1361 3790 1654 3865 γενομένου
1700 3787 1907 3862 πέμπει
1945 3790 1974 3844 6

327 3874 586 3949 βασιλεὺς
615 3876 709 3930 τὸν
765 3872 1225 3952 κουϐικουλάριον
1284 3874 1555 3949 Ἀνδρέαν.
1607 3878 1709 3933 Καὶ
1754 3876 1975 3949 πολλῆς

322 3961 491 4035 οὔσης
524 3965 714 4039 χιόνος
736 3965 790 4020 έν
821 3965 972 4021 νυκτί
1026 3961 1462 4037 καταλαμϐάνει,
1513 3965 1602 4021 καὶ
1661 3963 1751 4021 διὰ
1797 3966 1972 4036 ξύλων

319 4052 608 4128 ἀνέρχεται
650 4053 738 4109 ἐπὶ
765 4056 829 4110 τὸ
859 4061 1076 4130 τεῖχος,
1107 4056 1195 4110 καὶ
1230 4055 1536 4130 εἰσέρχεται
1569 4055 1646 4118 εἰς
1675 4056 1737 4110 τὸ
1782 4056 1974 4127 Ἀμώ-

323 4162 462 4218 ριον,
494 4143 584 4198 καὶ
613 4142 807 4199 κτείνει
839 4143 936 4207 τὰς
967 4144 1131 4199 πέντε
1162 4141 1425 4219 χελιάδας
1450 4149 1562 4198 τῶν
1617 4138 1867 4218 Ἀράϐων
1898 4144 1973 4207 ὡς

325 4232 403 4305 μὴ
446 4232 849 4310 ὑπολειφθῆναι
878 4230 972 4287 ἕνα
1006 4231 1056 4303 ἐξ
1082 4233 1284 4290 αὐτῶν.

391 4322 485 4393 Τῷ
508 4322 589 4390 κζ’
616 4319 722 4377 ἔτει
768 4319 1148 4399 ἐδολοφονήθη
1209 4323 1237 4376 6
1301 4320 1558 4392 βασιλεὺς
1614 4320 1867 4384 Κώνστας
1924 4320 1977 4377 ἔν

324 4410 642 4486 Συρακούσῃ
671 4417 774 4479 τῆς
808 4409 1092 4479 Σικελίας,
1121 4411 1178 4466 ἐν
1229 4415 1311 4482 τῷ
1357 4409 1628 4484 βαλανείῳ
1683 4411 1713 4465 ὃ
1757 4408 1975 4487 λέγεται

2099 601 2234 639 eum
2265 587 2338 641 ad
2369 606 2562 660 pravas
2593 592 2905 646 sententiae
2935 594 3278 648 societatem
3301 593 3625 664 perducere
3648 610 3747 648 ne-

2097 674 2313 743 quiret,
2372 676 2637 750 linguam
2699 680 2846 735 762
2905 686 2963 733 et
3018 697 3259 735 manum
3317 680 3608 748 abscidit;
3680 698 3747 736 ac

2095 770 2365 818 sanctum
2418 766 2729 821 Martinum
2780 770 2977 823 Romae
3026 770 3370 840 episcopum
3438 770 3742 842 relegavit.

2095 851 2282 907 Causa
2312 853 2734 926 indignationis
2773 856 2835 910 in
2883 860 3199 928 utrumque
3247 857 3358 912 fuit
3411 857 3745 929 improbata

2096 941 2644 1011 Monotheletarum,
2678 944 2769 998 cui
2798 944 2924 1016 ipse
2954 945 3204 1014 favebat,
3231 948 3545 1001 sententia.

2166 1032 2335 1086 Anno
2370 1035 2433 1086 l7
2482 1032 2720 1102 Mabias,
2753 1034 3014 1088 Arabum
3062 1035 3335 1105 princeps
3369 1052 3611 1090 suorum
3644 1052 3738 1090 se-

2095 1118 2318 1174 ditione
2349 1123 2712 1192 compulsus,
2746 1122 2818 1177 de
2850 1139 2992 1193 pace
3042 1123 3302 1178 ineunda
3330 1123 3402 1177 ad
3450 1125 3737 1178 Constan-

2093 1211 2212 1261 tem
2263 1209 2443 1277 misit,
2495 1210 2624 1281 ejus
2672 1211 2833 1281 pacis
2879 1210 3118 1265 nomine
3169 1210 3232 1264 in
3280 1211 3545 1281 singulos
3610 1212 3738 1266 dies

2091 1295 2163 1351 ab
2195 1296 2482 1353 Arabibus
2516 1298 2680 1353 mille
2722 1315 3002 1354 nummos
3027 1299 3355 1371 depensum
3386 1299 3458 1352 iri
3490 1300 3738 1369 promit-

2091 1388 2244 1453 tens,
2274 1390 2332 1439 et
2368 1402 2586 1456 equum
2633 1403 2888 1444 servum.
2955 1388 3162 1442 Verum
3192 1386 3249 1440 id
3280 1387 3568 1442 Constans
3616 1403 3736 1441 non

2095 1473 2358 1528 admisit.

2160 1565 2330 1618 Anno
2386 1566 2455 1619 l8
2501 1564 2792 1621 Constans
2846 1581 3194 1637 germanum
3254 1581 3427 1620 suum
3492 1564 3737 1620 fratrem

2088 1651 2479 1707 Theodosium
2511 1653 2829 1717 interfecit,
2864 1671 2996 1709 cum
3031 1653 3271 1724 quidem
3304 1658 3438 1708 ante
3472 1654 3735 1709 offensus

2087 1738 2161 1794 ab
2192 1756 2260 1794 eo
2292 1757 2473 1812 opera
2500 1742 2666 1797 Pauli
2685 1742 3036 1813 patriarcha)
3070 1747 3309 1797 tonsum
3343 1742 3577 1797 diaconi
3611 1759 3738 1796 mu-

2089 1845 2231 1884 nere
2306 1831 2621 1896 affecisset,
2671 1832 2743 1886 ab
2807 1848 2995 1902 eoque
3069 1831 3195 1903 ipse
3254 1836 3456 1886 sancto
3524 1830 3737 1903 poculo

2089 1920 2479 1975 sacrosanctis
2511 1920 2810 1992 mysteriis
2849 1921 3188 1992 imper-titus
3236 1920 3465 1975 fuisset.
3517 1921 3569 1973 Is
3600 1935 3737 1991 ergo

2085 2009 2449 2065 Theodosius
2506 2026 2540 2065 a
2595 2017 2785 2065 morte
2845 2028 2951 2065 sua
2999 2011 3301 2065 Constanti
3367 2011 3574 2065 crebro
3630 2026 3738 2080 per

2074 2099 2349 2169 quietem
2380 2098 2538 2154 visus
2594 2105 2703 2170 est,
2734 2099 2941 2154 habitu
2987 2099 3244 2165 diaconi,
3292 2100 3573 2170 poculum
3605 2115 3735 2153 san-

2085 2187 2261 2258 guine
2286 2187 2529 2259 plenum
2546 2188 2856 2259 porrigens
2871 2194 3051 2259 atque
3074 2187 3312 2256 dicens;
3360 2187 3733 2256 Bibe,frater,

2085 2277 2226 2348 Ejus
2256 2277 2361 2331 visi
2393 2277 2711 2332 acerbitate
2731 2279 2916 2332 victus
2949 2276 3156 2332 infelix
3186 2278 3508 2348 imperator
3529 2276 3737 2332 statuit

2086 2365 2148 2419 in
2174 2363 2434 2420 Siciliam
2454 2366 2638 2420 abire.
2666 2368 2868 2437 Itaque
2886 2365 3104 2421 inurbe
3124 2364 3468 2435 relinquens
3489 2379 3734 2418 uxorem

2085 2459 2143 2509 et
2172 2459 2291 2508 tres
2321 2453 2477 2509 filios
2507 2454 2767 2509 celocem
2799 2454 3146 2509 conscendit
3172 2471 3187 2519 ;
3239 2468 3493 2523 cumque
3534 2451 3734 2506 solvis-

2093 2547 2531 2612 set,conversus
2545 2547 2703 2598 retro
2718 2544 2929 2598 urbem
2948 2543 3180 2614 imperii
3203 2541 3409 2596 cedem
3431 2540 3725 2610 conspuit,

2084 2631 2196 2686 Sed
2228 2649 2301 2687 ne
2332 2632 2396 2686 in
2435 2631 2635 2688 Sicilia
2664 2632 2905 2703 quidem
2934 2632 3300 2688 insomnium
3341 2630 3489 2684 illud
3521 2645 3731 2684 vexare

2081 2721 2463 2775 Constantem
2493 2721 2687 2775 desiit.
2723 2722 3041 2791 Syracusas
3075 2720 3185 2775 sibi
3234 2719 3471 2790 delegit,
3514 2718 3613 2772 ubi
3646 2718 3732 2772 vi-

2082 2814 2202 2863 tam
2233 2815 2448 2881 ageret.
2480 2810 2696 2864 Statuit
2751 2809 3068 2880 imperium
3100 2811 3345 2864 Romam
3376 2807 3724 2871 transferre,

2082 2913 2215 2951 cum
2250 2897 2473 2951 invisus
2530 2897 2817 2967 Byzantiis
2865 2901 3019 2951 esset
3071 2895 3144 2950 ob
3196 2894 3725 2949 Monotheletarum

2081 2987 2336 3041 haeresin
2367 2989 2631 3059 aliasque
2684 3005 2891 3060 pravas
2922 2989 2993 3042 de
3038 2987 3322 3058 religione
3377 2986 3723 3041 sententias.

2080 3076 2235 3129 Misit
2291 3092 2427 3148 ergo
2483 3077 2633 3131 763
2691 3077 2792 3147 qui
2849 3092 3093 3130 uxorem
3149 3080 3206 3130 et
3270 3075 3489 3129 liberos
3538 3072 3726 3127 abdu-

2079 3170 2281 3220 cerent
2313 3181 2326 3218 :
2362 3165 2466 3220 sed
2522 3165 2676 3220 hanc
2715 3182 2852 3219 cum
2907 3164 3112 3219 liberis
3144 3163 3403 3236 Byzantii
3462 3161 3727 3217 detinue-

1996 3224 2040 3292 θ
2078 3257 2240 3308 runt.

2151 3343 2320 3396 Anno
2349 3344 2417 3396 26
2449 3341 2668 3397 Mabias
2717 3341 2906 3397 filium
2963 3359 3136 3397 suum
3170 3341 3402 3396 Izedum
3433 3357 3569 3395 cum
3608 3354 3735 3394 ma-

2080 3430 2211 3502 gnis
2240 3430 2560 3486 barbarum
2616 3431 2803 3502 copiis
2858 3431 3140 3486 adversus
3198 3432 3500 3486 Romanus
3542 3429 3725 3483 misit.

2082 3521 2151 3574 Hi
2182 3537 2317 3576 cum
2346 3521 2647 3576 venissent
2669 3520 3125 3587 Chalcedonem,
3186 3520 3407 3575 multos
3466 3518 3728 3590 captivos

2081 3609 2474 3665 abduxerunt.
2506 3610 2681 3664 Potiti
2705 3610 2883 3664 etiam
2912 3615 3050 3664 sunt
3077 3610 3317 3663 Amorio
3333 3609 3602 3680 Phrygia:
3624 3624 3725 3661 ur-

2079 3698 2153 3753 be
2182 3715 2197 3765 ;
2231 3699 2432 3768 ibique
2459 3715 2564 3769 pro
2595 3698 2872 3769 praasidio
2898 3698 3123 3752 relictis
3154 3701 3258 3751 600
3317 3696 3561 3751 armatis
3592 3695 3731 3749 viris

2084 3788 2146 3842 in
2175 3787 2403 3859 Syriam
2433 3786 2757 3841 redierunt.
2795 3787 2997 3841 Hieme.
3036 3785 3191 3840 facta
3248 3785 3571 3855 imperator
3616 3786 3730 3837 An-

2083 3875 2286 3930 dream
2347 3875 2776 3930 cubicularium
2838 3875 3040 3942 mittit,
3101 3890 3237 3929 cum
3294 3873 3397 3927 nix
3472 3873 3734 3944 plurima

2075 3965 2324 4036 jaceret.
2386 3966 2441 4018 ls
2500 3968 2680 4018 noctu
2747 3980 2851 4035 per
2905 3963 3063 4035 ligna
3122 3964 3181 4017 in
3239 3979 3478 4018 murum
3538 3961 3732 4017 evadit

2082 4052 2328 4114 Amorii,
2359 4052 2689 4123 urbemque
2721 4068 3014 4122 occupans
3046 4051 3354 4107 occidione
3382 4050 3729 4122 praesidium

2081 4140 2386 4211 interﬁcit,
2419 4156 2494 4195 ne
2523 4157 2642 4196 uno
2687 4139 2927 4212 quidem
2960 4141 3032 4195 de
3063 4144 3166 4195 600
3196 4141 3327 4195 istis
3386 4141 3724 4211 superstite.

2152 4324 2322 4378 Anno
2366 4326 2434 4377 27
2484 4323 2806 4393 imperator
2852 4324 3140 4378 Constans
3172 4322 3474 4393 Syracusis
3512 4321 3575 4375 in
3605 4321 3730 4375 bal-

2082 4429 2216 4482 neo,
2248 4412 2343 4467 cui
2369 4412 2610 4483 Daphne
2636 4428 2877 4479 nomen,
2912 4411 3266 4467 interficitur
3293 4410 3450 4465 dolo.
3478 4410 3727 4474 Quidam

322 4499 529 4578 Δάφνη.
565 4501 897 4570 Συνεισῆλθε
936 4500 1038 4576 γάρ
1096 4521 1179 4563 τις
1236 4500 1386 4572 αύτῷ
1445 4496 1720 4573 Ἀνδρέας,
1760 4500 1852 4555 καὶ
1900 4500 1975 4562 ὡς

2089 4501 2243 4557 enim
2255 4500 2523 4556 Andreas
2535 4500 2816 4556 balneum
2832 4517 2953 4556 una
2965 4501 3265 4573 ingressus
3278 4500 3697 4570 imperatorem
3708 4540 3721 4564 ,

320 4576 524 4663 ἤρξατο
568 4591 883 4664 σμήχεσθαι
939 4590 968 4644 6
1026 4587 1300 4665 βασιλεὺς,
1350 4585 1578 4644 δέδωκεν
1626 4589 1789 4645 αὐτὸν
1839 4589 1975 4663 μετά

2089 4591 2223 4645 dum
2255 4590 2306 4645 is
2337 4606 2400 4645 se
2433 4594 2658 4662 tergere
2706 4590 2936 4661 incipit,
2967 4590 3111 4645 cado
3142 4589 3396 4662 graviter
3425 4587 3603 4659 capiti
3626 4588 3723 4643 in-

317 4680 419 4732 τοῦ
446 4673 654 4732 κάδδου
682 4679 821 4733 κατά
856 4685 955 4748 τῆς
995 4680 1237 4758 κορυφῆς
1266 4677 1358 4733 καί
1412 4676 1705 4734 ἀπέκτεινε.
1754 4678 1860 4736 Τὸν
1916 4675 1974 4733 δὲ

320 4764 546 4820 θάνατον
582 4765 747 4822 αὐτοῦ
777 4766 1086 4841 αὐθημερὸν
1118 4766 1354 4837 ἤκουσαν
1411 4766 1463 4821 ἐν
1517 4770 1586 4840 τῇ
1635 4766 1817 4835 πόλει,
1867 4788 1975 4844 φω-

320 4859 416 4922 νῆς
448 4852 507 4908 ἐκ
536 4859 635 4909 τοῦ
693 4856 851 4929 ἀέρος
906 4856 1240 4931 ἐνεχθείσης.
1304 4856 1410 4911 Καὶ
1468 4850 1876 4931 προϐάλλονται
1916 4858 1971 4910 οἱ

324 4942 687 5016 Συρακούσιοι
717 4945 970 5016 Μιζίζιον
1004 4945 1290 5020 Ἀρμένιον
1347 4943 1594 5019 βασιλέα,
1649 4945 1970 5019 βιασάμενοι

321 5031 507 5100 αὐτὸν,
542 5029 671 5088 ὄντα
710 5033 829 5090 λίαν
856 5034 1096 5110 εὐπρεπῆ
1158 5036 1248 5090 καὶ
1302 5034 1656 5109 ὡραιότατον.
1707 5033 1973 5100 ’Δκούσας

319 5116 378 5173 δέ
436 5122 843 5187 Κωνσταντῖνος
895 5123 996 5192 τήν
1051 5127 1148 5177 τοῦ
1203 5122 1409 5197 πατρὸς
1473 5117 1776 5178 ἀποϐίωσιν
1836 5125 1973 5197 μετά

314 5202 581 5278 πλείστης
612 5209 936 5272 ναυστολίας
963 5204 1370 5283 καταλαμϐάνει
1409 5210 1506 5278 τὴν
1555 5207 1831 5282 Σικελίαν,
1878 5211 1969 5266 καὶ

311 5296 571 5366 Μιζίζιον
603 5298 811 5373 ἀναιρεῖ
840 5298 933 5354 σὺν
968 5305 1046 5371 τῷ
1074 5305 1230 5378 φονεῖ
1256 5303 1354 5354 τοῦ
1404 5297 1547 5353 ἰδίου
1592 5299 1817 5372 πατρός.
1864 5300 1969 5356 Καὶ

308 5389 657 5456 καταστήσας
688 5388 753 5442 τά
805 5388 1059 5464 Ἐσπέρια
1109 5387 1199 5443 ἐπὶ
1258 5385 1830 5444 Κωνσταντινούπολιν
1879 5385 1966 5461 ἔρ-

307 5494 490 5553 χεται,
521 5475 874 5549 ἀποκομίσας
904 5477 995 5532 καὶ
1050 5476 1141 5532 τὸν
1185 5478 1369 5551 νεκρὸν
1408 5480 1506 5532 τοῦ
1555 5474 1700 5531 ῗδίου
1738 5478 1964 5552 πατρός.

310 5565 407 5620 Καὶ
435 5570 633 5620 τοῦτον
672 5567 767 5638 μὲν
796 5564 849 5621 έν
881 5571 960 5639 τῷ
1015 5571 1129 5639 ναῷ
1185 5573 1295 5622 τῶν
1347 5566 1550 5641 Ἀγίων
1611 5566 1965 5624 ’Λποστόλων

312 5655 455 5727 μετά
489 5656 903 5712 Κωνσταντίνου
953 5659 1051 5709 τοῦ
1106 5656 1307 5731 πατρὸς
1364 5655 1531 5711 αὐτοῦ
1587 5656 1963 5728 κατατίθησιν,

2082 4679 2242 4734 ﬂicto
2289 4684 2480 4734 necat.
2514 4680 2594 4733 De
2653 4684 2843 4734 morte
2894 4681 3249 4750 Constantis,
3308 4695 3378 4734 ea
3434 4678 3565 4749 ipsa
3604 4694 3722 4748 qua

2081 4768 2406 4823 exstinctus
2446 4774 2535 4822 est
2563 4768 2677 4836 die,
2712 4768 2773 4823 in
2799 4769 2945 4823 urbe
2992 4770 3293 4841 cognitum
3342 4772 3433 4822 est
3476 4783 3614 4822 voce
3647 4782 3720 4820 ex

2081 4874 2216 4914 aere
2248 4858 2463 4913 delata.
2498 4859 2851 4930 Syracusani
2884 4860 3165 4915 Mizizium
3218 4859 3563 4913 Armenium
3610 4857 3724 4911 im-

2082 4953 2414 5017 peratorem
2445 4952 2671 5013 creant,
2728 4946 2975 5002 invitum
3034 4948 3275 5019 quidem
3335 4951 3395 5001 et
3448 4962 3554 5017 per
3583 4945 3720 4999 vim.

2080 5036 2218 5091 Fuis
2249 5036 2299 5090 is
2328 5036 2505 5090 homo
2535 5034 2705 5108 longe
2752 5038 3278 5107 praestantissimus
3330 5036 3540 5089 forma.
3575 5035 3723 5089 Con-

2081 5124 2376 5181 stantinus
2426 5129 2617 5180 morte
2646 5126 2829 5196 patris
2875 5127 2964 5180 sui
2997 5126 3229 5197 cognita
3284 5140 3418 5179 cum
3466 5123 3726 5179 maxima

2078 5214 2267 5269 classe
2326 5213 2588 5267 Siciliam
2646 5220 2913 5284 occupat,
2947 5215 3226 5268 Mizizium
3258 5218 3315 5267 et
3379 5212 3565 5283 patris
3604 5228 3725 5268 una

2077 5318 2487 5374 percussorem
2520 5302 2817 5371 interﬁcit,
2853 5302 3148 5373 rebusque
3197 5299 3530 5357 Occidentis
3579 5318 3723 5357 con-

2078 5390 2299 5445 stitutis
2328 5390 2666 5460 Byzantium
2698 5391 2872 5459 redit,
2896 5391 3072 5446 allato
3105 5407 3305 5446 secum
3335 5390 3521 5462 patris
3553 5390 3723 5447 cada-

2075 5494 2211 5534 vere
2234 5495 2249 5544 ;
2269 5482 2445 5548 atque
2478 5478 2671 5533 hocin
2691 5478 2828 5535 fano
2850 5480 3262 5551 Apostolorum
3286 5481 3459 5553 juxta
3487 5484 3718 5553 patrem

2078 5569 2206 5640 ejus
2228 5564 2515 5621 condidit.
2539 5567 2828 5640 1641pse
2844 5570 3176 5625 Romanum
3199 5569 3516 5642 imperium
3539 5573 3722 5639 tenet,

2074 5656 2319 5728 collegis
2349 5654 2581 5712 Tiberio
2612 5663 2671 5713 et
2701 5657 2968 5715 Heraclio
3000 5658 3302 5716 fratribus.
3321 5660 3716 5716 Justinanum.
