4108 6300
479 307 600 367 835

1837 294 2152 358 GEORGII
2195 295 2530 360 OEDRENI

3774 305 3881 364 836

481 435 796 509 patricium
816 433 1006 491 sancti
1041 431 1318 488 Germani
1351 431 1702 504 patriarcha;
1759 435 1989 504 patrem
2037 445 2127 486 ca-

2245 427 2399 494 κύτὸς
2429 427 2486 490 δὶ
2519 430 2792 508 βασιλεύει
2826 433 3119 507 Ῥωμαίων
3151 433 3287 506 μετὰ
3315 427 3567 506 Τιϐερίου
3593 433 3692 490 καὶ
3726 436 3876 509 Ἦρα-

481 525 604 596 pite
636 523 925 579 truncavit
980 521 1095 589 hic,
1129 526 1186 576 et
1215 521 1569 578 Germanum
1620 520 1876 576 ferocius
1935 536 1997 574 se
2023 536 2126 591 ge-

480 619 710 668 rentem
742 611 1000 676 eviravit,
1033 610 1124 666 cui
1149 611 1431 682 Georgius
1459 610 1520 665 in
1546 609 1896 682 patriarcha:
1919 609 2126 681 digna-

480 702 705 756 tionem
737 699 1042 756 successit.

555 967 974 1024 Constantinus
1017 967 1354 1022 Constantis
1385 967 1542 1021 lilius
1583 975 1973 1042 cognomento
2004 973 2123 1026 Po—

483 1063 751 1132 gonatus,
785 1054 942 1126 quad
973 1071 1006 1108 a
1025 1053 1209 1108 barba
1239 1060 1327 1108 est
1355 1054 1618 1122 ductum,
1639 1074 1788 1113 verae
1819 1059 2126 1132 religionis

483 1146 804 1220 professor,
835 1143 1147 1216 imperavit
1174 1159 1362 1200 annos
1395 1147 1478 1199 17.
1504 1148 1703 1204 Annos
1733 1149 1966 1221 imperii
1997 1152 2126 1222 ejus

481 1238 676 1309 primo
709 1235 983 1291 Saraceni
1032 1233 1186 1288 bello
1219 1235 1422 1290 Africa;
1477 1235 1637 1292 illato
1693 1239 1762 1292 80
1817 1239 2126 1296 hominum

483 1325 678 1380 millia
704 1324 962 1396 captivos
1007 1323 1400 1380 abduxerunt.
1434 1325 1542 1390 Qui
1574 1342 1710 1382 vero
1749 1327 2125 1386 orientalium

481 1413 842 1486 populorum
873 1413 1170 1484 principes
1191 1418 1382 1483 erant,
1405 1413 1445 1468 ii
1469 1414 1858 1487 Chrysopolin
1887 1419 2126 1476 venien-

482 1509 572 1559 tes
601 1503 898 1572 dicebant,
931 1502 1072 1572 quia
1127 1503 1189 1556 in
1243 1503 1590 1560 Trinitatem
1623 1505 1954 1579 crederent,
1989 1509 2126 1564 ideo

484 1610 546 1648 se
579 1591 812 1648 duobus
843 1591 1126 1647 fratribus
1155 1593 1455 1664 Pogonato
1489 1592 1784 1664 adjunctis
1815 1601 1934 1652 tres
1976 1598 2127 1653 velle

484 1681 702 1736 habere
736 1681 1148 1753 impecatores.
1192 1683 1272 1735 Ea
1299 1697 1394 1736 res
1451 1683 1904 1741 Constantinum
1935 1692 2130 1758 petur-

2232 518 2418 574 κλείου
2447 523 2558 574 τῶν
2613 518 2766 577 ῗδίων
2823 517 3088 600 ἀδελφῶν.
3141 523 3410 596 Ἀπὲτεμε
3439 521 3496 578 δὶ
3531 525 3628 580 καὶ
3660 525 3876 582 Ἰουστι-

2231 607 2411 662 νιανὸν
2441 609 2534 665 τὸν
2567 611 2870 686 πατρίκιον,
2899 613 2992 666 τὸν
3049 609 3254 685 πατέρα
3283 615 3379 667 τοῦ
3403 611 3565 689 ἁγίου
3599 619 3876 689 Γερμανοῦ

2229 700 2328 751 τοῦ
2359 699 2724 776 πατριάρχου.
2785 699 2894 757 Τὸν
2953 696 3011 754 δὲ
3063 701 3336 775 Γερμανὸν
3380 703 3727 778 τραχύτερον
3759 705 3875 759 ὄντα

2231 786 2536 866 εὐνούχισε·
2569 789 2661 844 τὸν
2695 785 2752 844 δὲ
2779 796 2880 859 τῆς
2938 790 3334 865 πατριαρχείας
3385 793 3577 867 θρόνον
3611 793 3877 870 Γεώργιος

2231 879 2316 934 εῖγ
2323 899 2367 934 ε.

2323 899 2367 934 ε.

2281 897 2704 1032 χίίωνστανιεῖνος
2737 969 2765 1024 ὁ
2795 969 2912 1031 υίὸς
2933 967 3280 1031 Κώνσταντος
3311 971 3340 1025 ὁ
3371 973 3719 1046 Πωγωνᾶτος
3751 977 3876 1047 (82),

2231 1053 2538 1132 ὀρθόὸοξος,
2572 1051 2913 1113 ἐϐασίλευσεν
2946 1052 3040 1128 ἔτη
3103 1059 3184 1126 ιζ’.
3225 1059 3436 1116 Τούτου
3463 1065 3543 1132 τῷ
3570 1062 3627 1116 α’
3657 1059 3768 1116 ἔτει
3795 1063 3878 1118 ἰπ-

2232 1147 2580 1220 εστράτευσαν
2639 1143 2950 1221 Σαρακηνοὶ
3007 1147 3106 1214 τὴν
3167 1147 3452 1224 Ἀφρικὴν,
3482 1149 3575 1204 καὶ
3609 1149 3884 1226 ᾐχμαλώ-

2231 1256 2420 1294 τευσαν
2452 1231 2714 1314 χιλιάδας
2745 1237 2817 1294 π’.
2848 1237 2916 1292 Οἱ
2957 1231 3015 1290 δὲ
3060 1239 3159 1290 τοῦ
3186 1237 3418 1310 θέματος
3447 1241 3556 1293 τῶν
3592 1239 3883 1298 ’Δνατολι-

2231 1329 2340 1380 κῶν
2388 1322 2560 1393 ἦλθον
2611 1323 2664 1378 ἐν
2717 1321 3066 1398 Χρυσοπόλει
3127 1323 3402 1400 λέγοντες,
3433 1326 3516 1382 ὅτι
3553 1326 3653 1388 Εἰς
3685 1325 3882 1401 Τριὰδα

2230 1411 2579 1486 πιστεύομεν,
2609 1411 2738 1474 τοὺς
2769 1417 2916 1489 τρεῖς
2959 1411 3266 1486 στὲψωμεν.
3300 1413 3619 1490 Ἐταράχθη
3655 1413 3720 1471 δὲ
3749 1423 3881 1473 κων·

2234 1505 2533 1562 σταντῖνος·
2599 1500 2766 1575 μόνος
2818 1500 2924 1576 γὰρ
2981 1499 3142 1564 αὐτὸς
3196 1501 3265 1570 ἦν
3325 1499 3690 1576 ἐστεμμένος,
3723 1505 3776 1558 οἱ
3832 1503 3880 1560 δὲ

2231 1587 2461 1670 ἀδελφοὶ
2501 1588 2668 1646 αὐτοῦ
2712 1584 2964 1663 Τιϐἑριος
3015 1589 3106 1644 καὶ
3155 1588 3480 1666 Ἡράκλειος
3509 1591 3779 1667 οὐδεμίαν
3809 1596 3880 1651 εί-

2232 1700 2334 1756 χον
2370 1679 2538 1750 ἀξίαν.
2607 1678 2707 1735 Καὶ
2773 1677 3104 1740 ἀποστείλας
3156 1678 3420 1756 ἐκράτησε
3477 1683 3564 1755 [Ρ.
3597 1686 3739 1758 437]
3767 1685 3882 1747 τοὺς

485 1769 664 1838 bavit,
696 1787 830 1825 cum
886 1770 1048 1824 solus
1105 1771 1232 1841 ipse
1289 1776 1607 1826 coronatus
1644 1774 1875 1841 fuisset,
1932 1792 2126 1848 neque

2245 1772 2485 1845 πρώτους
2519 1769 2717 1838 αὐτῶν,
2763 1770 2854 1824 καὶ
2909 1766 3230 1846 ἐφούλκισεν
3284 1773 3397 1844 (85)
3452 1771 3505 1827 ἐν
3562 1778 3793 1834 Συκαῖς·
3831 1775 3881 1827 οἱ

482 1859 732 1915 fratrum
755 1859 885 1931 ejus
911 1858 1128 1914 Tiberii
1160 1865 1218 1913 et
1237 1859 1484 1914 Heraclii
1515 1861 1638 1916 ulla
1667 1869 1824 1918 esset
1843 1863 2119 1937 dignitas.

485 1949 675 2004 Missis
715 1949 893 2019 igitur
933 1948 1224 2002 ministris
1279 1949 1568 2019 primores
1599 1967 1805 2008 eorum
1857 1969 2122 2027 compre-

2237 1861 2294 1920 δὲ
2325 1859 2512 1917 λοιποὶ
2550 1857 2770 1938 ἔφυγον.
2801 1860 2862 1915 Ὀ
2903 1855 2960 1914 δὶ
2987 1857 3242 1934 βασιλεὺς
3271 1861 3398 1923 τοὺς
3427 1859 3712 1941 ἀδελφοὺς
3743 1860 3880 1938 ἐῤῥι-

2236 1951 2529 2020 νοκόπησε.

482 2037 821 2110 prebendit,
857 2052 924 2091 ac
955 2037 1017 2092 in
1071 2037 1236 2108 Sycis
1304 2037 1496 2110 (Ficus
1553 2038 1794 2110 dixeris,
1844 2045 2193 2102 suburbium
2241 2050 2332 2100 est
2381 2040 2657 2114 Byzantii)
2711 2039 3002 2110 supplicio
3032 2039 3276 2095 affecit:
3339 2056 3407 2096 ea
3465 2058 3561 2096 res
3621 2043 3882 2114 reliquos

482 2127 715 2194 terruit,
749 2125 909 2196 iique
939 2124 1138 2197 fugam
1168 2127 1453 2182 fecerunt.
1484 2128 1784 2184 Fratribus
1814 2148 1989 2202 porro
2020 2150 2198 2191 nasos
2229 2131 2518 2206 prmcidit.

552 2255 722 2307 Anno
745 2252 1005 2307 secundo
1033 2251 1249 2308 hiemis
1280 2257 1655 2312 vehementia
1686 2261 1904 2316 multos
1935 2261 2128 2316 homi-

484 2356 592 2396 nes
622 2345 680 2395 et
708 2340 882 2395 bruta
910 2341 1190 2396 animalia
1219 2343 1544 2400 interemit.

558 2433 732 2483 Anno
753 2430 786 2482 4
813 2429 917 2482 iris
948 2429 1010 2483 in
1041 2429 1188 2484 cwlo
1241 2431 1378 2486 talis
1428 2435 1703 2504 apparuit
1731 2442 1797 2490 ut
1843 2437 2013 2508 vulgo
2040 2438 2131 2494 di—

483 2522 719 2574 ceretur
747 2517 883 2572 finis
913 2518 1117 2572 mundi
1141 2519 1381 2576 instare.
1409 2521 1716 2579 Sarraceni
1749 2532 1945 2582 autem
1969 2543 2127 2600 mag-

485 2623 564 2664 na
618 2607 904 2662 instructa
961 2609 1149 2664 classe
1210 2610 1272 2664 in
1313 2611 1577 2668 Ciliciam
1629 2613 1808 2671 delati
1867 2617 2130 2689 Smyrnm

485 2698 914 2754 hiemaverunt.

553 2789 724 2844 Anno
755 2788 909 2844 5illa
947 2790 1050 2844 Dei
1107 2791 1578 2850 adversariorum
1611 2795 1820 2851 classis
1851 2797 1926 2853 ad
1976 2799 2128 2854 lines

481 2877 743 2934 Thracia:
775 2879 1025 2951 appulit,
1057 2887 1342 2954 occupato
1374 2883 1532 2954 quod
1587 2885 1661 2940 ab
1690 2886 1993 2943 Hebdomo
2043 2893 2134 2943 est

479 2983 670 3039 usque
701 2967 775 3023 ad
797 2969 1138 3041 Cyclobium
1183 2972 1394 3043 spatio.
1429 2973 1686 3046 Singulis
1719 2977 1864 3034 105
1921 2977 2130 3032 diebus

479 3061 794 3128 pugnatum
806 3057 1214 3115 estadiluculo
1227 3077 1415 3132 usque
1429 3062 1501 3118 ad
1519 3065 2132 3136 vesperam,abAureaa

483 3151 669 3216 porta:
700 3145 1029 3202 brachiolio
1047 3165 1234 3218 usque
1256 3151 1331 3206 ad
1353 3151 1716 3224 Cyclobium,
1735 3155 2003 3226 abAprili
2029 3172 2129 3211 us-

479 3250 593 3304 que
607 3234 1070 3306 adSeptembrem
1087 3254 1134 3291 n.
1145 3239 1516 3296 ensem.lnde
1528 3241 1760 3298 barbari
1774 3249 2134 3301 revertentes

2309 2261 2404 2331 Τῷ
2567 2250 2673 2310 ἔτει
2730 2253 2946 2331 χειμὼν
3003 2253 3210 2330 ἐγένετο
3269 2255 3438 2330 μέγας
3487 2253 3564 2317 ὡς
3597 2254 3878 2313 ἀποθανεῖν

2237 2343 2486 2406 πολλοὺς
2518 2341 2832 2415 ἀνθρώπους
2859 2340 2951 2396 καὶ
2978 2339 3167 2415 θηρία.

2307 2428 2459 2506 Τῷδ
2504 2428 2613 2486 im
2665 2427 2828 2500 ἐσάνη
2885 2429 3000 2504 ἶρις
3060 2428 3112 2484 ἒν
3163 2434 3246 2502 τῷ
3302 2430 3520 2506 ούρανῷ
3551 2432 3879 2500 τοιαύτηῶς

2238 2521 2412 2598 λέγειν
2443 2521 2645 2582 πάντας
2701 2517 2784 2574 ὅτι
2851 2516 3134 2575 συντέλειά
3189 2517 3350 2579 ἐστιν,
3381 2519 3452 2578 Ol
3481 2517 3542 2576 δὲ
3579 2521 3874 2597 Σαρακηνοὶ

2243 2612 2407 2688 μεγαν
2437 2607 2631 2664 στόλον
2690 2608 3097 2682 ἐξαρτήσαντες,
3151 2609 3244 2664 καὶ
3299 2607 3780 2684 παραπλεύσαντες
3806 2607 3874 2670 είς

2240 2699 2518 2770 Κιλικίαν,
2551 2697 2960 2775 παρεχείμασαν
2987 2697 3066 2760 εἲς
3097 2698 3368 2774 Σμύρνην.

2309 2789 2406 2864 Τῷ
2437 2787 2494 2846 δὲ
2523 2791 2562 2844 ε’
2592 2787 2720 2860 ἔτει,
2768 2791 2878 2844 τῶν
2937 2788 3229 2864 θεομάχων
3283 2788 3482 2852 στόλος
3512 2789 3692 2855 ἐλθὼν
3716 2809 3861 2864 προσ·

2241 2881 2496 2956 ὥρμησεν
2557 2878 2610 2934 ἐν
2673 2883 2786 2940 τοῖς
2823 2877 3104 2954 Θρᾳκῷοις
3167 2877 3386 2954 μὲρεσιν
3417 2880 3528 2936 ἀπό
3559 2901 3611 2936 τε
3633 2883 3720 2934 τοῦ
3751 2871 3852 2932 '86-

2239 2967 2414 3044 δόμου
2475 2967 2644 3043 μέχρι
2697 2971 2795 3022 τοῦ
2852 2961 3164 3024 Κυκλοϐίου
3221 2971 3356 3040 (84),
3413 2969 3508 3024 καὶ
3557 2969 3844 3024 animi!

2240 3058 2449 3134 ἡμέραν
2481 3054 2731 3130 πόλεμος
2783 3053 3058 3130 ἐκροτεῖτο
3117 3054 3224 3111 ἀπὸ
3283 3056 3433 3131 πρωΐ
3485 3055 3597 3118 ἕως
3639 3053 3852 3130 ἰσήρεις.

2239 3147 2347 3202 ἀπὸ
2375 3150 2473 3202 τοῦ
2509 3142 2837 3222 βραχιολίου
2882 3150 2982 3214 τῆς
3027 3149 3250 3220 Χρυσῆς
3277 3146 3488 3220 πόρτης
3521 3147 3634 3219 (85)
3661 3141 3758 3204 ἓως
3779 3145 3864 3198 τού

2242 3231 2569 3308 Κυκλοϐίου,
2623 3234 2730 3290 ἀπὸ
2790 3233 2962 3307 μηνὸς
3023 3231 3354 3310 Ἀπριλλίου
3384 3234 3464 3298 είς
3496 3227 3872 3307 Σεπτὲμεριον.

481 3322 753 3392 Cyzicum
771 3333 1227 3395 occupaverunt,
1243 3332 1419 3398 atque
1435 3329 1898 3400 ibibiemaruni;
1922 3340 2122 3389 etvere

2245 3325 2344 3382 Καὶ
2401 3321 2828 3398 ὑποστρέψαντες
2883 3321 2936 3376 ὲν
2995 3322 3219 3396 Κυζίκῳ
3273 3323 3477 3394 ταύτην
3526 3315 3876 3397 παραλαμϐά-

477 3426 716 3464 rursum
763 3411 1114 3469 Christianis
1172 3414 1392 3471 bellum
1445 3417 1731 3474 fecerunt.
1784 3422 1900 3476 Hoc
1949 3422 2124 3478 modo

475 3505 706 3572 septem
742 3517 932 3557 annos
963 3520 1025 3558 se
1055 3521 1315 3576 gessere.
1343 3507 1601 3564 Tandem
1635 3511 1735 3565 Dei
1766 3517 1823 3566 et
1863 3513 2126 3584 Deiparaa

475 3589 700 3644 auxilio
721 3596 958 3647 nostros
964 3593 1228 3665 juvante,
1261 3613 1473 3667 magna
1486 3615 1728 3654 suorum
1747 3601 2125 3657 multitudine

477 3679 716 3748 amissa,
733 3679 956 3752 ingenti
973 3699 1106 3738 cum
1131 3683 1416 3741 dedecore
1431 3687 1674 3744 domum
1701 3689 2123 3748 discesserunt.

477 3767 547 3821 Et
577 3765 786 3823 classis
817 3769 929 3824 ista
962 3787 1097 3826 cum
1129 3772 1202 3826 ad
1234 3773 1488 3844 Sylaeum
1520 3777 1842 3847 trajiceret,
1877 3778 2126 3834 hiberno

478 3861 628 3911 wstu
657 3862 716 3911 et
746 3859 1024 3929 procellis
1055 3860 1278 3918 afﬂicta
1307 3868 1431 3918 tota
1489 3865 1663 3936 periit
1715 3867 1898 3922 Porro
1927 3873 2126 3924 autem

475 3945 836 4015 Suphanius,
867 3949 1018 4019 Aphi
1058 3949 1216 4005 filius
1271 3969 1404 4008 cum
1437 3953 1608 4010 Floro
1638 3956 1895 4011 Petrona
1925 3962 1984 4012 et
2011 3957 2121 4030 Cy-

471 4033 681 4104 priano
740 4035 823 4107 (hi
870 4039 1165 4096 Romanas
1223 4047 1424 4113 copias
1490 4044 1810 4116 ducebant)
1867 4063 2124 4118 pugnam

469 4123 790 4192 commisit,
825 4125 885 4180 in
917 4143 1034 4198 qua
1065 4129 1304 4202 triginta
1333 4132 1592 4188 Arabum
1625 4133 1792 4190 milia
1829 4134 2124 4190 occubue-

470 4218 631 4268 runt.
658 4215 739 4268 Eo
771 4219 1039 4288 tempore
1070 4218 1392 4276 Callinicus
1439 4223 1794 4280 architectus
1827 4224 1898 4279 al)
1932 4225 2120 4280 llelio-

472 4301 593 4374 poli
627 4304 854 4376 Egypti
886 4305 1031 4360 urbe
1055 4324 1188 4362 cum
1223 4309 1296 4364 ad
1337 4313 1630 4368 Romanos
1686 4314 2118 4384 transfugisset,

475 4389 672 4462 ignem
703 4394 1070 4450 maritimum
1101 4399 1344 4468 paravit,
1379 4415 1566 4471 eoque
1603 4417 1882 4457 accensas
1913 4401 2120 4457 barba-

474 4497 681 4535 rorum
715 4483 870 4554 apud
917 4483 1185 4554 Cyzicum
1237 4503 1413 4543 naves
1443 4505 1562 4545 una
1613 4508 1747 4546 cum
1779 4491 2121 4546 hominibus

2234 3435 2407 3484 νουσι,
2461 3415 2550 3469 καὶ
2613 3410 2968 3490 χειμάζουσιν
3027 3409 3158 3467 ἐκεῖ.
3221 3412 3323 3470 Καὶ
3375 3413 3512 3469 κατὰ
3555 3411 3650 3488 ἔαρ
3683 3410 3876 3486 ὁμοίως

2237 3501 2546 3577 ἐπολέμουν
2609 3500 2745 3576 μετὰ
2799 3503 2910 3556 τῶν
2967 3501 3306 3574 Χριστιανῶν
3362 3499 3450 3556 ἰπί
3498 3501 3635 3556 ἑπτὰ
3668 3497 3785 3572 ἔτη.
3813 3502 3885 3572 Τῇ

2237 3593 2466 3670 βοηθείᾳ
2493 3589 2554 3648 δὲ
2577 3594 2674 3647 τοῦ
2703 3593 2838 3646 Θεοῦ
2893 3588 2985 3645 καὶ
3040 3595 3142 3660 τῆς
3199 3589 3471 3646 Θεοτόκου
3494 3589 3719 3661 πλῆθος
3749 3587 3884 3645 πολὺ

2233 3677 2604 3742 ἀποϐαλόντες
2638 3679 2755 3752 μετ’
2783 3677 3053 3753 αἰσχύνης
3089 3677 3337 3754 μεγάλης
3367 3679 3729 3754 ὑπέστρεψαν.
3759 3681 3880 3738 Ἐκ·

2233 3771 2472 3847 πορίζων
2498 3774 2612 3843 (86)
2641 3767 2700 3824 δὲ
2757 3769 2788 3822 ὁ
2843 3773 3094 3830 τοιοῦτος
3151 3766 3350 3824 στόλος
3381 3767 3471 3824 ἐπι
3519 3771 3586 3824 τὰ
3618 3769 3764 3844 μέρη
3792 3770 3882 3823 τοῦ

2236 3860 2496 3929 Συλαίου,
2531 3858 2636 3914 ὑπὸ
2666 3855 2956 3933 χειμερίου
2990 3856 3164 3928 ζάλης
3212 3857 3302 3913 καὶ
3335 3856 3655 3936 καταιγίδος
3682 3877 3884 3933 συντρι-

2231 3945 2350 4012 ϐεὶς
2379 3945 2708 4022 ὀλοκλῆρως
2733 3945 2931 4003 ὤλετο.
2957 3945 3193 4024 Σουφίαν
3223 3944 3282 4002 δὶ
3301 3948 3334 4002 ὁ
3352 3947 3472 4010 υἱὸς
3491 3951 3592 4004 τοῦ
3622 3953 3743 4026 “At?
3776 3967 3887 4002 συν-

2233 4033 2397 4094 έϐαλε
2425 4036 2671 4109 πόλεμον
2733 4033 2868 4108 μετᾶ
2922 4032 3162 4108 Φλώρου
3219 4035 3307 4090 καὶ
3369 4040 3624 4111 Πετρωνᾶ
3653 4042 3753 4092 καί
3783 4037 3886 4092 K0-

2231 4131 2462 4202 πριανοῦ
2499 4124 2740 4202 ἐχόντων
2795 4120 3024 4198 δύναμιν
3083 4125 3426 4197 Ῥωμαϊκὴν,
3457 4126 3548 4180 καὶ
3580 4125 3884 4181 κτείνονται

2231 4211 2458 4292 Ἀρκϐες
2485 4211 2734 4290 χιλιάδες
2768 4213 2838 4271 λ’.
2870 4213 3010 4271 Τότε
3038 4210 3372 4276 Καλλίνικος
3402 4215 3746 4290 ἀρχιτέκτων
3783 4213 3882 4269 ἀπὸ

2234 4307 2427 4364 Ἠλίου
2483 4301 2700 4364 πόλεως
2754 4308 2856 4372 τῆς
2912 4301 3192 4379 Αἰγύπτου
3249 4304 3582 4381 προσφυγὼν
3639 4311 3768 4368 τοῖς
3808 4307 3886 4359 Ῥ-

2235 4395 2440 4470 μαίοις,
2497 4397 2605 4469 πῦρ
2661 4392 2958 4450 θαλάσσιον
3013 4393 3410 4456 κατασκευάσας
3467 4393 3536 4449 τὰ
3585 4398 3699 4449 τῶν
3731 4393 3880 4471 Ἀράο

2232 4481 2346 4540 ϐων
2399 4484 2578 4557 σκάφη
2637 4477 2974 4556 κατέπρησεν
3033 4480 3086 4536 ὄν
3147 4482 3386 4555 Κυζίκῳ,
3429 4481 3698 4558 σύμψυχα
3727 4504 3882 4540 κατα.

475 4566 776 4625 demersit.
813 4571 915 4626 Hic
945 4578 1034 4626 est
1067 4589 1204 4645 ergo
1231 4575 1384 4648 ignis
1415 4579 1696 4634 maritimi
1731 4581 2018 4635 inventor.
2038 4579 2124 4634 Ab

2245 4572 2485 4635 ποντίσας
2515 4569 2676 4631 αὐτὰ.
2736 4568 2916 4634 Αὐτὸς
2969 4569 3064 4625 οὗν
3113 4569 3254 4626 ἐστιν
3288 4572 3320 4626 ὁ
3345 4570 3409 4626 τὸ
3453 4570 3754 4636 θαλάσσιον
3783 4576 3880 4643 πῦρ

1687 4732 2049 4787 XYLANDRI
2088 4731 2172 4785 ET
2209 4730 2426 4786 GOARI
2464 4726 2689 4782 NOTAE.

553 4843 1069 4926 (82)A_promissa
1124 4851 1333 4926 barba,
1389 4873 1567 4926 quam
1602 4873 1632 4911 e
1683 4856 1885 4912 Sicilia
1945 4855 2134 4912 redux

483 4917 810 5000 Cpblitapis
879 4925 1213 5000 ostentavit,
1270 4917 1424 4980 cum'
1465 4945 1536 4982 ex
1593 4928 1742 4984 urbe
1799 4928 2133 5000 digressum

481 4991 679 5068 primo
709 4991 928 5068 lanugo
952 4995 1109 5050 circa
1129 4991 1312 5068 genas
1343 5000 1690 5056 exoriretur.
1723 4991 1902 5055 Goui'.

557 5065 669 5144 (8:?)
700 5064 879 5144 Eurca
906 5064 1334 5144 suspendioque
1353 5070 1654 5144 damnavit,
1686 5077 1912 5144 mutato
1949 5089 1977 5144 ρ
2007 5073 2068 5128 in
2101 5067 2132 5124 λ

485 5131 592 5206 pro
625 5131 1115 5214 ἐφοοξρκικενχὶιοη
1155 5131 1228 5214 ίΠῖ
1248 5131 1653 5214 suburbio,ut
1682 5131 2016 5214 Xylande'r,
2040 5159 2135 5214 ve-

483 5222 614 5260 rum
650 5207 713 5286 ut
735 5207 940 5286 Strabo
960 5209 1012 5286 _l.
1067 5227 1161 5286 Υιι.
1211 5211 1298 5265 ἐπὶ
1340 5212 1432 5267 τὸν
1481 5207 1584 5268 ὑπὸ
1633 5216 1702 5286 τῇ
1733 5207 1884 5286 ’συκῇ
1935 5207 2137 5286 καλού-

484 5295 641 5400 ἕενον
694 5273 915 5350 λιμένα,
948 5283 1008 5336 in
1064 5283 1223 5354 Syres
1271 5292 1462 5354 portu,
1519 5287 1620 5357 qui
1679 5273 2134 5354 hunc'vGalatae,

506 5364 663 5400 om.

506 5364 663 5401 IOAR.

553 5417 631 5499 (.8)
656 5418 892 5500 Septem
925 5425 1125 5500 itaque
1144 5427 1724 5500 millibuspassuum,
1744 5429 1818 5486 ab
1833 5428 2135 5484 Hebdomo

487 5493 582 5573 cui
602 5493 696 5573 ‘est
717 5495 1004 5562 septimus
1017 5493 1090 5573 ab
1112 5498 1257 5573 urbe
1278 5493 1452 5571 lapis,
1475 5500 1549 5556 ad
1570 5493 1910 5572 Cyclobium
1934 5508 2138 5573 portus

487 5558 574 5612 ΟΡ
601 5557 820 5633 locum,
875 5567 1304 5626 extendebatur
1338 5557 1588 5628 ‘navium
1615 5557 2138 5628 "Saracenicarum

2243 4857 2403 4912 ordo.
2441 4855 2619 4908 GOAR.

2313 4926 2426 4998 (85)
2457 4927 2558 4998 Est
2588 4924 2782 4998 Aurea
2819 4927 2990 4998 porta
3017 4924 3622 4998 versusiBlachemas
3667 4926 3732 4983 in
3773 4929 3880 4982 imo

2246 4990 2382 5070 sinu
2404 4990 2507 5070 τού
2556 4990 3026 5070 κέρατοςξιερῐωε
3055 4995 3185 5070 _CP_.
3231 4993 3574 5070 Βραχιὸλιον
3601 5005 3692 5054 est
3717 5003 3884 5068 fta-us

2244 5069 2432 5137 ipsius
2463 5058 2651 5134 sinus,
2679 5058 2986 5119 Κυκλόϐιον
3016 5058 3286 5137 ejusdem
3321 5058 3488 5126 si‘nus
3517 5058 3740 5136 fauces,
3775 5070 3884 5124 sive

2288 5141 2348 5194 P.
2382 5145 2645 5212 extrema
2669 5153 2808 5208 pars
2836 5153 3038 5212 versus
3071 5137 3538 5212 Hellespontum.
3572 5139 3749 5212 (iam.

2315 5209 2430 5283 (86)
2462 5205 2740 5283 zonaras,
2786 5205 3080 5283 Tevoyéyou
3135 5212 3236 5283 τοῦ
3269 5205 3491 5283 ’στόλου
3531 5211 3665 5265 κατά
3690 5212 3752 5264 τὸ
3786 5208 3884 5263 25-

2245 5277 2424 5354 λαίονζ
2485 5279 2741 5354 Verbum
2795 5277 3124 5354 aancpiCeQ
3150 5281 3260 5354 hoc
3315 5282 3491 5338 modo
3537 5289 3884 5354 usurpatum

2245 5353 2381 5410 alibi
2413 5368 2536 5424 non
2563 5351 2882 5424 observavi.
2938 5353 3046 5424 Pro
3096 5352 3284 5424 Sylaao
3325 5351 3738 5410 Melancbthon
3767 5356 3886 5410 Πα-

2248 5427 2387 5482 leam
2414 5423 2613 5480 habet.
2645 5423 2780 5477 XYL.
2813 5455 2878 5463 —-
2912 5422 3164 5496 Sylaeum
3217 5425 3490 5481 secundae
3533 5425 3884 5497 Pamphylia:

2246 5497 2406 5554 urbs.
2441 5497 2616 5551 Goan.
