4108 6300
346 363 479 424 ω’]

1493 358 2026 425 HISTORIARUM
2072 356 2625 423 COMPENDIUM.

3642 374 3763 432 838

330 495 624 571 .ἐφευρών.
659 497 753 554 Ἐκ
780 497 976 552 τούτου
1013 496 1304 573 κατάγεται
1335 499 1370 567 ἡ
1403 497 1560 572 γενεὰ
1586 499 1683 552 τοῦ
1738 494 2007 567 Λαμπροῦ

2136 510 2232 548 λος,
2260 508 2446 565 genus
2476 496 2640 553 ducit
2666 497 2973 571 Lamprus,
3005 500 3055 557 is
3086 502 3185 574 qui
3219 501 3514 576 hodieque
3564 504 3761 577 ignem

355 590 461 640 τοῦ
491 585 606 639 νυνῖ
635 586 700 640 τὸ
729 589 837 661 πῦρ
880 583 1145 661 ἐντέχνως
1193 591 1702 655 κατασκευάζοντος.
1754 586 1841 642 Ἐν
1885 579 2015 637 ταύ-

357 694 488 735 ταις
518 679 638 737 ταῖς
677 673 912 749 ἡμέραις
942 675 1008 744 ἧν
1058 676 1146 731 καὶ
1203 677 1232 730 ὁ
1280 676 1694 752 φρονιμώτατος
1736 672 2017 748 ἄνθρωπος

366 763 623 833 Ἰωάννης
652 764 680 817 ὁ
718 761 1102 834 Πιτζικαύδης.

441 876 532 943 Τῷ
560 871 611 941 η’
640 871 730 925 καὶ
761 871 804 925 θ’
859 865 966 926 ἔτει
1026 870 1281 941 εἰσῆλθον
1324 873 1375 927 o't
1434 869 1743 946 Μαρδαῖται
1800 869 1876 931 εἰς
1928 868 2021 924 τὸν

371 955 629 1028 Λίϐανον,
659 960 750 1014 καὶ
781 959 1079 1035 ἐκράτησαν
1138 960 1245 1014 ἀπὸ
1299 965 1396 1016 τοῦ
1434 959 1660 1034 Μαύρου
1709 955 1871 1035 ὄρους
1915 957 2020 1020 ἓως

372 1056 476 1118 τῆς
508 1049 664 1124 ἁγίας
701 1046 943 1118 πόλεως,
979 1049 1065 1104 καὶ
1097 1049 1462 1124 ἐχειρώσαντο
1490 1050 1589 1112 τὰς
1642 1053 1740 1103 τοῦ
1787 1043 2021 1103 Λιϐάνου

367 1138 672 1213 περιωπάς.
708 1137 811 1194 Καὶ
842 1136 1050 1194 πολλοὶ
1082 1135 1276 1193 δοῦλοι
1305 1139 1396 1194 καὶ
1427 1136 1783 1214 αἰχμάλωτοι
1812 1136 1902 1192 καὶ
1932 1134 2024 1192 αὒ-

365 1229 635 1303 τόχθονες
661 1226 797 1301 πρὸς
827 1225 1021 1289 αὐτοὺς
1050 1226 1361 1305 ἐχώρησαν,
1396 1226 1534 1283 ὣστε
1564 1224 1637 1282 δι’
1665 1225 1853 1304 ὀλίγου
1884 1225 2024 1304 χρό-

364 1338 465 1373 νου
492 1315 572 1378 εἷς
619 1312 835 1378 πολλὰς
894 1313 1155 1390 χιλιάδας
1209 1317 1474 1390 γενέσθαι.
1534 1319 1715 1373 Ταῦτα
1777 1314 1961 1388 μαθὼν
1994 1315 2022 1370 ὁ

380 1400 606 1467 Μαϐίας
631 1404 723 1459 καὶ
748 1405 800 1459 οἱ
831 1404 925 1459 σὺν
954 1404 1108 1477 αύτῷ
1135 1400 1508 1484 ἐφοϐήθησαν,
1552 1403 1644 1459 καὶ
1693 1402 2026 1478 συλλογισά-

373 1515 531 1569 μενοι
569 1494 645 1556 ὡς
681 1493 743 1548 τὸ
773 1496 882 1548 τῶν
910 1495 1201 1567 Ῥωμαίων
1238 1494 1521 1570 βασίλειον
1552 1494 1656 1549 ὑπὸ
1689 1497 1823 1549 Θεοῦ
1853 1513 2021 1571 φρου-

379 1590 575 1660 ρεῖται,
632 1584 911 1656 πέμπουσι
969 1578 1223 1658 πρέσϐεις
1281 1583 1416 1658 πρὸς
1500 1583 1589 1638 τὸν
1651 1582 2026 1659 αὐτοκράτορα

375 1678 783 1729 Κωνσταντῖνον
826 1673 958 1748 ὑπὲρ
1017 1672 1260 1748 εἰρήνης.
1312 1675 1378 1731 '0
1435 1671 1495 1728 δὲ
1549 1671 1876 1729 ἆποστὲλλει
1928 1672 2023 1728 τὸν

376 1759 769 1833 Πιτζικαύδην,
796 1760 888 1817 καὶ
917 1766 1068 1816 ποιεῖ
1121 1761 1407 1840 ἐγγράφως
1454 1762 1674 1839 εἰρήνην
1729 1760 1864 1836 μετᾶ
1912 1765 2022 1823 τῶν

2120 581 2439 637 artiﬁciose
2471 586 2662 640 struit.
2696 589 2853 642 Tunc
2885 589 3062 646 etiam
3094 591 3239 647 vixit
3268 593 3766 664 prudentissimus

2122 671 2322 739 homo,
2352 676 2613 729 Joannes
2644 675 2996 734 Pitzicauda.

2194 874 2381 929 Annis
2429 880 2633 931 octavo
2683 884 2741 932 et
2786 896 2944 935 nono
2993 883 3291 938 Mardaitaa
3338 885 3620 941 Libanum
3676 888 3771 941 in—

2122 964 2309 1034 gressi
2341 974 2776 1036 occupaverunt
2806 969 3095 1040 quidquid
3124 988 3159 1026 a
3189 974 3386 1027 Mauro
3427 982 3630 1031 monte
3682 981 3773 1031 est

2125 1072 2313 1127 usque
2343 1059 2417 1114 ad
2448 1075 2675 1115 sacram
2708 1063 2935 1131 urbem,
2969 1071 3027 1119 et
3057 1067 3327 1136 speculas
3356 1070 3533 1123 etiam
3567 1071 3772 1126 Libani

2124 1145 2458 1203 obtinuere.
2481 1150 2644 1204 Multi
2669 1150 2742 1206 ad
2759 1168 2861 1207 eos
2891 1170 2953 1208 se
2976 1155 3537 1225 contuleruntservi,
3560 1160 3770 1230 captivi

2125 1240 2304 1306 atque
2335 1237 2645 1310 indigeam,
2682 1241 2830 1296 adeo
2860 1247 2926 1296 ut
2958 1243 3169 1315 exiguo
3196 1249 3460 1315 tempore
3491 1247 3564 1302 ad
3590 1248 3777 1303 multa

2127 1326 2495 1380 excreverint
2521 1328 2733 1385 millia.
2768 1330 2902 1386 Haec
2935 1332 3084 1388 700
3118 1334 3360 1387 Maviam
3392 1339 3450 1388 et
3491 1335 3593 1405 qui
3642 1351 3775 1390 cum

2127 1430 2197 1469 eo
2228 1420 2398 1470 erant
2426 1421 2785 1486 terruerunt,
2822 1419 2903 1475 ita
2932 1420 3172 1491 quidem
3203 1427 3270 1476 ut
3307 1423 3632 1494 cogitantes
3664 1426 3780 1479 Ro-

2127 1520 2372 1560 manum
2403 1506 2719 1578 imperium
2751 1508 2952 1565 divino
2983 1510 3259 1582 praesidio
3290 1512 3527 1567 defendi
3554 1514 3778 1586 legatos

2128 1591 2201 1648 ad
2231 1593 2685 1651 Constantinum
2718 1598 2882 1668 pacis
2933 1599 3206 1669 petendas
3255 1617 3433 1656 causa
3480 1602 3774 1657 miserint.

2127 1681 2182 1735 Is
2211 1681 2608 1739 Pitzicaudam
2636 1684 2710 1740 ad
2742 1686 3064 1743 Saracenos
3115 1688 3313 1756 mittit,
3365 1707 3588 1761 perque
3639 1706 3773 1745 eum

2129 1786 2335 1841 pacem
2369 1789 2502 1827 cum
2534 1773 2619 1828 eis
2651 1776 2955 1847 componit
2982 1793 3050 1831 ac
3080 1777 3299 1833 tabulis
3328 1778 3658 1850 consignat,
3711 1794 3779 1834 ea

377 1856 735 1926 Σαρακηνῶν,
767 1850 998 1921 ἐτησίως
1028 1850 1287 1927 παρέχειν
1315 1852 1511 1913 αὐτοὺς
1565 1852 1701 1926 πρὸς
1728 1849 1857 1913 τοὺς
1886 1851 2019 1905 Ῥω.

2136 1861 2470 1916 conditione
2497 1868 2561 1917 ut
2587 1879 2694 1934 per
2718 1843 2906 1919 annos
2937 1866 3177 1938 triginta
3207 1843 3528 1937 quotannis
3571 1843 3778 1923 Sarra-

377 1940 573 2015 μαίους
600 1939 831 2016 χρυσίου
860 1937 1119 2015 χιλιάδας
1154 1942 1184 1993 ι’
1214 1942 1326 2015 (87)
1358 1940 1447 1995 καὶ
1478 1937 1676 2015 ἄνδρας
1713 1939 2021 2014 αἰχμαλώ-

370 2050 501 2092 τους
533 2030 577 2103 ρ⁸
607 2029 696 2085 καὶ
722 2027 928 2093 ⁸ίίιιπους
983 2028 1213 2105 εὐγενεῖς
1242 2031 1286 2084 ν’
1313 2027 1402 2084 ἐπὶ
1451 2031 1675 2105 χρόνοις
1726 2028 1794 2086 λ’.
1845 2034 2023 2085 Ταῦτα

376 2118 636 2194 μαθόντες
669 2119 721 2172 οἱ
772 2119 840 2173 τὰ
890 2116 1143 2192 Ἐσπὲρια
1198 2118 1476 2181 οἰκοῦντες
1519 2117 1667 2194 δῶρα
1715 2116 2019 2181 στείλαντες

373 2211 463 2282 [Ρ.
504 2208 633 2280 438]
665 2211 746 2280 τῷ
777 2204 999 2283 βατιλεῖ
1026 2207 1249 2282 εἲρήνην
1296 2208 1526 2282 ᾔτησαν·
1577 2211 1662 2272 οἷς
1690 2206 1830 2279 εἶ’ξας
1862 2209 1890 2263 ὁ
1924 2208 2019 2283 βα-

373 2298 559 2361 σιλεῦς
615 2298 855 2374 ἐκύρωσε
909 2298 1132 2370 ταύτην,
1191 2297 1283 2353 καὶ
1337 2299 1526 2375 γὲγονε
1575 2297 1872 2372 ἀμεριμνία
1935 2317 2024 2372 με·

368 2386 515 2466 γάλη
549 2386 605 2444 ἕν
632 2407 693 2443 τε
719 2391 788 2460 τῇ
816 2385 1080 2461 ’Λνατολῇ
1112 2387 1203 2442 καὶ
1240 2391 1310 2461 τῇ
1353 2387 1530 2443 Δύσει.

440 2500 537 2570 Τῷ
567 2499 599 2552 ι’
636 2492 743 2553 ἔτει
801 2497 853 2551 οἳ
904 2496 1210 2574 Βούλγαροι
1267 2495 1511 2567 ἐπῆλθον
1553 2500 1622 2570 τῇ
1674 2495 1881 2571 Θρᾴκῃ,
1930 2495 2021 2551 καὶ

370 2592 472 2643 τοῦ
530 2584 800 2662 βασιλέως
860 2591 975 2640 κατ’
1042 2584 1219 2641 αὐτῶν
1274 2584 1692 2663 στρατεύσαντος
1751 2586 2022 2653 ἡττῶνται

369 2676 647 2748 Ῥωμαῖοι
677 2675 767 2731 καὶ
794 2672 1002 2729 πολλοὶ
1042 2674 1322 2732 πίπτουσι.
1375 2672 1725 2747 Βουλόμενος
1774 2671 1831 2728 δὲ
1860 2674 1889 2728 ὁ
1924 2674 2025 2749 βα-

382 2763 570 2826 σιλεὺς
605 2757 748 2840 ἔχειν
808 2764 1024 2839 εὶρήνην
1098 2765 1232 2836 μετὰ
1288 2762 1498 2818 πάντων
1555 2768 1769 2838 στοιχεῖ
1822 2761 2022 2832 πάκτα,

377 2855 470 2910 καὶ
504 2854 785 2929 ὑποχωρεῖ
813 2853 889 2915 εἰς
942 2853 1214 2932 αἰσχύνην
1268 2853 1336 2907 τὰ
1390 2856 1497 2907 τῶν
1554 2853 1888 2928 Χριστιανῶν
1952 2854 2021 2926 τῇ

374 2942 573 2998 τούτου
603 2937 922 3017 ἀϐελτηρίᾳ.

441 3049 503 3105 Ἢ
539 3045 595 3102 δὲ
634 3045 763 3122 ἁγία
794 3047 883 3102 καὶ
940 3047 1290 3120 οἰκουμενική
1332 3048 1377 3110 ς’
1425 3043 1649 3110 σύνυδος
1703 3045 1912 3123 γέγονεν
1971 3044 2025 3101 ἐν

374 3134 969 3204 Κωνσταντινουπόλει,
1027 3134 1389 3191 συνελθόντων
1451 3136 1571 3199 οπθ“
1620 3134 1786 3212 ἁγίων
1855 3134 2025 3191 Πατέ-

2132 1951 2262 2003 ceni
2280 1952 2562 2005 Romanis
2587 1952 2921 2022 penderent
2948 1954 3073 2009 auri
3098 1955 3287 2010 millia
3309 1959 3395 2022 10,
3428 1973 3624 2010 servos
3652 1957 3774 2026 100,

2132 2054 2315 2108 equos
2345 2056 2663 2111 generosos
2690 2044 2776 2097 50.
2813 2043 2946 2097 Hinc
2993 2043 3093 2097 ubi
3143 2051 3536 2115 perceperunt
3580 2045 3621 2098 ii
3670 2045 3773 2115 qui

2129 2127 2413 2183 Occasum
2440 2129 2801 2199 incolebant,
2833 2132 3034 2187 missis
3064 2132 3137 2187 ad
3160 2133 3574 2205 imperatorem
3601 2133 3772 2188 donis

2130 2232 2334 2286 pacem
2367 2219 2718 2288 petiverunt.
2753 2221 2939 2284 Quam
2968 2221 3017 2275 is
3039 2237 3242 2276 eorum
3265 2222 3600 2277 concedens
3630 2222 3778 2293 peti-

2128 2305 2276 2360 tioni
2336 2307 2555 2361 sanxit.
2604 2308 2691 2362 Ita
2737 2313 2795 2362 et
2843 2309 2903 2363 in
2947 2309 3186 2364 Oriente
3243 2315 3304 2365 et
3350 2311 3411 2365 in
3460 2311 3776 2366 Occidente

2130 2408 2347 2464 magna
2373 2393 2487 2449 fuit
2515 2394 2703 2465 quies.

2200 2502 2369 2555 Anno
2390 2500 2622 2556 decimo
2645 2502 2877 2574 Bulgari
2899 2503 3204 2560 Thraciam
3236 2503 3780 2558 invaserunt.Cum-
3889 2553 3891 2556 ι

2131 2606 2245 2660 que
2285 2589 2594 2645 adversum
2653 2607 2755 2647 eos
2814 2593 3138 2665 imperator
3191 2592 3478 2661 duxisset,
3530 2594 3779 2649 Romani

2130 2679 2265 2733 victi
2297 2683 2454 2748 sunt,
2486 2680 2778 2751 multique
2807 2680 3147 2737 desiderati.
3207 2683 3352 2738 Cum
3399 2682 3473 2736 iis
3522 2682 3778 2753 impera-

2130 2773 2224 2822 tor
2268 2773 2506 2840 pactum
2556 2769 2678 2840 icit,
2712 2770 2915 2824 omnia
2963 2770 3207 2842 cupiens
3256 2770 3475 2825 habere
3522 2777 3774 2842 pacata;

2131 2859 2379 2930 ejusque
2410 2858 2728 2914 stoliditate
2777 2876 2871 2913 res
2914 2856 3248 2915 Christiana
3304 2859 3561 2915 dedecus
3610 2877 3777 2915 acceo

2132 2946 2239 3017 pit.

2201 3053 2375 3107 Anno
2407 3053 2774 3108 Constantini
2806 3053 3006 3126 hujus,
3039 3054 3140 3125 qui
3196 3054 3384 3109 tilium
3433 3054 3642 3109 habuit
3679 3055 3777 3109 Ju-

2136 3140 2483 3210 stinianum,
2518 3159 2699 3213 supra
2735 3142 3034 3197 decimum
3068 3142 3259 3212 tertio,
3293 3148 3458 3198 sexta
3488 3148 3691 3198 sancta
3723 3149 3782 3198 et

375 3246 513 3303 ρων,
544 3225 596 3281 ἐν
628 3226 705 3298 τῷ
739 3226 803 3302 ιγ’
833 3222 937 3281 ἔτει
977 3231 1075 3296 τῆς
1137 3222 1417 3301 βασιλείας
1468 3225 1875 3281 Κωνσταντίνου
1927 3227 2022 3280 τοῦ

2138 3205 2489 3286 universalis
2539 3205 2800 3302 synodus
2848 3231 3008 3303 Cpoli
3060 3231 3188 3298 fuit,
3241 3205 3504 3287 collectis
3561 3249 3630 3287 eo
3672 3234 3778 3286 289

374 3316 578 3392 πατρὸς
610 3316 1017 3372 Ἰουστινιανοῦ·
1047 3314 1115 3384 ἧς
1155 3317 1387 3389 ἡγοῦντο
1443 3314 1819 3390 τοποτηρηταὶ
1868 3314 2026 3391 Ἀγά-

375 3414 549 3468 οωνος
580 3402 735 3458 πάπα
758 3403 983 3476 Ῥώμης
1015 3400 1296 3478 Θεόδωρος
1327 3402 1414 3457 οιαὶ
1463 3403 1740 3479 Γεώργιος
1788 3397 2021 3479 πρεσϐύ-

361 3512 516 3567 τεροι
578 3492 669 3547 καὶ
728 3492 981 3558 Ἰωάννης
1040 3488 1314 3560 διάκονος,
1382 3491 1816 3570 ἀρχιεπίσκοπος
1874 3497 2023 3546 Κων-

377 3578 880 3642 σταντινουπόλεως
971 3580 1257 3654 Γεώργιος,
1331 3580 1603 3656 Θεοφάνης
1657 3579 2023 3654 Ἀντιοχείας,

382 3670 470 3725 ὑπ’
502 3671 671 3741 αὐτῆς
700 3670 1107 3746 χειροτονηθεὶς
1136 3676 1235 3739 τῆς
1270 3666 1497 3724 συνόδου
1529 3666 1618 3724 διὰ
1647 3670 1710 3725 τὸ
1740 3669 1831 3724 τὸν
1884 3690 2022 3746 προ-

380 3759 724 3834 ηγησάμενον
755 3757 1027 3834 Μακάριόν
1085 3759 1465 3833 καθαιρεθῆναι
1518 3758 1642 3815 τότε
1686 3759 1759 3822 ὡς
1816 3760 2021 3815 ἂντενε-

378 3850 577 3923 χθὲντα
621 3854 738 3911 τοῖς
799 3849 888 3903 ὑπ’
945 3849 1117 3918 αὐτῆς
1179 3843 1450 3922 ὀρθόόξως
1517 3845 2022 3925 δογματιζομένοις.

375 3944 491 4007 Τῆς
524 3935 581 3992 δὲ
604 3934 925 4008 διοικήσεως
953 3934 1359 4013 Ἀλεξανδρείας
1395 3937 1591 4012 [Ιὲτρος
1623 3938 1866 4013 μοναχὸς
1888 3941 2023 4013 (88),

371 4031 472 4096 τῆς
504 4023 561 4081 δὲ
592 4030 698 4081 τῶν
730 4014 1134 4103 Ἰεροσολύμων
1168 4021 1343 4088 οὐδεὶς
1376 4021 1465 4080 διὰ
1509 4026 1570 4081 τὸ
1620 4028 1745 4089 τοὸς
1801 4026 2024 4102 θρόνους

375 4115 642 4191 χηρεύειν
697 4119 1054 4190 πατριαρχῶν
1098 4115 1523 4189 κατασχεθέντας
1571 4115 1867 4187 τηνικαῦτα
1919 4117 2024 4172 ὑπὸ

374 4210 728 4281 Σαρακηνῶν.
791 4206 1258 4281 Συνηθροίσθησαν
1316 4203 1373 4260 δὲ
1418 4205 1554 4261 κατᾶ
1605 4205 1889 4282 Θεοδώρου
1928 4211 2025 4263 τοῦ

371 4301 474 4364 τῆς
503 4295 689 4369 Φαρὰν
708 4294 1028 4367 ἐπισκόπου,
1060 4294 1326 4364 Ὀνωρίου
1357 4296 1604 4368 Ῥώμης,
1635 4296 1809 4371 Κύρου
1839 4293 2024 4367 Ἀλεξ-

375 4380 649 4457 ανδρείας,
682 4384 908 4460 Σεργίου
979 4381 1035 4439 δὲ
1093 4383 1181 4439 καὶ
1243 4383 1456 4460 Πύρρου
1513 4385 1600 4439 καὶ
1658 4382 1876 4439 Παύλου
1932 4387 2023 4440 καὶ

378 4469 585 4546 Πέτρου
642 4470 953 4528 ἐπισκόπων
1009 4471 1634 4534 Κωνσταντινουπόλεως
1691 4471 2021 4548 γεγονότων,

2134 3321 2354 3375 sanctis
2376 3319 2665 3376 Patribus.
2690 3320 2996 3393 Principes
3015 3321 3256 3375 fuerunt
3271 3321 3590 3393 Agathonis
3611 3337 3779 3393 papas

2133 3410 2381 3465 Romani
2412 3409 2606 3465 locum
2649 3413 2940 3479 tenentes,
2994 3408 3333 3464 Theodorus
3383 3426 3451 3465 ac
3501 3409 3780 3481 Georgius

2133 3499 2462 3572 presbyteri
2484 3503 2542 3553 et
2558 3501 2813 3555 Joannes
2837 3498 3141 3563 diaconus,
3171 3504 3293 3555 tum
3319 3499 3601 3572 Georgius
3631 3499 3783 3571 Cpo-

2130 3589 2353 3645 litanus
2393 3593 2450 3644 et
2495 3589 2881 3661 Theophanes
2938 3590 3266 3644 Antiochia)
3325 3589 3777 3661 archiepiscopi,

2132 3678 2229 3733 hic
2260 3678 2444 3750 ipsius
2475 3684 2602 3733 tum
2642 3678 2881 3733 concilii
2936 3678 3231 3749 suffragiis
3282 3678 3573 3744 delectus,
3619 3683 3780 3732 moto

2132 3767 2417 3837 dignitate
2440 3768 2711 3836 Macario,
2735 3765 2890 3837 quod
2916 3766 3044 3836 ejus
3073 3783 3135 3821 se
3164 3782 3322 3820 sanae
3351 3765 3621 3838 religioni
3643 3783 3782 3821 con-

2131 3857 2479 3929 gruentibus
2529 3855 2782 3909 decretis
2828 3858 3172 3925 opponeret.
3225 3853 3596 3909 Gubernabat
3651 3858 3779 3909 tum

2130 3945 2591 4001 Alexandrinam
2625 3943 2769 3998 767
2805 3942 3129 3998 Ecclesiam
3170 3944 3377 3997 Petrus
3426 3944 3776 4013 monachus,

2132 4032 2676 4104 Hierosolymorum
2707 4048 2906 4099 nemo,
2941 4031 3102 4085 soliis
3133 4031 3603 4102 patriarcharum
3654 4049 3782 4087 ses-

2133 4138 2263 4177 sore
2290 4126 2415 4177 tum
2444 4121 2809 4188 vacantibus,
2848 4120 3005 4191 quod
3043 4125 3213 4175 erant
3242 4136 3276 4175 a
3304 4121 3642 4175 Sarracenis
3675 4136 3777 4174 oc-

2131 4216 2363 4284 cupata.
2406 4211 2683 4266 Coactum
2714 4210 2827 4265 fuit
2852 4210 2964 4264 hoc
2992 4210 3313 4264 concilium
3345 4215 3553 4265 contra
3588 4210 3779 4264 Theo-

2132 4300 2342 4355 dorum
2381 4299 2688 4366 Pharanis,
2734 4298 3054 4353 Honorium
3113 4300 3333 4362 Romus,
3383 4298 3598 4369 Cyrum
3648 4297 3781 4352 Ale-

2131 4389 2396 4445 xandrize
2427 4389 2757 4460 episcopos,
2793 4392 2851 4441 et
2870 4387 3158 4459 Sergium,
3184 4387 3497 4459 Pyrrhum,
3525 4385 3777 4442 Paulum
3844 4384 3849 4389 ’

2131 4495 2198 4534 ac
2227 4480 2488 4545 Petrum,
2522 4477 2620 4547 qui
2652 4476 2973 4549 Cpolitanaa
2996 4476 3271 4532 Eeclesim
3296 4476 3531 4531 fuerant
3551 4476 3783 4548 episco-

373 4556 453 4615 ἔτι
482 4557 541 4616 δὲ
569 4560 658 4616 καὶ
689 4561 828 4617 κατά
854 4565 963 4616 τῶν
994 4560 1441 4617 ἆνακαινισάντων
1487 4561 1585 4631 τήν
1637 4560 1841 4637 αἳρεσιν
1893 4562 2021 4617 τού-

2136 4568 2215 4640 pi,
2271 4567 2532 4637 itemque
2590 4565 2869 4621 adversus
2929 4582 3031 4620 eos
3089 4567 3188 4636 qui
3249 4565 3462 4621 horum
3520 4565 3777 4619 hmresin

371 4670 504 4718 των,
538 4651 819 4725 Μακαρίω
875 4653 972 4705 τοῦ
1031 4647 1426 4725 ὀνομασθέντος
1484 4650 1821 4726 Ἀντιοχείας
1880 4670 2018 4725 πρυ-

376 4735 557 4813 ἑδρου,
588 4737 864 4813 Στεφάνου
900 4741 1144 4812 μαθητοῦ
1174 4737 1339 4794 αὐτοῦ
1368 4740 1459 4793 καὶ
1493 4736 1875 4814 Πολυχρονίου
1907 4744 2018 4817 (89)

375 4829 476 4878 τοῦ
504 4828 879 4905 νηπιόφρονος
914 4830 1185 4906 γέροντος,
1244 4824 1513 4903 λεγόντων
1566 4823 1618 4882 ἔν
1669 4828 1886 4903 θέλημα
1929 4832 2020 4886 καὶ

2132 4655 2515 4724 renovabant,
2549 4671 2800 4726 quorum
2830 4654 2941 4710 fuit
2969 4655 3253 4710 Macarius
3284 4654 3525 4710 nomine
3562 4655 3779 4709 Antio-

2131 4744 2278 4801 chiae
2308 4761 2548 4816 praises,
2582 4744 2913 4816 Stephanus
2947 4743 3076 4815 ejus
3107 4743 3454 4815 discipulus,
3501 4748 3560 4798 et
3611 4742 3780 4813 Poly-

2131 4834 2410 4891 chronius
2441 4833 2651 4907 puerili
2714 4833 2982 4888 fatuitate
3033 4850 3236 4890 senex.
3286 4833 3677 4887 Afﬁrmabant
3721 4832 3781 4885 hi

1553 4998 1916 5059 XYLANDRI
1969 5006 2057 5060 ET
2113 5006 2330 5062 GOARI
2383 5006 2607 5060 ΝΟΤιΕ.

453 5138 565 5218 (81)
596 5140 849 5218 Zonaras
878 5142 1055 5218 habet
1084 5142 1407 5218 tria._Notaa
1440 5158 1826 5218 numerorum
1861 5145 1892 5197 ι’
1920 5163 2026 5218 pro

380 5210 431 5337 ξ’
460 5210 671 5338 aflisne;
698 5212 919 5271 habent
950 5214 1185 5283 figuras.
1211 5216 1416 5270 Servos
1439 5230 1676 5286 quoque
1702 5217 1878 5272 habet
1905 5210 2028 5274 fan-

408 5299 506 5337 um
580 5325 592 5337 .
680 5301 764 5338 YL.

408 5299 506 5337 um
540 5299 592 5337 δ.
626 5299 764 5339 ᾸΥΙ..

450 5353 563 5425 (88)
600 5356 852 5411 Verbum
886 5357 1173 5421 ianraaco
1204 5356 1444 5423 deﬁcit;
1480 5362 1536 5410 et
1584 5373 1722 5411 vero
1772 5359 2028 5417 Zonaras

378 5425 600 5503 diserte
649 5428 857 5503 scribit
914 5427 1365 5503 Alerandriam“
1390 5434 1531 5482 tunc
1553 5429 2028 5503 _archiepiscopo

375 5498 665 5574 caruisse,
698 5514 732 5574 a
762 5500 1089 5574 Saracenis,
1122 5506 1187 5555 ut
1213 5506 1271 5555 et
1301 5499 1729 5574 Hierosolyma,
1777 5498 2032 5574 occupa-

373 5573 517 5623 tam.
553 5569 668 5644 sed
709 5570 771 5644 in
805 5571 965 5644 Actis
998 5571 1176 5644 hujus
1208 5570 1442 5644 synodi,
1486 5569 1617 5640 quin
1666 5577 1725 5626 et
1770 5569 2031 5631 citantur

372 5640 649 5695 centuria
707 5641 979 5697 Historiae
1037 5640 1460 5699 ECclesiasticss
1529 5658 1692 5698 novae
1753 5645 2026 5717 septima,

2139 5152 2331 5204 exstat
2355 5149 2596 5218 Petrum
2628 5146 3037 5218 presbyterum
3078 5153 3137 5202 et
3185 5146 3542 5202 monachum
3584 5147 3781 5205 locum

2139 5219 2402 5275 tenuisse
2435 5216 2861 5288 archiepiscopi
2896 5218 3301 5273 Alexandrini.
3333 5219 3468 5274 XYL.

2212 5290 2323 5360 (89)
2370 5290 2595 5343 Nomen
2646 5289 2941 5360 monachi,
2993 5289 3093 5360 qui
3156 5290 3437 5344 mentitus
3495 5289 3782 5345 visionem

2137 5359 2415 5427 divinam,
2450 5359 2722 5413 hmresim
2758 5377 2923 5414 suam
2955 5359 3027 5414 ut
3059 5361 3424 5429 defenderet,
3480 5367 3782 5416 mortuum

2137 5448 2264 5486 sese
2287 5431 2349 5504 in
2372 5431 2551 5504 vitam
2576 5436 2985 5504 revocaturum
3011 5432 3228 5504 scheda
3252 5449 3373 5487 sum
3394 5433 3783 5504 professionis

2136 5502 2414 5573 imposita
2434 5502 2715 5573 jactavit;
2750 5508 2807 5556 et
2834 5519 2968 5558 cum
3018 5503 3092 5558 ad
3139 5520 3267 5559 rem
3317 5502 3556 5561 ventum
3606 5510 3783 5569 esset,

2136 5572 2389 5646 turpiter
2419 5572 2547 5646 sese
2575 5572 2757 5646 dedit,
2782 5590 2977 5646 neque
3002 5579 3198 5631 tamen
3223 5574 3296 5631 ab
3319 5592 3516 5634 errore
3535 5575 3781 5631 destitit.

2137 5641 2281 5702 Acta
2311 5644 2501 5717 Synod
2514 5645 2549 5700 i.
2586 5641 2722 5699 XvL.
