4052 6316
493 324 614 388 839
1851 327 2174 390 GEORGII
2215 328 2568 394 CEDRENI
3737 338 3827 399 840

495 462 736 516 unicam
763 461 902 516 Jesu
941 459 1157 516 Christi
1215 477 1344 517 esse
1402 477 1538 517 cum
1593 461 1958 518 voluntatem
2011 467 2095 518 tui

2259 461 2386 534 μίαν
2413 459 2677 540 ἐνέργειαν
2706 461 2797 518 ἐπὶ
2821 465 2920 518 τοῦ
2945 462 3154 538 Κυρίου
3197 464 3358 536 ἡμῶν
3412 465 3582 534 Ἰησοῦ
3622 467 3825 540 Χριστοῦ.

493 549 705 622 agendi
736 549 870 604 vim.
905 550 1060 614 Quos
1093 550 1356 622 synodus
1383 550 1694 616 damnans,
1744 551 2093 624 pronuntiav

2225 549 2358 632 ‘O'Jq
2388 551 2821 626 ἀναθεματίσασα
2865 551 3170 630 ἐξεφώνησε
3225 549 3319 606 δύο
3367 549 3632 625 θελήματα
3675 559 3825 632 φυσικὰ

495 638 640 692 duas
671 637 973 693 naturales
1031 639 1368 694 voluntates
1421 640 1788 712 totidemque
1841 641 2095 696 naturale

2226 630 2418 714 ¹ἣγουν
2449 640 2702 712 θελήσεις
2759 641 2851 697 καὶ
2891 639 2988 696 δύο
3047 641 3272 703 φυσικὰς
3331 639 3586 716 ἐνεργείας
3637 630 3712 698 ἐπὶ
3756 649 3826 700 τοῦ

492 725 703 797 agendi
727 725 1040 782 facultates
1071 744 1134 782 se
1164 744 1283 782 uno
1315 729 1565 784 Domino
1587 735 1790 784 nostro
1819 731 1957 785 Jesu
1985 730 2092 785 Chr

2251 728 2368 790 ἐνὸς
2401 726 2705 795 δείκνυσθαι
2747 731 2987 804 Χριστοῦ
3040 733 3140 784 τοῦ
3198 733 3332 784 Θεοῦ
3387 731 3556 802 ἡμῶν,
3609 731 3825 796 Ὡσαύτως

491 820 581 870 sto
613 815 1030 872 demonstrari.
1063 817 1352 872 Similiter
1371 817 1443 872 de
1467 819 1648 874 sacris
1685 819 1922 874 Domini
1952 824 2091 874 nost

2247 817 2336 871 καὶ
2369 818 2492 894 περὶ
2521 824 2629 874 τῶν
2657 820 2820 894 ἰερῶν
2849 825 2948 888 τῆς
3001 821 3248 894 Χριστοῦ
3287 821 3384 872 τοῦ
3431 822 3558 874 Θεοῦ
3613 821 3742 891 ἡμῶν
3767 823 3826 875 ol-

489 903 552 958 in
585 920 765 959 carne
796 905 1336 962 administrationis
1367 907 1652 980 symbolis
1689 908 1774 963 ita
1802 907 2041 962 statuit:
2075 909 2089 960 l

2247 907 2514 981 κονομίας
2547 904 2842 982 συμϐόλων
2869 907 3076 978 ἐξέθετο
3115 907 3312 968 οὕτως’
3365 908 3459 965 Ἕν
3504 928 3603 962 τισι
3642 913 3733 963 τῶν
3765 932 3826 966 σε·

489 992 846 1063 quibusdam
862 995 1334 1051 venerandarum
1353 996 1677 1068 imaginum
1695 996 1942 1067 picturis
1955 1012 2089 1068 agni

2247 1001 2396 1052 πτῶν
2425 997 2649 1054 εἰκόνων
2675 1003 2919 1078 γραφαῖς¹
2949 997 3126 1071 ἀμνὸς
3158 995 3408 1071 δακτύλῳ
3440 1001 3532 1052 τοῦ
3561 995 3827 1074 Προδρόμου

489 1081 865 1154 exprimitur,
919 1083 1100 1155 digito
1135 1085 1527 1140 Praecursoris
1577 1091 1984 1152 monstratus;
2039 1102 2089 1156 qi

2247 1081 2598 1160 δεικνύμενος
2632 1085 3050 1165 έγχαράττεται·
3085 1085 3144 1148 ὅς
3175 1087 3263 1142 καὶ
3313 1085 3388 1150 εἷς
3434 1086 3593 1142 τύπον
3641 1086 3827 1163 παρελή·

485 1177 545 1226 et
565 1189 672 1242 pro
693 1171 960 1242 exempla
971 1174 1016 1226 ri
1036 1175 1238 1244 gratim
1261 1179 1540 1245 acceptus
1563 1179 2085 1246 est,praamonstral

2246 1187 2353 1252 φθη
2380 1183 2480 1246 τῆς
2510 1177 2762 1253 χάριτος,
2796 1177 2888 1232 τὸν
2922 1175 3182 1249 ἀληθινὸν
3217 1178 3352 1250 ἡμῖν
3401 1173 3488 1232 διὰ
3532 1176 3686 1250 νόμου
3726 1199 3825 1251 προ-

485 1277 594 1332 per
623 1261 814 1334 legem
843 1262 1015 1318 nobis
1046 1279 1252 1318 verum
1303 1271 1532 1336 Agnum
1571 1265 1894 1320 Christum.
1936 1265 2085 1335 Itaqt

2281 1265 2600 1344 πεμφαίνων
2630 1267 2834 1340 Ἀμνὸν
2868 1267 3102 1341 Χριστὸν
3132 1267 3228 1322 τὸν
3257 1265 3386 1322 Θεὸν
3417 1268 3588 1338 ἡμῶν.
3616 1265 3735 1328 Τοὺς
3758 1267 3825 1321 οὖν
3878 1267 3881 1272 ⁴

487 1357 685 1410 vetera
715 1351 1035 1407 simulacra
1065 1359 1124 1408 et
1151 1353 1415 1424 umbras,
1446 1354 1532 1410 uti
1584 1354 1844 1410 veritatis
1883 1359 2087 1410 tessera

2241 1351 2512 1418 παλαιοὺς
2539 1355 2746 1420 τύπους
2773 1355 2864 1411 καὶ
2915 1355 3112 1426 σκηνὰς
3161 1355 3236 1416 ὡς
3281 1361 3382 1425 τῆς
3435 1352 3674 1424 ἀληθείας
3720 1355 3825 1428 σύμ-

485 1455 553 1495 ac
579 1441 911 1512 propositas
943 1442 1130 1497 multo
1155 1449 1292 1498 ante
1321 1443 1567 1516 efﬁgies,
1592 1442 1836 1499 traditas
1857 1443 2081 1499 Ecclesi

2241 1437 2386 1498 ϐολά
2413 1463 2473 1498 τε
2501 1443 2591 1500 καὶ
2638 1445 3082 1522 προχαράγματα
3125 1446 3196 1518 τῇ
3245 1441 3538 1514 Ἐκκλησία
3581 1439 3826 1519 παραδεδο-

483 1529 930 1600 amplectentes,
955 1529 1049 1586 his
1081 1536 1283 1586 tamen
1305 1531 1676 1603 praeferimus
1689 1531 1937 1605 gratiam
1955 1537 2083 1602 atqu

2243 1528 2434 1602 μένους
2463 1530 2931 1602 κατασπαζόμενοι
2959 1528 3060 1600 τήν
3097 1529 3260 1604 χάριν
3299 1529 3640 1604 προτιμῶμεν
3660 1529 3736 1582 καὶ
3755 1530 3825 1598 τήν

481 1617 807 1686 veritatem,
839 1635 1019 1687 quam
1047 1623 1114 1674 ut
1141 1619 1283 1692 legis
1307 1619 1753 1692 implectionem
1772 1619 2080 1691 accepimu

2239 1615 2526 1688 ἀλήθειαν,
2566 1618 2640 1681 ὡς
2672 1619 2825 1692 [439]
2855 1615 3140 1693 πλήρωμα
3170 1618 3347 1692 νόμου
3375 1617 3572 1688 ταύτην
3621 1613 3825 1686 ὑποδεξά-

481 1705 738 1761 Proinde
757 1712 822 1761 ut
850 1707 1180 1778 perfectum
1203 1709 1282 1762 sit
1309 1708 1368 1764 id
1393 1708 1550 1779 quod
1573 1710 1750 1764 etiam
1777 1709 1840 1764 in
1867 1708 2081 1766 coloru:

2245 1725 2420 1780 μενοι.
2453 1709 2541 1770 Ὦς
2571 1704 2632 1762 ἄν
2667 1707 2762 1764 οὗν
2787 1709 2850 1762 τὸ
2878 1706 3088 1762 τέλειον
3115 1707 3212 1762 κάν
3241 1711 3362 1771 ταῖς
3404 1705 3823 1783 χρωματουργίαις

486 1795 736 1868 picturis
748 1797 1017 1850 omnium
1041 1798 1384 1868 conspectui
1400 1797 2086 1870 exponitur,statuimust

2242 1792 2296 1849 έν
2325 1799 2442 1857 ταῖς
2468 1795 2720 1850 ἁπάντων
2750 1790 2934 1870 ὄψεσιν
2984 1795 3390 1874 ύπογράφηται,
3431 1795 3520 1850 τὸν
3567 1799 3653 1850 τοῦ
3690 1792 3825 1869 αἴρον·

2403 1885 2416 1898 .
2501 1886 2514 1898 .
2679 1885 2690 1898 .
2856 1888 2880 1898 ..
2966 1881 2977 1898 ι
3147 1886 3190 1898 ..
3320 1889 3348 1898 -
3380 1887 3420 1898 -.
3575 1888 3599 1898 -
3681 1888 3701 1898 -
3727 1889 3750 1898 κ
3800 1887 3818 1898 .

485 1900 662 1956 porro
697 1885 824 1939 loco
857 1885 1069 1940 veteris
1101 1887 1238 1958 agni
1264 1887 1526 1942 humana
1549 1886 1900 1957 Christi,qui
1929 1887 2085 1958 Agnu

2235 1903 2331 1948 τος
2358 1885 2459 1954 τήν
2489 1885 2756 1960 ἁμαρτίαν
2786 1888 2884 1940 τοῦ
2911 1881 3125 1959 κόσμου
3147 1886 3352 1958 Ἀμνοῦ
3380 1887 3602 1960 Χριστοῦ
3619 1888 3706 1937 τοῦ
3723 1887 3819 1938 θεοῦ

481 1972 687 2028 mundi
719 1979 959 2044 peccata
991 1975 1250 2043 sustulit,
1284 1975 1507 2046 effigies
1541 1977 1602 2030 in
1654 1975 1802 2030 768
1851 1975 2081 2047 imagini

2233 1973 2398 2045 ἡμῶν
2429 1975 2562 2029 κατᾶ
2587 1975 2651 2029 τὸ
2689 1975 3026 2046 ἀνθρώπινον
3085 1980 3411 2050 χαρακτῆρα
3436 1975 3522 2028 καὶ
3553 1973 3603 2028 έν
3629 1977 3728 2034 ταῖς
3767 1970 3819 2026 εἴ·

478 2063 598 2118 bus’
619 2069 896 2134 ponatur,
929 2082 1000 2119 ex
1029 2065 1161 2137 ipsa
1189 2065 1521 2122 humilitate
1553 2065 1930 2122 altitudinem
1956 2066 2078 2121 Ver]

2233 2061 2383 2117 κόσιν
2414 2061 2520 2118 ἀπὸ
2545 2067 2643 2118 τοῦ
2672 2067 2758 2118 νῦν
2815 2063 2930 2118 ἀντὶ
2985 2067 3083 2118 τοῦ
3132 2061 3372 2119 παλαιοῦ
3425 2062 3592 2136 ἀμνοῦ
3635 2061 3816 2130 ἀναστη-

476 2148 899 2220 intelligentes,
932 2156 1058 2206 tum
1089 2151 1162 2206 ad
1193 2152 1278 2206 rei
1312 2151 1374 2211 in
1405 2169 1583 2208 carne
1613 2169 1647 2208 a
1685 2151 1930 2207 Domino
1947 2157 2076 2224 gest

2233 2149 2456 2208 λοῦσθαι
2487 2152 2766 2229 ὁρίζομεν,
2796 2149 2868 2208 δι’
2897 2154 3066 2208 αὐτοῦ
3095 2153 3160 2208 τὸ
3185 2159 3288 2223 τῆς
3319 2153 3670 2212 ταπεινώσεως
3713 2148 3812 2223 ὕψος

477 2238 874 2309 suppliciique
916 2239 989 2294 ab
1021 2255 1090 2294 eo
1125 2240 1356 2295 tolerati
1388 2247 1446 2296 et
1475 2240 1754 2296 salutaris
1810 2241 2020 2296 mortis
2069 2260 2077 2293 ι

2227 2244 2326 2296 τοῦ
2355 2245 2488 2296 Θεοῦ
2521 2241 2706 2320 Λόγου
2733 2245 3141 2311 κατανοοῦντες,
3174 2240 3267 2296 καὶ
3316 2241 3450 2316 πρὸς
3504 2241 3703 2314 μνήμην
3741 2243 3813 2306 τῆς

389 2334 400 2340 '
473 2325 710 2381 liberati
740 2341 848 2397 per
878 2326 1030 2382 hanc
1060 2327 1267 2382 mundi
1292 2329 1642 2384 memoriam
1665 2333 1731 2382 ut
1750 2327 1920 2398 quasi
1944 2344 1989 2382 m

2229 2329 2284 2386 ἐν
2316 2332 2473 2406 σαρκὶ
2503 2331 2784 2395 πολιτείας
2811 2333 2914 2388 τοῦ
2941 2353 3001 2388 τε
3029 2331 3233 2396 πάθους
3266 2331 3432 2387 ἅύτοῦ
3485 2331 3568 2386 καὶ
3611 2333 3694 2384 τοῦ
3731 2349 3812 2382 σω-

476 2415 782 2472 ducamur.
2226 2417 2424 2495 τηρίου
2480 2422 2712 2486 θανάτου
2769 2423 3276 2499 χειραγωγούμενοι
3333 2419 3424 2476 καὶ
3485 2425 3581 2490 τῆς
3631 2417 3814 2480 ἐντεῦθεν

2225 2509 2518 2585 γινομένης
2542 2513 2624 2584 τῷ
2653 2511 2850 2584 κόσμῳ
2881 2509 3340 2584 ἀπολυτρώσεως.

545 2595 891 2652 Tenendum
915 2602 1010 2652 est
1039 2598 1220 2653 etiam
1249 2598 1396 2654 alias
1424 2598 1607 2654 fuisse
1639 2597 1812 2654 certis
1863 2598 1924 2653 in
1976 2598 2122 2654 locis

2300 2597 2494 2656 Ἰστέον
2523 2595 2582 2654 δὲ
2609 2599 2682 2662 ὡς
2705 2599 2795 2654 καὶ
2851 2595 3028 2674 ἕτεραι
3076 2597 3328 2675 γεγόνασι
3393 2599 3550 2654 τόποι
3601 2596 3676 2653 καὶ
3724 2593 3809 2649 σύν·

472 2687 753 2757 synodos,
785 2703 1034 2758 quarum
1067 2687 1304 2742 decreta
1334 2687 1645 2757 habemus,
1677 2689 1910 2744 tametsi
1943 2705 2026 2743 em
2058 2687 2072 2741 i

2228 2685 2483 2756 οδοι,καί
2513 2687 2732 2751 κανόνας
2779 2689 2985 2744 τούτων
3034 2689 3373 2764 κατέχομεν,
3424 2688 3470 2744 εί
3513 2687 3598 2743 καὶ
3642 2687 3702 2759 μὴ
3739 2703 3802 2737 xo-

469 2793 718 2832 numero
777 2794 880 2834 sex
933 2778 1182 2834 istorum
1241 2777 1628 2834 conciliorum
1687 2795 1808 2834 non
1864 2784 2069 2834 exstan

2227 2776 2358 2853 ρίως
2388 2777 2478 2832 καὶ
2509 2783 2587 2850 τῷ
2628 2779 2846 2851 ἀριθμῷ
2891 2781 2999 2834 τῶν
3046 2772 3096 2850 ἕξ
3141 2779 3500 2852 ἀριθμοῦνται
3547 2773 3799 2839 συνόδων-ἡ

467 2865 601 2921 Tale
633 2865 745 2920 fuit
776 2866 935 2938 quod
963 2869 1210 2938 Ancyraa
1241 2873 1439 2922 actum
1470 2873 1580 2936 est,
1614 2868 1755 2923 item
1813 2869 2067 2923 Neocaas:

2225 2864 2279 2920 ἐν
2311 2865 2569 2942 Ἀγκύρᾳ,
2597 2869 2631 2937 ἡ
2658 2865 2709 2921 ἐν
2763 2865 3178 2941 Νεοκαισαρείᾳ,
3230 2867 3265 2935 ἡ
3315 2865 3374 2922 ἐν
3421 2867 3678 2943 Γάγγραις,
3709 2861 3787 2930 ἡὲν

464 2971 606 3024 rem,
639 2955 904 3027 Gangris,
934 2957 1286 3025 Antiochia),
1319 2955 1644 3026 Laodicea),
1666 2956 1942 3025 Sardicaa,
1976 2957 2064 3012 Ca]

2225 2957 2556 3034 Ἀντιοχείᾳ,
2577 2959 2614 3028 ἡ
2641 2956 2698 3014 ἒν
2751 2954 3062 3030 Λαοδικείᾳ,
3094 2959 3130 3027 ἡ
3179 2958 3232 3013 έν
3266 2955 3538 3034 Σαρδικῇ,
3567 2959 3600 3027 ἡ
3632 2956 3668 3010 ἐν
3695 2953 3784 3023 Κιρ-

469 3045 724 3116 thagine.
750 3047 884 3102 Haec
912 3047 1072 3101 enim
1095 3051 1298 3102 coacta
1330 3053 1469 3102 sunt
1497 3046 1571 3101 ob
1597 3047 1957 3118 quaestiones
1988 3063 2069 3102 cel

2221 3045 2436 3122 ταγένιιο
2471 3045 2540 3102 At
2595 3045 2690 3120 μὲν
2747 3046 2850 3122 γὰρ
2905 3049 3149 3102 τοπικῶν
3208 3048 3492 3118 ζητήσεων
3543 3044 3674 3100 ἓνεκα
3711 3059 3789 3094 σον·

463 3136 538 3190 tis
569 3135 716 3191 locis
745 3136 1006 3206 obortas,
1038 3154 1232 3210 neque
1249 3139 1424 3209 jussu
1447 3139 1894 3210 imperatorum,
1922 3155 2063 3210 neqt

2223 3133 2476 3206 έστησαν,
2511 3136 2650 3209 μήτε
2684 3131 2952 3210 βασιλέων
2982 3131 3448 3210 συνεδρετσάντων
3501 3134 3665 3194 αὐταῖς
3705 3129 3799 3204 μήτε

463 3225 540 3279 iis
563 3225 956 3296 praasentibus
977 3242 990 3280 :
1015 3197 1158 3297 quin
1184 3227 1362 3281 etiam
1385 3226 1598 3282 horum
1619 3227 1892 3299 quaedam
1915 3227 2063 3284 habit

2225 3225 2659 3300 προσταξάντων,
2695 3228 2859 3280 τινῶν
2901 3222 2959 3280 δὲ
3005 3225 3184 3281 αὐτῶν
3239 3224 3335 3280 καὶ
3394 3226 3501 3302 πρὸ
3550 3231 3640 3293 τῆς
3686 3237 3801 3276 κατα·

467 3318 609 3368 sunt
631 3314 980 3385 priusquam
999 3315 1312 3370 Christiani
1339 3315 2067 3388 exsisterentimperatore;

2224 3313 2458 3376 στάσεως
2496 3319 2602 3369 τῶν
2633 3317 2978 3389 Χριστιανῶν
3013 3311 3284 3389 βασιλέων
3347 3312 3716 3393 γεγενημένων.
3755 3307 3804 3364 Αἱ

463 3403 756 3458 Caeterum
788 3403 907 3458 illa)
935 3405 1316 3460 (Βουτοεηίοω
1347 3404 1606 3472 fuerunt,
1637 3407 1722 3464 sic
1751 3405 1944 3476 dicta),
1978 3424 2058 3478 qu

2226 3400 2283 3458 δὲ
2307 3403 2683 3477 οἶκουμενικαὶ
2713 3403 3018 3479 γεγόνασιν.
3071 3401 3424 3475 Ἐκλήθησαν
3468 3401 3524 3459 δὶ
3566 3401 3811 3472 οἷκουμενι-

457 3491 633 3563 jussu
663 3491 1091 3564 imperatorum
1114 3494 1328 3548 summi
1346 3495 1680 3566 pontiﬁces,
1699 3500 1993 3566 quotquot
2011 3514 2057 3568 με

2220 3493 2333 3563 καὶ,
2367 3489 2509 3548 διότι
2565 3491 2626 3548 ἐκ
2679 3491 2974 3547 κελεύσεων
3037 3490 3349 3568 βασιλικῶν
3406 3493 3458 3549 οἱ
3512 3490 3634 3548 κατᾶ
3679 3491 3809 3544 πᾶσα·

463 3580 782 3652 imperium
813 3583 1146 3638 Romanum
1179 3589 1369 3653 erant,
1403 3589 1950 3652 convocarentur,et
1975 3589 2063 3657 qui

2217 3583 2316 3650 τήν
2367 3581 2655 3655 Ῥωμαίων
2722 3580 3004 3636 πολιτείαν
3084 3580 3368 3658 ἀρχιερεῖς
3429 3577 3805 3656 μετεκλτςθησαν,

459 3668 523 3724 in
549 3669 754 3740 quavis
777 3673 1341 3744 earum,praesertim
1355 3688 1490 3728 vero
1511 3673 1850 3739 sexistis,de
1875 3674 1990 3730 [ide
2001 3675 2059 3731 fu

2217 3672 2307 3726 καὶ
2337 3669 2422 3727 ὅτι
2451 3669 2505 3725 έν
2537 3671 2756 3745 ἑκάστῃ,
2785 3671 2876 3726 καί
2910 3667 3149 3744 μάλιστα
3207 3675 3314 3726 τῶν
3377 3667 3430 3746 ἓξ
3486 3670 3674 3726 τούτων
3717 3683 3811 3718 συν-

461 3761 778 3831 quaesitum
791 3763 1205 3835 suffragiisque
1219 3769 1415 3820 actum
1431 3763 1878 3820 etdefinitiones
1893 3781 1999 3822 seu
2015 3765 2061 3822 di

2219 3758 2383 3832 όδων,
2420 3759 2544 3834 περὶ
2574 3761 2808 3822 πίστεως
2838 3763 2873 3830 ὴ
2909 3761 3133 3832 ζήτησις
3163 3760 3358 3837 γέγονε
3385 3761 3478 3817 καὶ
3507 3759 3674 3835 ψῆφος
3713 3753 3809 3824 ἢτοι

459 3853 622 3906 creta
650 3849 832 3905 edita.
867 3851 1064 3906 Prima
1085 3851 1306 3907 etenim
1337 3868 1472 3907 cum
1502 3851 1867 3908 definivisset
1896 3853 2059 3909 Filiux

2215 3851 2342 3926 ὃρος
2378 3848 2707 3927 δογματικὸς
2743 3847 3072 3923 ἐξενήνεκτο.
3103 3849 3166 3904 Ἱι
3210 3849 3306 3923 μὶν
3353 3851 3457 3928 γὰρ
3501 3848 3677 3926 πρώτη
3721 3839 3811 3915 ὁρί-

457 3937 614 3990 Patri
637 3955 766 3992 esse
787 3939 1074 4010 aequalem
1089 3940 1555 4009 essentia,simul
1570 3941 1748 3996 etiam
1763 3942 1824 3997 in
1839 3949 2057 3998 sanctul

2217 3959 2350 3994 σασα
2379 3938 2674 4014 ὁμοούσιον
2701 3943 2782 4012 τῷ
2814 3939 2986 4014 ίΙατρὶ
3023 3939 3116 3994 τὸν
3167 3939 3316 4008 Υἱὸν,
3372 3927 3704 4015 παρηγγύησε
3742 3927 3810 3986 καὶ

457 4024 740 4096 Spiritum
771 4027 930 4084 credi
969 4028 1168 4098 jussit.
1203 4029 1474 4085 Secunda
1505 4030 1786 4102 Spiritum
1837 4031 2057 4103 ejusdeI

2215 4027 2292 4092 εἷς
2319 4029 2382 4084 τὸ
2413 4031 2629 4102 Πνεῦμα
2651 4029 2714 4084 τὸ
2771 4029 2926 4104 ἅγιον
2963 4027 3256 4084 πιστεύειν’
3282 4029 3320 4098 ἢ
3353 4025 3412 4084 δὲ
3456 4025 3664 4100 δευτέρα
3710 4021 3811 4092 ὁμο·

454 4129 590 4169 cum
607 4115 778 4171 Patre
793 4120 851 4171 et
863 4117 1008 4172 Filio
1029 4124 1256 4174 natura:
1279 4135 1406 4174 esse
1427 4121 1737 4192 perspicue
1753 4120 2050 4178 decernen

2215 4118 2397 4174 ούσιον
2425 4122 2524 4174 τοῦ
2554 4117 2762 4192 Πατρὸς
2795 4117 2884 4172 καὶ
2920 4120 3019 4172 τοῦ
3071 4117 3200 4172 Υἱοῦ
3243 4117 3308 4173 τὸ
3363 4121 3580 4190 Πνεῦμα
3627 4111 3810 4187 ὁρίσασα

457 4203 733 4259 eumdem
771 4205 945 4276 juxta
999 4206 1234 4263 adorari
1289 4207 1488 4263 voluit.
1543 4209 1736 4264 Tertia
1792 4209 2057 4266 Dominul

2211 4213 2420 4283 τρανῶς
2454 4207 2982 4282 συμπροσκυνεῖσθαι
3035 4205 3327 4270 έθεσπισεν·
3385 4209 3421 4277 ἡ
3479 4203 3534 4260 δὲ
3585 4200 3722 4278 τρίτη
3745 4193 3807 4283 τέ’

456 4298 728 4349 nostrum
783 4295 983 4351 Jesum
1040 4297 1305 4352 Chistum
1364 4297 1624 4368 perfecta
1699 4315 1834 4354 cum
1911 4299 2056 4354 divin

2215 4281 2362 4352 Xewv
2403 4295 2456 4350 έν
2485 4281 2704 4364 θεότητι
2731 4292 2822 4348 καὶ
2849 4291 3060 4350 τέλειον
3089 4291 3142 4348 έν
3171 4287 3552 4368 ἀνθρωπότητι
3595 4289 3678 4346 τὸν
3723 4281 3808 4340 Κύ-

458 4387 582 4438 tum
611 4383 874 4440 humana
901 4385 1218 4456 prmditum
1240 4393 1454 4442 natura
1481 4387 1898 4460 pronuntians,
1920 4407 2058 4446 unm

2213 4407 2330 4463 ριον
2362 4388 2524 4460 ἡμῶν
2585 4385 2796 4456 Ἰησοῦν
2845 4383 3078 4460 Χριστὸν
3123 4383 3370 4459 ὁρίσασα,
3408 4379 3504 4439 ἕνα
3525 4381 3611 4437 καὶ
3639 4378 3697 4433 οὗ
3737 4371 3809 4428 δύο

465 4477 525 4526 et
553 4489 674 4528 non
707 4473 856 4530 duos
887 4475 1066 4530 Filios
1094 4491 1224 4532 esse
1271 4477 1496 4532 statuit.
1530 4478 1747 4543 Quarta
1791 4479 2065 4550 praedicta

2212 4475 2370 4539 Υῖοῦς
2401 4474 2772 4551 ἐδογμάτισεν.
2807 4476 2842 4545 ἡ
2874 4471 2932 4529 ὁὶ
2955 4475 3186 4548 τετάρτη
3217 4475 3285 4530 τὰ
3338 4470 3699 4550 προλεχθέντα
3735 4483 3809 4520 κ’)-

453 4563 779 4619 sententias
813 4565 962 4620 769
995 4571 1154 4622 ratas
1175 4565 1418 4639 jubens,
1477 4583 1752 4640 expresse
1802 4569 2053 4626 mandav

2211 4565 2448 4642 ρώσασα³
2481 4561 2580 4618 δύο
2609 4562 2794 4642 φύσεις
2839 4561 2894 4617 ἐν
2943 4561 3092 4635 αύτῷ
3138 4561 3492 4639 γνωρίζεσθαι
3539 4554 3811 4634 ἀσυγχύτως

447 4650 510 4706 in
539 4651 686 4706 Filio
717 4651 864 4710 duas
895 4661 1139 4711 naturas
1171 4656 1397 4728 absque
1425 4656 1773 4712 confusione
1807 4665 1864 4714 et
1902 4659 2047 4715 divu]

2205 4655 2292 4711 καὶ
2349 4651 2668 4729 ἀδιαιρέτως
2719 4657 2930 4728 τρανῶς
2986 4648 3355 4728 διηγόρευσεν·
3419 4653 3455 4722 ἡ
3512 4647 3569 4706 δὲ
3620 4647 3805 4729 πέμπῖη

444 4739 613 4797 sione
644 4743 825 4798 credi.
858 4744 1076 4810 Quinta
1105 4727 1312 4800 eadem
1344 4745 1470 4801 haec
1511 4747 1892 4812 confirmans,
1927 4749 2044 4802 Chr:

2208 4748 2366 4800 ταῦτα
2418 4727 2786 4820 βεϐαιώσασα,
2843 4741 2964 4806 καθ’
3013 4741 3263 4818 ἑκατέραν
3349 4741 3508 4820 φύσιν
3562 4727 3808 4806 θελητικόν

447 4835 602 4886 stum
635 4832 962 4888 secundum
1010 4839 1324 4905 utramque
1375 4841 1649 4890 naturam
1689 4835 1990 4892 voluntate
2039 4856 2047 4891 ι

2207 4835 2292 4889 καὶ
2325 4832 2666 4909 ἐνεργητικὸν
2701 4831 2862 4886 αὐτὸν
2893 4830 3036 4885 εἶναί
3081 4851 3140 4888 τε
3195 4831 3284 4887 καὶ
3340 4831 3688 4907 γνωρίζεσθαι
3735 4838 3807 4909 σᾷ·

445 4920 796 4978 efﬁcacitate
827 4922 1142 4994 prmditum
1173 4923 1412 4994 agnosci
1443 4925 1745 4996 prmcepit.
1778 4925 1949 4982 Sexta
1975 4943 2045 4982 on

2209 4927 2320 5001 φῶς
2348 4908 2640 4996 ἀπέφηνεν·
2673 4923 2708 4990 ἡ
2739 4917 2797 4975 δὲ
2825 4917 2954 4991 ἓκτη
2985 4921 3052 4975 τὰ
3079 4925 3187 4976 τῶν
3227 4919 3376 4976 ’ὀλων
3407 4915 3640 4975 συνόδων
3691 4908 3809 5001 ἐπε-ξ·

444 5011 610 5067 nium
641 5013 1034 5069 conciliorum
1065 5013 1302 5069 decreta
1332 5031 1649 5071 recensens
1679 5021 1856 5088 atque
1881 5034 2044 5090 appr<

2204 4997 2434 5070 ἐλθοῦσα
2489 5009 2581 5066 καὶ
2643 5003 3010 5085 βεϐαιώσοισα⁹
3091 5007 3305 5066 τέλειον
3378 5010 3468 5064 καὶ
3544 5005 3670 5074 αὐτῆ
3731 4997 3804 5090 τλδν

442 5099 612 5170 bans,
647 5102 776 5174 ipsa
807 5119 1044 5174 quoque
1075 5104 1370 5158 Christum
1425 5085 1777 5175 perfectum_
1803 5112 1860 5161 et
1909 5085 2042 5163 ben]

2207 5103 2398 5177 Κύριον
2426 5102 2588 5174 ἡμῶν
2617 5099 2832 5168 Ἰησοῦν
2879 5099 3109 5174 Χριστὸν
3155 5097 3212 5154 έν
3263 5100 3482 5169 θεότητι
3523 5095 3608 5152 καὶ
3657 5085 3807 5177 ἐνώάν-

443 5194 500 5244 et
529 5173 839 5247 hominem
895 5209 1025 5248 esse
1077 5193 1346 5264 professa
1402 5199 1509 5248 est.
1569 5196 1751 5250 Porro
1810 5213 1846 5251 a
1899 5197 2043 5268 prim

2203 5173 2518 5269 θρωπότητι
2545 5187 2894 5264 ἐξεφώνησεν.
2929 5173 3060 5244 Ἅπὸ
3089 5192 3216 5262 γοῦν
3243 5193 3343 5258 τῆς
3373 5188 3420 5242 α’
3465 5181 3682 5280 συνόδου
3720 5173 3803 5280 gms

443 5279 696 5335 concilio
757 5298 944 5352 usque
1001 5281 1076 5337 ad
1151 5282 1482 5339 secundum
1567 5285 1705 5340 anni
1793 5284 2043 5343 ﬂuxerul

2207 5263 2306 5351 τῆς
2339 5276 2588 5353 δευτέρας
2617 5263 2710 5346 ἔτη
2741 5275 2840 5368 νςὶ,
2873 5275 2978 5368 ἀπὸ
3006 5283 3130 5368 ’τῆς
3183 5278 3229 5350 β’
3257 5275 3389 5368 ἓως⁸
3411 5282 3512 5368 τῇς
3557 5263 3723 5368 γ’ᾼὲτη
3737 5263 3806 5368 ’νδ

441 5369 890 5433 56,asecundo
940 5371 1192 5427 concilio
1249 5371 1326 5428 ad
1384 5373 1623 5428 tertium
1684 5377 1774 5440 50,
1829 5391 1863 5430 a
1921 5381 2041 5431 tert:

2205 5369 2310 5426 ἀπὸ
2339 5375 2440 5438 τῆς
2462 5367 2509 5441 γ’
2536 5363 2642 5425 ἕως
2669 5367 2770 5429 τῆς
2805 5360 2850 5418 δ’
2877 5359 2971 5434 ἔτη
3006 5363 3077 5436 λ’,
3109 5365 3216 5421 ἀπὸ
3243 5373 3342 5436 τῆς
3367 5362 3411 5420 δ’
3437 5361 3544 5424 ἓως
3579 5365 3670 5428 τῆς
3688 5356 3805 5441 ε’ξτη

441 5455 516 5510 ad
551 5462 830 5526 quartum
859 5459 949 5525 30,
981 5476 1016 5515 a
1045 5466 1254 5530 quarto
1285 5461 1360 5516 ad
1385 5463 1659 5532 quintum
1683 5437 1804 5530 102,
1829 5481 1864 5520 a
1885 5467 2041 5537 quint

2208 5461 2308 5536 ρβ’,
2341 5437 2447 5514 ἀπὸ
2473 5437 2574 5526 τῆς
2605 5461 2642 5510 ε’
2668 5451 2776 5518 ἕως
2799 5459 2900 5524 τῆς
2936 5455 2976 5523 ζ’
3005 5452 3097 5526 ἔτη
3133 5455 3268 5530 ρκθ“,
3299 5454 3386 5510 καὶ
3419 5453 3526 5508 ἀπὸ
3555 5451 3647 5518 τῆς
3673 5437 3808 5514 ζ’ἳως

435 5545 510 5600 ad
541 5551 778 5601 sextum
807 5551 928 5617 129,
961 5566 997 5604 a
1021 5555 1183 5605 sexto
1213 5549 1292 5605 ad
1325 5551 1644 5622 septimum
1687 5555 1808 5610 122.

1068 5555 1183 5605 sxto
1213 5549 1292 5605 ad
1325 5551 1644 5622 septimum
1687 5555 1808 5610 122.
2203 5559 2304 5622 τῆς
2331 5552 2372 5620 ζ’
2400 5545 2492 5622 ἔτη
2528 5547 2668 5626 ρκβ“.

504 5637 586 5691 Ea
617 5639 990 5708 tempestate,
1021 5654 1157 5694 cum
1188 5638 1433 5710 quidam
1469 5641 1654 5708 solus,
1711 5658 1856 5696 cane
1907 5647 2094 5700 comi-

2273 5643 2362 5698 ’Ev
2390 5622 2609 5700 τούτοις
2651 5636 2767 5696 τοῖς
2825 5632 3052 5708 χρόνοις
3110 5633 3378 5711 ἀνθρώπῳ
3435 5631 3544 5689 τινὶ
3599 5622 3803 5684 ὁδεύοντι
