4108 6300
316 363 445 433 853

1449 372 1998 437 HISTORIARUM
2045 369 2580 438 COMPENDIUM.

3626 369 3747 430 εει

324 524 512 562 τευσεν
577 504 744 580 Ἀζὶρ
838 506 939 572 τήν
994 503 1249 564 Κιλικιαν
1309 505 1442 579 μετᾶ
1498 503 1770 580 χιλιάδων
1831 503 1982 576 δέκα,

2098 506 2276 562 stium
2307 514 2536 579 partem
2566 506 2761 575 caedit,
2804 506 3069 579 reliquos
3118 505 3347 560 vinctos
3400 502 3748 574 imperatori

327 594 423 649 καὶ
456 594 765 670 περιτυχὼν
815 595 1003 658 αὖτοῖς
1049 593 1372 665 Ἡράκλειος
1411 596 1440 650 6
1482 592 1714 673 ἂδελφὸς
1745 598 1844 650 τοῦ
1878 595 1989 669 βα-

330 681 533 744 σιλέως
563 682 690 745 τοὺς
721 682 978 745 πλείοτας
1008 683 1309 751 ἀπέκτεινε,
1358 682 1492 748 τοὺς
1520 681 1577 739 Si
1609 681 1870 755 λοιποὺς,
1901 679 1993 737 δε·-

330 770 531 843 σμίους
560 774 640 840 τῷ
674 769 894 845 βασιλεῖ
922 769 1283 841 ἐξαπέστειλε.

404 862 504 932 Τῷ
542 860 586 924 ς’
612 853 717 915 ἔτει
761 856 989 930 ’Ἃζιδας
1028 861 1056 915 6
1094 864 1192 916 τοῦ
1250 862 1454 919 Χουνὲϊ
1512 859 1863 927 ἐπεστράτευε
1889 861 1991 929 τὴν

332 947 614 1016 Κιλικίαν,
656 948 747 1003 καὶ
805 947 1182 1023 πολιορκήσας
1237 950 1299 1005 τὸ
1360 949 1542 1005 Σῖσιον
1597 956 1829 1023 κάπρον
1860 969 1991 1004 κατ-

333 1031 553 1092 έϐαλεν·
605 1037 666 1091 ὅν
733 1036 1034 1117 ἐπιφθάσας
1094 1040 1250 1094 ὁτοῦ
1284 1037 1553 1113 βασιλέως
1608 1035 1843 1101 ἀδελφὸς
1898 1035 1990 1091 xxi

332 1124 661 1202 πολεμήσας
718 1128 915 1181 κτείνει
979 1124 1189 1183 δώδεκα
1246 1126 1510 1204 χιλιάδας
1567 1123 1845 1202 Ἀράϐων.
1877 1130 1991 1184 Τοῦ

329 1215 718 1271 Ἰουστινιανοῢ
748 1213 807 1271 δὲ
860 1216 911 1271 ἐν
968 1222 1206 1271 Χεοσῶνι
1277 1214 1559 1292 διάγοντος
1612 1217 1701 1273 καὶ
1736 1216 1992 1291 Λέγοντος

330 1301 504 1359 πάλιν
538 1306 626 1378 [Ρ.
660 1305 787 1379 445]
819 1304 1007 1361 ἑαυτὸν
1045 1305 1367 1381 βασιλεύειν,
1402 1308 1455 1361 οἱ
1483 1311 1593 1361 τῶν
1623 1305 1794 1361 ἐκεῖσε
1832 1305 1995 1374 οἰκή-

338 1414 498 1467 τορες
529 1393 621 1448 τὸν
661 1393 723 1449 ἐκ
749 1398 847 1450 τοῦ
889 1394 1160 1469 βασιλέως
1193 1393 1442 1451 κίνδυνον
1472 1392 1797 1473 φοϐηθέντες
1830 1390 1993 1450 ἐϐου-

329 1482 592 1540 λεύσαντο
650 1489 841 1540 τοῦτον
897 1487 1107 1540 ἀνελεῖν
1139 1485 1175 1556 ἢ
1206 1491 1287 1559 τῷ
1354 1487 1573 1560 βασιλεῖ
1619 1484 1990 1561 περιπέμψαι.

332 1572 515 1636 Αὐτὸς
577 1571 636 1628 δὲ
689 1578 851 1629 τοῦτο
907 1570 1221 1652 διεγνωκὼς
1273 1573 1518 1647 ἠδυνήθη
1579 1574 1854 1653 ἐκφυγεῖν,
1902 1575 1993 1629 καὶ

327 1660 413 1723 εἷς
433 1662 497 1716 τὸ
529 1663 704 1737 Δαρᾶς
745 1661 918 1727 ἐλθὼν
980 1665 1224 1739 ᾐτήσατο
1273 1665 1365 1720 τὸν
1415 1670 1523 1721 τῶν
1581 1665 1841 1740 Χαζάρων
1876 1668 1996 1735 ('26)

334 1750 584 1822 Χαγᾶνον
633 1746 789 1805 ἰδεῖν.
844 1751 945 1806 Καὶ
1003 1750 1063 1812 ’ὸς
1118 1748 1332 1821 ἐδέξατο
1391 1752 1552 1807 αὑτὸν
1615 1752 1748 1825 μετὰ
1797 1757 1993 1822 τιμῆς,

2095 597 2300 653 mittit.

2166 867 2333 919 Anno
2364 868 2528 919 Sexto
2556 861 2767 918 Azidas
2796 860 3021 916 Chunei
3063 860 3221 915 filius
3273 857 3492 912 Cilicina
3522 855 3743 911 bellum

2093 952 2275 1007 infert
2290 957 2666 1021 castrumque
2684 950 2899 1004 Sisium
2922 952 3320 1019 expugnatum
3344 944 3746 1000 evertil.Hunc

2096 1046 2403 1097 assecutus
2423 1040 2741 1097 Heraclins.
2761 1043 2819 1093 et
2839 1053 3034 1107 pugna
3054 1032 3747 1105 congressus.duodecim

2094 1131 2284 1186 millia
2296 1129 2555 1185 Arabum
2569 1126 3052 1184 occidit.lnterim
3066 1122 3436 1179 Justinianus
3448 1122 3747 1176 Cbersone

2095 1220 2316 1289 degens
2337 1237 2471 1276 cum
2495 1236 2558 1276 se
2579 1217 2897 1289 imperium
2916 1220 3296 1286 recepturum
3321 1210 3745 1282 diceret.oppi-

2095 1309 2232 1364 dani
2260 1308 2371 1364 sibi
2398 1307 2469 1362 ab
2511 1308 2868 1378 imperatore
2903 1322 2973 1360 eo
3005 1303 3245 1359 nomine
3293 1304 3628 1355 metuentes
3658 1296 3751 1351 vel

2096 1398 2433 1454 interﬁcere
2454 1397 2621 1453 illum
2643 1397 2731 1451 vel
2752 1393 3100 1467 imperatori
3132 1393 3367 1448 mittere
3389 1392 3746 1444 statuerunt.

2097 1489 2220 1553 Quo
2251 1487 2660 1544 animadverso
2688 1484 3056 1540 Justinianus
3085 1483 3225 1554 fuga
3267 1479 3379 1536 sibi
3411 1477 3746 1543 consuluit;

2096 1593 2350 1648 cumque
2389 1577 2570 1631 Daras
2600 1575 2985 1647 pervenisset,
3045 1569 3303 1643 Chagani
3357 1568 3747 1623 Chazarorum

2096 1665 2283 1739 reguli
2311 1680 2690 1737 congressum
2732 1663 2921 1735 petiit.
2953 1663 3007 1717 Is
3041 1663 3075 1715 1
3096 1660 3191 1715 19
3251 1674 3387 1714 eum
3417 1655 3745 1712 honoriﬁce

2097 1755 2493 1827 excepit,data
2510 1754 2573 1808 in
2593 1751 3041 1809 matrimonium
3060 1764 3262 1805 sorore
3281 1763 3387 1803 sua
3402 1744 3706 1801 Theodora
3730 1759 3744 1808 ;

326 1837 422 1891 καὶ
457 1833 668 1906 ἐξέδοτο
727 1834 877 1908 αὐτῷ
931 1837 1009 1900 εἷς
1064 1845 1295 1912 γυναῖκα
1353 1836 1633 1914 Θεοδώραν
1687 1839 1788 1906 τὴν
1820 1836 1979 1894 ἀδελ-

2098 1845 2392 1916 pauloque
2423 1849 2555 1915 post
2587 1841 2879 1914 persuasit
2897 1844 2964 1896 ut
2994 1855 3129 1894 cum
3178 1835 3485 1892 Theodora
3511 1834 3748 1889 Phana-

331 1927 448 1996 φὴν
478 1924 800 1983 αὐτοῦ.Καῖ
858 1928 973 1997 μετ’
1030 1925 1222 2003 ὀλίγον
1281 1927 1480 2003 χρόνον
1549 1932 1836 2003 προτροπῇ
1891 1931 1988 1982 τοῦ

332 2014 596 2088 Χαγάνου
669 2011 941 2083 κατῆλθεν
1025 2015 1103 2079 εἰς
1185 2017 1560 2091 Φαναγουρίαν
1621 2018 1775 2093 (27),
1835 2021 1990 2072 κάκεῖ

333 2094 579 2177 διέτριϐε
627 2102 762 2176 μετὰ
817 2101 1119 2179 Θεοδώρας.
1168 2106 1348 2161 Ταῦτα
1400 2105 1631 2168 ἀκούσας
1682 2105 1987 2179 Ἀψίμαρος

327 2187 537 2263 πέμπει
569 2190 706 2267 πρὸς
764 2194 856 2247 τὸν
912 2194 1155 2271 Χαγιὶνον
1215 2193 1599 2270 ὑποσχόμενος
1661 2195 1807 2266 αὖτῷ
1837 2192 1988 2269 δῶρα

325 2279 539 2343 πολλὰ,
568 2280 615 2336 εἰ
643 2281 738 2336 τὸν
790 2283 1168 2338 Ἰουστινιανὸν
1200 2287 1373 2353 ζῶντα
1430 2283 1579 2356 αὖτῷ
1607 2283 1983 2359 παραπέμψει,

320 2370 360 2441 ἢ
389 2369 488 2425 κᾶν
522 2371 624 2439 τὴν
661 2371 907 2448 κεφαλὴν
949 2372 1134 2428 αὖτοῦ.
1200 2370 1451 2443 Εῗξαντος
1483 2370 1542 2428 δὲ
1578 2377 1678 2428 τοῦ
1711 2373 1983 2447 Χαγάνουν

332 2458 735 2535 παραφυλακήν
770 2458 917 2531 αὖτῷ
948 2458 1105 2529 δῆθεν
1138 2459 1349 2535 ἔπεμψε
1405 2459 1496 2517 διὰ
1540 2462 1603 2517 τὸ
1637 2467 1715 2537 μή
1748 2462 1850 2517 ὑπὸ
1878 2467 1986 2517 τῶν

337 2548 642 2625 ὁμοφύλων
681 2543 1162 2620 ἐπιϐουλευθῆναι,
1221 2549 1596 2623 ἐντειλάμενος
1654 2557 1770 2614 τοῖς
1818 2551 1985 2607 αὐτοῦ

325 2636 404 2693 ⁹ίν’
462 2636 586 2692 ὅταν
665 2635 894 2713 δηλωθῇ
981 2638 1187 2703 αὐτοῖς,
1267 2640 1532 2696 ἀνέλωσιν
1581 2640 1981 2697 Ἰουστινιανόν.

335 2726 563 2786 Τούτων
616 2725 672 2783 δὲ
726 2726 794 2783 δι’
851 2727 1064 2785 οίκέτου
1122 2734 1223 2786 τοῦ
1279 2732 1526 2806 Χαγάνου
1583 2735 1651 2805 τῇ
1731 2730 1986 2805 Θεοδώρᾳ

345 2815 688 2891 μηνυθέντων
720 2818 811 2873 καὶ
870 2823 950 2890 τῷ
1005 2820 1372 2893 Ἰουστινιανῷ
1427 2822 1790 2895 γνωσθέντων,
1824 2842 1987 2896 προσ-

337 2904 710 2979 καλεσάμενος
791 2906 919 2969 τοὺς
1002 2906 1062 2964 ἐκ
1135 2910 1384 2984 Χαγάνου
1462 2906 1708 2986 φύλακας
1760 2911 1990 2976 τούτους

333 2994 638 3069 ἐφόνευσεν.
686 2995 901 3058 Εὐθέως
960 2994 1018 3053 δὲ
1073 2996 1403 3054 ἀποστέλλει
1459 2996 1742 3074 Θεοδώραν
1769 2999 1845 3061 εἷς
1876 3003 1986 3057 Χα-

337 3081 549 3155 ζαρίαν.
623 3084 759 3142 Ἀπὸ
840 3082 898 3140 δὲ
955 3087 1329 3162 Φαναγουρίας
1402 3088 1564 3150 αὐτὸς
1625 3088 1986 3162 δραπετεύσας

333 3171 415 3234 εἷς
442 3173 504 3227 τὸ
535 3173 760 3245 στόμιον
816 3176 1080 3245 κατῆλθε,
1151 3175 1242 3230 καὶ
1273 3174 1455 3249 πλοίῳ
1512 3171 1705 3240 ἐπιϐὰς
1762 3171 1984 3252 ἔρχεται

336 3262 509 3336 μέχρι
540 3256 859 3335 Συμϐόλου,
888 3262 1127 3335 πλησίον
1182 3267 1483 3337 Χερσῶνος,
1534 3265 1625 3321 καὶ
1655 3265 1980 3329 ἀποστείλας

332 3348 388 3404 ἐν
421 3348 570 3421 αὐτῷ
621 3356 875 3425 κρυπτῶς
923 3347 1361 3423 ἀναλαμϐάνεται
1424 3348 1829 3430 Βασϐακοόρτον
1889 3355 1981 3410 καὶ

328 3438 426 3492 τὸν
456 3436 692 3516 ἀδελφὸν
722 3436 886 3495 αἰ)τοῦ
917 3440 1006 3495 καί
1036 3440 1130 3497 τὸν
1164 3440 1434 3516 Στέφανον
1466 3442 1557 3497 καὶ
1608 3444 1700 3498 τὸν
1760 3443 1983 3515 Μητρό-

334 3534 570 3592 παυλονο
601 3536 693 3593 καὶ
726 3537 818 3592 σὺν
851 3538 1037 3600 αὐτοῖς
1079 3538 1426 3603 ἀποπλεύσας
1484 3535 1640 3612 διέϐη
1690 3542 1782 3598 τὸν
1815 3542 1984 3620 φάρον

339 3626 629 3699 Χερσῶνος
660 3625 748 3681 καὶ
768 3628 835 3681 τὰ
865 3626 1194 3701 Νεκρόπυλα
1231 3628 1293 3684 τὰ
1324 3629 1548 3704 στόμιόν
1580 3651 1640 3686 τε
1693 3650 1792 3686 του
1824 3631 1988 3687 Δάνα-

338 3734 440 3786 πρι
478 3715 569 3770 καὶ
599 3719 699 3770 τοῖ’)
727 3715 1013 3791 Δάναστρι.
1048 3717 1149 3773 Καὶ
1205 3715 1484 3782 κλύδωνος
1538 3720 1826 3796 γεγονότος
1883 3720 1989 3775 ἀπ-

340 3801 579 3880 έγνωσαν
610 3804 800 3867 πάντες
830 3806 930 3876 τήν
960 3806 1163 3861 ἑαυτῶν
1201 3807 1495 3881 σωτηρίαν.
1531 3808 1764 3878 Μυάκης
1792 3806 1850 3864 δὲ
1870 3809 1990 3863 6o't-

340 3893 561 3955 κειακός
598 3892 766 3950 αὐτοῦ
823 3893 1110 3970 ἄνθρωπος
1141 3893 1240 3972 ἔφη
1275 3897 1445 3968 αὐτῷ·
1481 3894 1618 3953 Ἰδοὺ
1647 3897 1989 3968 ἀποθνήσκο-

344 4002 463 4055 μεν,
492 3978 743 4042 δέσποτα.
795 3983 961 4054 Τάξαι
998 3988 1076 4055 τῷ
1106 3989 1223 4057 Θεῷ
1265 3985 1387 4061 περὶ
1425 3993 1526 4055 τῆς
1567 3987 1838 4063 σωτηρίας
1868 4007 1986 4056 σου,

334 4068 453 4138 ἵνα,
475 4069 568 4127 ἐὰν
599 4072 628 4127 6
658 4072 788 4135 Θεὸς
809 4071 1081 4128 ἀποδώσει
1113 4094 1199 4129 σοι
1219 4075 1318 4144 τήν
1354 4074 1632 4150 βασιλείαν
1665 4097 1782 4145 σου,
1816 4073 1987 4149 μηδὲν

340 4160 525 4236 ἀμύνῃ
563 4165 642 4235 τῷ
680 4159 864 4237 ἐχθρῷ
894 4182 1013 4221 σου.
1048 4165 1109 4220 Ὀ
1165 4161 1223 4219 δὲ
1281 4164 1600 4240 ἀποκριθεὶς
1661 4165 1809 4238 αὐτῷ
1839 4164 1987 4241 λέγει

340 4249 393 4305 ἐν
428 4251 607 4323 θυμῷ·
644 4251 766 4308 Ἐὰν
801 4250 1077 4326 φείσωμαί
1134 4274 1279 4313 τινος
1336 4252 1385 4323 ἐξ
1444 4252 1643 4320 αὐτῶν,
1677 4257 1705 4311 6
1734 4256 1863 4317 Θεὸς
1904 4253 1987 4310 ἐν·

341 4342 511 4396 ταῦθά
559 4361 627 4412 με
682 4341 1068 4416 καταποντίσῃ.
1129 4344 1232 4399 Καὶ
1291 4343 1548 4409 εἰσελθὼν
1599 4345 1676 4407 είς
1730 4346 1825 4402 τὸν
1884 4346 1989 4403 Δά-

340 4424 522 4485 νευϐιν
555 4433 804 4505 ποταμὸν
845 4431 1174 4490 ἀποστέλλει
1233 4435 1502 4512 Στέφανον
1560 4438 1697 4511 πρὸς
1726 4434 1988 4513 Τὲρϐελιν

342 4523 436 4578 τὸν
468 4525 709 4600 ἄρχοντα
751 4524 1090 4602 Βουλγαρίας
1120 4524 1208 4581 ἐπὶ
1238 4527 1316 4599 τῷ
1348 4524 1534 4583 δοῦναι
1590 4527 1737 4601 αὐτῷ
1795 4529 1989 4606 σῦναρ-

2095 1951 2350 2008 goraeam
2375 1950 2437 1989 se
2458 1932 2755 1989 conferret
2774 1931 2974 2002 ibique
3005 1928 3262 2002 degeret.
3284 1924 3450 1992 Quod
3486 1923 3748 1996 Apsima-

2096 2042 2199 2080 rus
2226 2031 2294 2080 ut
2322 2023 2609 2097 cognovit,
2651 2021 2835 2077 mittit
2889 2019 2964 2075 ad
3011 2020 3350 2090 Chaganum
3381 2014 3482 2086 qui
3517 2012 3747 2085 magnis

2095 2112 2628 2186 pollicitationibus
2659 2111 2713 2166 ei
2746 2107 3175 2182 persuaderent
3201 2111 3268 2160 ut
3295 2102 3387 2159 vel
3433 2101 3624 2156 vivum
3644 2101 3749 2155 Ju-

2096 2203 2422 2259 stinianum
2456 2201 2547 2256 vel
2603 2204 2782 2272 caput
2825 2197 2962 2253 cassi
2993 2195 3104 2251 sibi
3165 2194 3445 2250 mitteret.
3477 2188 3749 2246 Assensit

2094 2295 2423 2367 Chaganus.
2450 2292 2730 2363 misitque
2760 2288 3055 2345 custodes.
3088 2286 3176 2341 uti
3193 2282 3534 2346 simulabat,
3565 2280 3748 2335 Justi—

2094 2382 2296 2449 niano,
2329 2381 2429 2451 qui
2462 2396 2599 2435 eum
2628 2394 2664 2434 a
2694 2375 3081 2449 popularibus
3111 2372 3235 2427 suis
3266 2377 3458 2426 tutum
3488 2372 3744 2439 prazsta-

2094 2475 2252 2527 rent.
2310 2467 2682 2524 Mandaverat
2710 2472 2909 2521 autem
2957 2464 3032 2518 iis
3062 2467 3131 2517 ut
3182 2458 3743 2525 Justinianum.quo

2090 2566 2361 2632 tempore
2382 2557 2442 2613 id
2455 2556 2717 2630 juberet,
2740 2554 3161 2610 interficerent.
3183 2550 3318 2605 Haec
3338 2562 3473 2603 cum
3484 2543 3742 2601 famulus

2093 2651 2353 2725 Chagani
2398 2648 2718 2704 Theodorus
2755 2644 3106 2718 aperuisset,
3145 2637 3515 2697 Justinianus
3556 2635 3630 2725 ab
3675 2648 3746 2689 ea

2095 2722 2312 2795 certior
2349 2739 2539 2795 factus
2588 2734 2865 2792 custodes
2904 2749 2940 2789 a
2968 2731 3241 2803 Chagano
3289 2727 3503 2783 missos
3556 2722 3632 2780 ad
3679 2739 3742 2779 se

2093 2839 2263 2887 vocat
2307 2836 2483 2900 atque
2540 2825 2840 2889 interﬁcit,
2900 2823 3219 2893 statimque
3266 2817 3633 2875 Theodoram
3681 2815 3744 2869 in

2095 2921 2434 2975 Chazariam
2456 2917 2728 2973 remittit.
2743 2917 2868 2986 Ipse
2898 2912 3295 2983 Phanagoraaa
3312 2906 3655 2980 profugiens
3670 2904 3745 2959 ad

2094 3010 2319 3078 fauces,
2341 3015 2518 3079 atque
2540 3006 2678 3061 inde
2700 3018 3025 3060 conscenso
3047 3001 3277 3071 navigio
3300 2996 3373 3053 ad
3404 2993 3745 3068 Symbolum

2093 3099 2258 3154 venit
2286 3113 2468 3169 prope
2496 3096 2877 3150 Chersonem.
2921 3095 3102 3161 Atque
3132 3105 3200 3143 eo
3232 3086 3384 3142 clam
3405 3083 3603 3139 missis
3632 3081 3747 3136 mi-

2098 3188 2301 3243 nistris
2320 3184 2740 3242 Basbacurium
2763 3188 2822 3237 et
2840 3181 3082 3236 fratrem
3108 3179 3238 3249 ejus
3255 3173 3743 3246 Stephanumque

2097 3284 2151 3333 et
2175 3275 2599 3348 Metropaulum
2623 3272 2696 3329 ad
2719 3288 2781 3328 se
2805 3268 3079 3326 evocavit.
3099 3267 3245 3322 Cum
3268 3264 3361 3320 his
3386 3261 3744 3333 abnavigans

2093 3367 2396 3440 speculam
2427 3363 2921 3421 Cbersonensem,
2944 3354 3266 3427 Necropyla
3294 3358 3355 3408 et
3383 3351 3535 3407 ostia
3554 3351 3742 3405 Dana-

2093 3456 2291 3529 prium
2321 3461 2496 3526 atque
2520 3451 2898 3509 Danastrium
2930 3445 3281 3504 evasit.0rta
3300 3450 3495 3499 autem
3520 3446 3744 3510 tempe-

2095 3552 2265 3608 state.
2307 3560 2444 3600 cum
2504 3543 2576 3598 de
2633 3541 2824 3597 salute
2882 3554 2990 3593 sua
3038 3551 3244 3591 omnes
3302 3531 3740 3603 desperassent,

2093 3637 2322 3706 Myaces
2366 3632 2786 3698 Iustinianum,
2836 3628 3007 3699 cujus
3060 3628 3185 3679 erat
3232 3620 3612 3678 domesticus.
3664 3617 3750 3671 ita

2096 3704 2416 3795 compellat
2437 3738 2450 3777 :
2476 3717 2971 3788 Cernis,domine,
2985 3719 3238 3769 mortem
3258 3709 3428 3765 nobis
3445 3704 3750 3778 impende-

2097 3815 2337 3870 re.Vove
2364 3812 2563 3881 itaque
2587 3811 2703 3864 Deo
2728 3812 2805 3876 te,
2828 3806 2878 3862 si
2909 3806 3063 3860 Deus
3094 3801 3200 3857 tibi
3238 3797 3513 3854 restituat
3555 3795 3749 3881 impef

2095 3904 2272 3965 rium.
2333 3899 2560 3956 inimici
2607 3896 2856 3970 injurias
2903 3910 3025 3949 non
3071 3890 3360 3947 ulturum.
3423 3878 3752 3956 Respondit

2094 3991 2463 4048 Justinianus
2494 3989 2645 4043 irato
2671 3985 2872 4042 animo
2899 4000 2912 4037 :
2938 3981 3043 4038 Hic
3073 3996 3168 4036 me
3199 3980 3353 4034 Deus
3385 3975 3748 4046 submergat,

2098 4083 2147 4137 si
2178 4081 2285 4136 ulli
2309 4079 2684 4135 inimicorum
2712 4089 2995 4147 parsurus
3016 4064 3747 4132 sum.Proindeingressus

2097 4166 2757 4237 Danubium,Stepbano
2779 4162 2855 4218 ad
2873 4159 3148 4216 Terbelin
3182 4155 3566 4228 Bulgarorum
3593 4150 3745 4206 τοο

2097 4259 2430 4332 principem
2457 4257 2639 4312 misso
2658 4251 2943 4309 auxilium
2968 4248 3040 4304 ab
3072 4264 3141 4302 eo
3163 4244 3235 4301 ad
3268 4239 3745 4314 recuperandum

2099 4326 2318 4405 avitum
2342 4346 2658 4419 imperium
2682 4341 3123 4414 flagitat,eoque
3145 4332 3388 4390 nomine
3404 4346 3536 4387 cum
3556 4326 3747 4383 multa

2099 4439 2296 4507 doma,
2332 4418 2455 4492 tum
2495 4434 2678 4490 tiliam
2713 4446 2880 4487 suam
2911 4445 2974 4484 se
3013 4427 3065 4482 ei
3098 4429 3348 4496 nuptum
3387 4418 3746 4475 traditurum

2100 4529 2431 4602 pollicetur.
2481 4522 2738 4581 Terbelis
2780 4518 2982 4576 omnia
3039 4533 3101 4573 se
3156 4515 3467 4602 facturum
3500 4508 3745 4602 juravit,

344 4633 454 4680 σιν,
487 4612 641 4677 ὅπως
667 4616 915 4689 κρατήσῃ
948 4620 1049 4682 τῆς
1096 4622 1433 4692 προγονικῆς
1493 4617 1658 4673 αὐτοῦ
1692 4590 1989 4694 βασιλείας,

2101 4590 2396 4689 omneque
2442 4614 2825 4685 Bulgarorum
2857 4618 2917 4665 et
2953 4608 3256 4663 Slavorum
3301 4598 3747 4658 multitudinem

351 4700 736 4775 ὑποσχόμενος
768 4698 919 4774 δῶρα
948 4701 1140 4758 πολλᾶ
1193 4705 1283 4759 καὶ
1340 4707 1441 4774 τήν
1492 4706 1685 4762 ἑαυτοῦ
1737 4707 1997 4782 θυγατέρα

350 4787 429 4849 εἷς
468 4795 716 4866 γυναῖκα.
748 4789 929 4848 Αὐτοῦ
960 4788 1018 4846 δὲ
1042 4791 1215 4847 πάντα
1272 4799 1447 4849 ποιεῖν
1502 4796 1618 4867 μεθ’
1648 4794 1823 4870 ὅρκων
1860 4797 1995 4852 ὑπο-

354 4879 650 4959 σχομένου,
682 4887 922 4959 συγκινεῖ
967 4883 1140 4939 πάντα
1193 4884 1284 4938 τὸν
1327 4885 1458 4940 λαὸν
1502 4889 1610 4941 τῶν
1661 4883 1995 4962 Βουλγάρων

349 4969 441 5024 καὶ
472 4964 751 5042 Σθλάϐων,
793 4973 882 5027 καὶ
932 4972 1282 5038 ὁπλισθέντες
1342 4973 1432 5029 ἐπὶ
1485 4974 1585 5044 τὴν
1623 4973 1879 5052 βασιλίδα
1906 4975 1998 5053 ἔρ-

349 5076 548 5134 χονται
600 5060 713 5133 ᾆμα
778 5066 855 5133 τῷ
914 5063 1278 5135 Ἰουστινιανῷ
1361 5062 1745 5135 Ἦπλήκευσαν
1807 5062 1865 5121 δὲ
1922 5064 2001 5131 εἷς

340 5147 443 5217 τήν
500 5147 740 5224 Χαρσίου
794 5150 997 5226 πόρταν
1053 5151 1144 5206 καὶ
1199 5147 1305 5214 ἕως
1367 5156 1477 5208 τῶν
1511 5152 1863 5234 Βλαχερνῶν.
1897 5155 1997 5210 Καὶ

340 5234 431 5291 ἰπὶ
485 5238 659 5314 τρισὶν
717 5236 956 5315 ἡμέραις
1041 5238 1374 5316 προσλαλῶν
1438 5247 1556 5306 τοῖς
1614 5242 1666 5299 ἐν
1712 5247 1781 5318 τῇ
1835 5241 1999 5299 πόλει

2099 4708 2368 4766 armavit.
2403 4707 2547 4762 Cum
2577 4704 2672 4759 his
2717 4699 3085 4757 Justinianus
3123 4694 3199 4753 ad
3240 4692 3448 4766 Cpolin
3468 4691 3647 4754 venit,
3680 4705 3749 4745 ac

2097 4806 2292 4856 castra
2320 4814 2355 4853 a
2374 4794 2599 4852 Cbarsii
2632 4797 2802 4865 porta
2831 4790 2905 4846 ad
2925 4787 3280 4843 Blacbernas
3307 4797 3496 4853 usque
3528 4778 3745 4853 posuit.

2097 4889 2377 4946 Triduum
2395 4902 2531 4943 eum
2554 4879 2866 4955 oppidanis
2883 4878 3084 4934 habito
3118 4873 3436 4944 colloquio.
3469 4886 3604 4926 cum
3628 4884 3748 4923 ma-

2098 4979 2186 5052 gis
2211 4977 2516 5050 magisque
2545 4968 2922 5029 contumeliis
2949 4959 3540 5033 afﬂiceretur,paucis
3562 4958 3745 5028 stipa-

2098 5045 2193 5123 tus
2239 5045 2540 5129 Romanis,
2574 5077 2679 5134 per
2724 5056 3141 5130 aqumductum
3171 5053 3234 5107 in
3280 5049 3490 5106 urbem
3539 5045 3746 5112 evasit,

2099 5172 2287 5227 eoque
2306 5154 2570 5228 perfosso
2600 5166 2735 5205 mox
2761 5149 2823 5203 in
2846 5146 3065 5219 palatio
3100 5136 3520 5198 Blachernensi
3552 5139 3747 5190 tento-

2100 5245 2256 5300 rium
2300 5241 2518 5315 posuit.
2550 5240 2631 5294 Eo
2662 5236 2915 5309 cognito.
2956 5231 3302 5305 Apsimarus
3350 5241 3486 5282 cum
3534 5238 3751 5297 magna

1540 5371 1905 5427 XYLANDRI
1940 5371 2028 5426 ET
2067 5369 2284 5426 GOARI
2324 5367 2543 5423 NOTAE.

416 5484 529 5567 (2t?)
581 5484 822 5542 Cbazari
879 5486 1082 5557 populi
1142 5492 1282 5567 sunt
1319 5488 1493 5567 juxta
1549 5488 1881 5567 Danubium
1939 5495 1997 5567 e_t

347 5557 715 5631 Patzinacas,
744 5573 1031 5631 _quorum_
1089 5559 1366 5631 princeps
1408 5559 1690 5626 chaganus
1745 5565 1806 5615 et
1856 5561 1998 5631 pech

345 5625 699 5716 appellatur.
730 5625 1163 5716 Qonstantinus‘
1181 5625 1495 5716 De'ﬁL-I‘Mil'l.
1524 5625 1663 5716 irrfp.
1691 5647 1740 5687 ο.
1772 5625 1906 5689 XLI—1.
1936 5630 1999 5688 Ὁ

349 5697 455 5774 γόιρ
484 5697 730 5773 Χαγάνος
760 5698 960 5758 ἒκιῐνος
988 5698 1077 5753 καὶ
1106 5699 1220 5775 πὶχ
1245 5699 1543 5775 Χαζαρίας.
1585 5697 1758 5759 Goan.

2173 5486 2286 5555 (2‘7)
2319 5481 2645 5566 Φαγοιῧριαν.
2692 5479 2850 5566 male
2880 5475 3201 5566 legebatur,
3231 5477 3291 5528 et
3330 5469 3553 5566 meliolr.
3573 5467 3751 5566 lectio

2106 5542 2286 5641 supra
2316 5542 2538 5641 scripta
2566 5558 2673 5609 est.
2715 5551 2866 5608 Urbs
2896 5542 2986 5606 est
3014 5547 3088 5604 ad
3123 5546 3451 5617 Bosporum
3495 5542 3753 5597 Cimme«

2105 5628 2282 5686 rium.
2314 5628 2450 5685 XVL.
