4108 6300
526 415 644 476 859

1888 413 2202 481 GEORGII
2247 413 2585 478 CEDRENI
3761 435 3850 497 860

524 552 792 606 contulit.
820 551 1185 623 Philippicus
1203 553 1516 610 confestim
1539 555 1727 611 Eliam
1755 553 1973 626 populo
1997 553 2175 623 stipa-

2292 547 2375 602 καῖ
2411 548 2600 623 βλέπει
2630 549 2722 605 τὸν
2756 549 2951 606 στόλον
2980 549 3068 607 ἐπὶ
3099 554 3198 624 τὴν
3240 553 3404 632 πόλιγ
3453 555 3732 635 ἒσχόμενον.
3774 569 3850 624 Καὶ

520 644 647 693 tum
680 639 739 692 in
766 640 1188 711 Justinianum,
1223 649 1280 696 et
1313 645 1575 699 Maurum
1611 645 1922 715 patricium
1970 647 2176 696 contra

517 727 816 782 Tiberium
853 730 1091 784 emittit.
1131 732 1234 785 Hic
1282 732 1438 803 apud
1491 734 1850 788 Blachernas
1900 731 1959 785 in
2004 729 2174 783 Tibe-

518 815 672 870 rium
707 816 935 878 incidit.
968 821 1307 875 veneranda
1365 822 1523 893 ligna
1581 823 1772 877 crucis
1833 825 1891 874 et
1947 833 2173 874 sacram

519 920 786 959 mensam
826 907 1187 977 amplexum.
1217 911 1390 963 Extra
1409 909 1624 976 gradus
1647 909 1895 964 astabat.
1925 911 2175 961 Anasta—

523 993 630 1057 sia,
661 995 976 1049 Justiniani
1010 995 1159 1051 18!
1210 1007 1420 1063 mater,
1472 997 1672 1052 multis
1721 997 1914 1051 verbis
1945 1012 1978 1050 a
2011 993 2173 1050 caede

521 1082 735 1136 Tiberii
795 1085 1136 1139 dehortans.
1207 1087 1555 1158 Superveuit
1612 1093 1810 1142 autem
1896 1087 2172 1147 Joannes,

523 1173 697 1243 vique
755 1191 790 1228 a
847 1175 1127 1245 gradibus
1188 1177 1454 1231 avulsum
1528 1177 1849 1232 chazaricm
1906 1174 2176 1230 mulieris

526 1261 714 1315 ﬁlium
771 1263 1071 1318 Tiberium
1133 1266 1204 1320 ad
1266 1267 1617 1320 vestibulum
1677 1271 1860 1337 portaa
1909 1263 2176 1318 Callinici

528 1351 798 1412 extraxit,
830 1351 1030 1421 ibique
1065 1351 1252 1408 instar
1299 1355 1542 1424 pecudis
1596 1354 1864 1409 faucibus
1917 1352 2177 1424 praecisis

522 1441 770 1494 necavit.
810 1441 987 1500 Elias.
1015 1449 1079 1496 ut
1112 1443 1170 1496 in
1204 1443 1569 1514 colloquium
1601 1461 1734 1498 cum
1762 1443 2055 1498 militibus
2085 1443 2178 1496 Ju-

527 1529 770 1582 stiniani
804 1530 982 1596 venit,
1043 1549 1144 1586 eos
1202 1532 1495 1602 promissa
1544 1532 1859 1587 securitate
1918 1531 1992 1586 ad
2049 1547 2177 1584 sese

528 1617 823 1688 perduxit,
858 1619 1277 1691 desertumque
1335 1621 1406 1676 ab
1457 1622 1732 1676 omnibus
1779 1620 2178 1675 Justinianum

527 1706 809 1762 iracunde
837 1709 990 1764 collo
1014 1711 1427 1781 apprehendit.
1454 1717 1511 1765 et
1528 1711 1741 1784 gladio,
1769 1727 1942 1780 quem
1969 1707 2179 1763 femori

2287 637 2484 712 βρῦξας
2516 642 2588 698 cii:
2623 637 2761 694 λέων
2791 641 2877 696 καὶ
2939 641 3100 697 αὐτὸς
3153 641 3240 699 ἐπὶ
3297 648 3394 716 τήν
3453 648 3602 704 πόλιν
3659 652 3849 726 ὥρμησε.

2283 731 2388 780 Τοῦ
2419 723 2476 782 δὲ
2516 726 2860 784 Φιλιππικοῦ
2893 727 3269 806 προλαϐόντος
3299 735 3386 789 καὶ
3443 737 3534 804 τήν
3578 723 3850 815 πόλινήκρα-

2283 817 2574 886 τήσαντος,
2605 815 2764 880 αὐτὸς
2797 818 2871 880 εἷς
2902 822 2994 874 τὸν
3063 824 3350 898 Δαματρῖα
3408 827 3515 899 (33)
3569 827 3779 896 ἀνῆλθεν.
3805 833 3848 888 ’0

2285 901 2341 958 δὲ
2398 903 2735 969 Φιλιππικὸς
2791 909 2944 971 εὐθὺς
3005 911 3330 968 ἀποστέλλει
3397 915 3485 968 τὸν
3542 916 3704 971 Ε’λίαν
3752 921 3850 993 μετᾶ

2286 991 2422 1048 λαοῦ
2453 996 2587 1049 κατά
2649 997 3054 1064 Ἰουστινιανοῦ,
3112 1002 3329 1075 Mar-3pm
3388 999 3443 1056 δὲ
3493 1004 3576 1058 τὸν
3627 991 3851 1082 πατρῖκὊν

2283 1082 2419 1136 κοιτά
2473 1077 2744 1152 Τ;6ερίου.
2805 1087 2902 1148 “Oc
2961 1086 3013 1140 ἐν
3063 1085 3392 1164 Βλαχέιναις
3475 1077 3730 1167 πορευθεὶς.
3768 1097 3853 1167 εὗρε

2286 1167 2540 1246 Τιϐέριον
2588 1179 2884 1245 κραττῦντα
2941 1177 3008 1232 τὰ
3065 1177 3222 1248 τίμια
3278 1178 3412 1248 ξῦλα
3464 1179 3548 1235 καὶ
3606 1184 3692 1251 τὴν
3740 1184 3855 1258 ἁγίαν

2285 1259 2570 1333 τράπεζαν,
2603 1256 2791 1334 ἔξωθεν
2847 1261 2904 1318 δὲ
2958 1270 3056 1319 τοῦ
3116 1267 3370 1340 βήματος
3420 1269 3734 1325 Ἀναστασῖαν
3780 1256 3850 1341 τήν

2285 1353 2381 1402 τοῦ
2414 1351 2498 1422 [Ρ.
2531 1353 2659 1424 448]
2692 1354 2895 1426 πατρὸς
2926 1355 3093 1409 αὐτοῦ
3129 1356 3358 1432 μητέρα,
3391 1355 3508 1426 ἥτις
3537 1357 3700 1414 πολλὰ
3744 1359 3853 1414 ἔδυσ-

2288 1436 2426 1490 ώπει
2457 1438 2622 1493 αὐτὸν
2657 1441 2734 1512 μὴ
2770 1440 2977 1496 ἀνελεῖν
3006 1437 3274 1518 Τιϐέριον.
3339 1446 3424 1501 Ἒν
3478 1444 3673 1508 τούτοις
3723 1448 3857 1502 Ἰωάν-

2290 1546 2386 1594 νης
2420 1525 2597 1582 ἐλθὼν
2631 1528 2725 1602 βίᾳ
2760 1529 3061 1606 ἀφαρπάζει
3091 1537 3189 1586 τοῦ
3242 1533 3490 1609 βήματος
3532 1535 3616 1589 τὸν
3663 1535 3750 1590 ἀπὸ
3786 1545 3857 1606 τῆς

2293 1620 2542 1689 Χαζάρας
2575 1612 2847 1692 Τιϐέριον,
2879 1620 2969 1674 καὶ
3000 1619 3051 1675 ἐν
3083 1625 3162 1692 τῷ
3216 1629 3316 1686 τῆς
3371 1621 3681 1680 Καλλινίκου
3727 1647 3858 1698 παρα-

2289 1705 2496 1781 πορτίῳ
2526 1709 2639 1777 (34)
2697 1701 2946 1764 ἐκϐαλὼν
3005 1707 3163 1781 δίκην
3224 1707 3497 1788 προϐάτου
3559 1711 3858 1788 ἐλαρυγγοτὸ-

527 1795 830 1869 alligatum
864 1798 1153 1870 gestabat,
1207 1805 1381 1871 caput
1429 1799 1770 1871 amputavit.
1831 1798 2056 1868 hocque
2107 1796 2179 1852 ad

2292 1815 2473 1867 μησεν.
2501 1795 2562 1851 Ὁ
2590 1793 2646 1849 δὲ
2684 1795 2871 1858 Ἠλίας
2905 1797 2980 1859 εἷς
3024 1797 3220 1872 λόγους
3281 1799 3454 1864 ἐλθὼν
3507 1806 3581 1874 τῷ
3635 1802 3747 1874 μετά
3790 1806 3856 1856 τοῦ

526 1885 947 1958 Philippicum,
982 1888 1149 1957 isque
1179 1891 1422 1944 Romam
1456 1905 1640 1960 usque
1672 1888 1853 1944 misit.

2289 1884 2670 1940 Ἰουστινιανοῦ
2700 1891 2912 1960 στρατῷ
2959 1889 3047 1942 καὶ
3083 1886 3245 1964 λόγον
3303 1889 3554 1952 ἀπαθείας
3601 1889 3710 1952 δοὺς
3753 1891 3856 1961 αὖτῴ

527 1973 663 2045 πρὸς
707 1975 896 2028 ἑαυτὸν
951 1974 1188 2031 ε’λκυσε.
1253 1978 1440 2032 Μόνου
1499 1975 1555 2032 δὲ
1613 1974 2037 2054 ὑπολειφθέντος
2099 1976 2502 2041 Ίουστινιανοῦ,
2563 1973 2616 2028 ἐν
2676 1980 2834 2048 θυμῷ
2892 1973 3224 2050 δραξάμενος
3274 1983 3374 2033 τοῦ
3428 1979 3698 2058 τραχήλου
3744 1979 3859 2034 αὐτῶ

526 2061 723 2126 Ἠλίας
753 2069 833 2137 τῷ
864 2065 1204 2140 παραμηρίῳ
1234 2066 1332 2136 τήν
1365 2065 1606 2144 κεφαλὴν
1636 2067 1805 2121 αὐτοῦ
1838 2063 2049 2138 ἐξέτεμε
2105 2062 2196 2118 καὶ
2255 2063 2394 2137 πρὸς
2453 2061 2796 2119 Φιλιππικὸν
2865 2065 3196 2126 ἀπέστειλεν.
3258 2069 3436 2132 Αὐτὸς
3494 2065 3550 2124 δὲ
3600 2068 3715 2144 ἄχρι
3761 2070 3858 2126 Ῥώ-

528 2174 637 2227 μης
666 2153 869 2224 ταύτην
899 2154 1214 2230 ἐξέπεμψεν.

599 2246 889 2300 Caeterum
924 2247 971 2299 is
997 2247 1068 2302 de
1102 2265 1218 2318 quo
1254 2253 1390 2303 ante
1444 2247 1700 2303 diximus
1756 2245 2186 2302 Callistraticus

531 2335 879 2402 monachus,
898 2335 1210 2392 haereticus
1225 2344 1281 2392 et
1304 2344 1843 2405 astronomus,cum
1859 2334 2184 2405 Philippico

525 2424 844 2494 imperium
875 2425 1154 2480 vaticinio
1187 2427 1579 2498 promitteret,
1618 2428 1726 2480 hoc
1745 2441 1984 2496 quoque
2009 2423 2081 2478 ab
2117 2439 2186 2480 eo

527 2512 844 2582 stipulatus
869 2514 1082 2576 fuerat,
1117 2521 1182 2570 ut
1212 2532 1280 2569 eo
1313 2517 1534 2586 potitus
1579 2521 1806 2569 sextam
1859 2513 2178 2584 synodum,

525 2601 742 2672 quippe
776 2619 950 2673 prave
1011 2610 1223 2673 actam,
1277 2604 1588 2660 aboleret:
1637 2604 1719 2658 ita
1763 2603 2079 2674 imperium
2131 2603 2184 2658 ei

526 2689 873 2746 diuturnum
941 2693 1322 2764 validumque
1417 2693 1563 2748 fore.
1653 2693 1878 2748 Juravit
1945 2692 2054 2746 hoc
2122 2708 2184 2746 se

530 2779 821 2835 facturum
882 2782 1268 2853 Philippicus,
1343 2789 1402 2837 et
1460 2782 1706 2854 imperio
1795 2783 2040 2852 potitus,
2098 2781 2184 2835 uti

520 2869 727 2940 jussus
760 2871 952 2925 fuerat
981 2871 1054 2926 ab
1088 2873 1409 2943 impostore
1440 2872 1752 2934 monacho,
1777 2871 1926 2924 falso
1959 2869 2186 2940 episco-

528 2975 738 3030 porum
773 2959 993 3015 indicto
1043 2961 1318 3023 concilio,
1371 2966 1633 3015 sanctam
1685 2965 1743 3014 et
1789 2959 2183 3014 universalem

531 3056 758 3105 sextam
783 3052 1075 3122 synodum
1102 3053 1326 3107 irritam
1344 3052 1896 3124 pronuntiavit.Quo
1915 3056 2183 3122 tempore

527 3155 710 3195 vanus
745 3142 919 3198 homo
980 3144 1158 3197 etiam
1214 3150 1302 3198 est
1351 3150 1698 3198 exczrcatus.
1747 3144 1894 3213 Cyro
1947 3156 2183 3211 quoque

525 3229 865 3301 patriarcha
925 3231 1258 3292 exturbato.
1313 3233 1602 3287 Joannem
1681 3247 1801 3285 sua)
1860 3229 2185 3300 impietatis

530 3319 760 3374 socium
792 3321 843 3373 ei
881 3321 1029 3374 solio
1063 3321 1345 3390 praefecit.

605 3408 740 3462 Fuit
769 3409 863 3462 hic
895 3409 1283 3480 Philippicus,
1318 3415 1711 3482 cognomento
1771 3408 2090 3474 Bardanes,
2127 3407 2187 3461 in

533 3493 831 3564 colloquio
864 3495 1155 3550 facundus
1187 3501 1363 3567 atque
1395 3497 1654 3569 prudens
1687 3496 1943 3559 habitus.
1991 3495 2093 3551 sed
2127 3495 2187 3548 in

530 3583 865 3638 actionibus
898 3585 1021 3639 suis
1051 3585 1274 3656 absque
1304 3586 1585 3657 gravitate
1617 3592 1675 3640 et
1713 3585 2007 3640 industria
2064 3584 2190 3639 ulla

536 3688 815 3740 versans;
851 3675 1218 3746 turpiterque
1256 3676 1456 3729 vivens
1482 3681 1807 3730 extremam
1867 3674 1979 3730 sibi
2038 3673 2188 3728 infa-

538 3761 719 3817 miam
755 3763 996 3834 paravit.
1036 3763 1179 3821 785
1247 3765 1483 3819 Insania
1533 3763 1789 3835 quadam
1841 3769 2049 3819 contra
2090 3780 2187 3818 sa-

537 3867 704 3907 crum
747 3859 980 3908 sextum
1012 3853 1332 3908 concilium
1366 3854 1647 3910 incitatus
1678 3854 1738 3908 in
1785 3853 1846 3909 id
1893 3852 2182 3921 incubuit,

536 3945 601 3995 ut
632 3942 834 3996 omnia
864 3944 994 4014 ejus
1025 3961 1191 4000 sacra
1235 3943 1473 4000 decreta
1525 3944 1808 4008 aboleret,
1857 3948 2063 4000 nactus
2111 3944 2186 3998 ad

536 4029 648 4084 hoc
679 4047 880 4086 secum
921 4033 1244 4088 sentientes
1289 4050 1422 4089 cum
1473 4034 1760 4089 Joannem
1810 4033 1989 4088 istum
2039 4049 2073 4088 a
2123 4049 2182 4087 se

536 4119 936 4189 patriarcham
968 4129 1256 4189 creatum,
1286 4128 1412 4177 tum
1445 4122 1594 4178 alios
1621 4121 1932 4193 quosdam,
1975 4123 2073 4192 qui
2128 4127 2186 4176 et

535 4205 808 4264 detestati
865 4211 1083 4284 scripto
1141 4213 1313 4268 istam
1372 4211 1664 4282 synodum
1748 4219 1904 4267 sunt.
1967 4211 2180 4267 Eodem

535 4302 802 4369 tempore
834 4301 1086 4373 Bulgari,
1120 4301 1266 4356 duce
1299 4301 1522 4367 Philea,
1556 4301 1784 4357 occulte
1828 4318 1934 4372 per
1981 4301 2180 4356 fauces

535 4387 787 4461 ingressi
808 4407 993 4462 usque
1006 4391 1079 4446 ad
1097 4408 1338 4446 auream
1353 4391 1515 4446 urbis
1529 4397 1759 4462 portam
1778 4390 2180 4446 incursionem

533 4475 820 4534 fecerunt.
853 4481 1145 4535 Numerus
1175 4481 1505 4535 occisorum
1537 4479 1609 4534 ab
1643 4480 1713 4534 iis
1767 4484 1826 4536 et
1871 4485 2179 4550 captorum

537 4567 730 4633 major
758 4574 848 4622 est
870 4584 1047 4639 quam
1079 4569 1275 4623 efferri
1297 4574 1362 4623 ut
1383 4567 1586 4640 possit.
1608 4569 1724 4640 Ipsi
1749 4568 1919 4624 illaesi
1937 4567 2180 4624 domum

538 4655 862 4711 redierunt.

610 4747 780 4799 Anno
812 4745 1071 4801 secundo
1116 4745 1339 4818 placuit
1385 4745 1636 4802 Bardani
1684 4763 1822 4802 cnm
1876 4747 2185 4803 nonnullis

537 4833 753 4890 civium
801 4835 1114 4907 prandere.
1177 4838 1465 4892 Caeterum
1511 4836 1754 4891 sabbato
1808 4838 2186 4892 Pentecostes

533 4925 930 4997 Philippicum
991 4926 1406 4982 meridiantem
1465 4927 1669 4981 Ruﬂ‘us
1735 4925 2186 4997 Opsicianorum

531 5015 867 5087 praefectus,
911 5033 1045 5071 cum
1099 5015 1418 5071 Thracibus
1463 5031 1612 5085 quos
1662 5030 1864 5070 secum
1913 5014 2184 5082 ducebat,

2362 2243 2422 2300 Ὁ
2455 2239 2511 2297 δὲ
2550 2241 2882 2320 προλεχθεῖς
2915 2248 3181 2321 μοναχὸς,
3212 2249 3240 2303 6
3272 2249 3541 2320 alpermo:
3589 2248 3670 2303 καὶ
3717 2248 3857 2318 ἀστρο-

2291 2330 2458 2404 νόμος
2490 2337 2597 2388 τῶν
2641 2333 3088 2410 Καλλιστράτων,
3149 2338 3255 2411 πρὸ
3308 2343 3407 2391 τοῦ
3465 2336 3749 2413 βασιλεῦσαι
3792 2343 3858 2391 Φι·

2293 2419 2554 2477 λιππικὸν
2614 2422 3020 2503 ἐχρησμοὸότει
3081 2428 3226 2499 αὑτῷ
3285 2425 3484 2503 λέγων·
3542 2430 3673 2485 Ἐπεὶ
3719 2426 3854 2496 tim,

2294 2509 2521 2576 σύνοδος
2557 2519 2738 2576 κακῶς
2768 2513 2998 2587 ἐγένετο,
3025 2515 3118 2571 ἐὰν
3153 2517 3498 2592 βασιλεύσῃς,
3531 2519 3674 2592 ῥῖψον
3720 2515 3852 2580 αὐτήν,

2291 2599 2379 2654 καῖ
2410 2602 2650 2677 γενέσθαι
2705 2623 2790 2657 σοι
2848 2598 2962 2678 ἔχει
3031 2607 3066 2674 ἡ
3123 2605 3373 2681 βασιλεία
3431 2606 3757 2686 πολυχρόνιος
3796 2604 3852 2657 καὶ

2290 2691 2540 2764 κραταιά,
2573 2691 2634 2748 Ὁ
2665 2689 2724 2746 δὲ
2765 2695 3010 2757 συνέθετο
3072 2697 3188 2768 μεθ’
3246 2696 3426 2770 ’ὸρκου
3482 2701 3632 2751 τοῦτο
3680 2701 3851 2762 ποιῆσαι.

2294 2777 2622 2842 Βασιλεύσας
2651 2777 2707 2836 δὲ
2738 2779 2964 2851 ἐποίησε
3006 2781 3412 2855 ψευδοσόνοδον
3463 2783 3732 2840 ἐπισκόπων
3763 2780 3851 2836 κατᾶ

2290 2867 2380 2922 τὸν
2411 2867 2578 2942 λόγον
2617 2873 2714 2924 τοῦ
2753 2866 3054 2944 ψευδαϐὃᾶ,
3115 2873 3204 2926 καὶ
3262 2869 3456 2948 ἔρριψε
3501 2878 3596 2942 τήν
3647 2872 3753 2948 ἁγίαν
3787 2872 3844 2922 καί

2293 2955 2674 3030 οἷκουμενικὴν
2733 2956 2891 3030 ἕκτην
2952 2957 3193 3016 σύνοδον.
3257 2964 3354 3019 Καὶ
3426 2969 3498 3037 εῷ
3546 2964 3672 3034 αὖτῷ
3718 2961 3836 3034 χρόνῳ

2293 3043 2580 3122 ἐτυφλώθη
2643 3048 2671 3102 ὁ
2734 3049 2981 3120 μάταιος.
3045 3055 3214 3126 Κῦρον
3287 3049 3344 3107 δὶ
3413 3053 3526 3112 -τὸν
3603 3051 3838 3124 raptim)

2291 3134 2565 3206 ἐξωοήσας
2594 3143 2694 3205 τῆς
2720 3139 3077 3210 Exn/maia;
3138 3142 3404 3210 Ἰωάννην
3453 3143 3540 3198 τὸν
3582 3141 3724 3198 αὐτῶν
3757 3157 3848 3208 συμ-

2296 3225 2505 3298 μ·5στην
2538 3226 2625 3281 καὶ
2662 3229 3029 3304 συναιρετικὸς
3059 3225 3428 3305 προεϐάλετο.

2373 3397 2543 3459 Οὗτος
2575 3398 2602 3452 6
2639 3399 2976 3462 Φιλιππικὸς
3008 3400 3037 3454 6
3075 3401 3166 3456 καὶ
3228 3400 3519 3476 Βαρδάνης
3573 3401 3620 3457 ἐν
3671 3399 3745 3472 μὶν
3786 3399 3863 3452 ταῖς

2303 3481 2616 3549 διαλαλιαῖς
2651 3488 2817 3543 αὐτοῦ
2849 3487 3040 3562 λόγιος
3069 3490 3159 3544 καὶ
3193 3487 3447 3570 ἐχέφρων
3481 3489 3748 3566 ἐλογίζετο,
3770 3484 3809 3540 ἓν
3831 3480 3866 3537 εὶ

2298 3581 2420 3636 ταῖς
2475 3576 2724 3650 πράξεσιν
2782 3578 2948 3632 αὐτοῦ
3007 3577 3254 3652 ἀσέμνως
3339 3581 3435 3636 καὶ
3530 3579 3753 3638 ἆνικάνως
3807 3572 3865 3627 καὶ

2300 3665 2544 3741 αἰσχρῶς
2580 3669 2670 3723 τὸν
2722 3669 2842 3745 βίον
2899 3670 3066 3725 αὐτοῦ
3125 3667 3392 3726 διατελῶν
3453 3674 3616 3742 πάντη
3675 3666 3867 3736 ἀδόκιμος

2301 3753 2593 3814 ἐδείκνυτο.
2637 3758 2934 3830 Ἐμμανῶς
2987 3759 3090 3833 γὰρ
3144 3760 3386 3830 κινηθεὶς
3447 3761 3579 3816 κατά
3628 3766 3712 3826 τῆς
3760 3758 3868 3828 ἁγίας

2301 3853 2344 3910 ς’
2374 3844 2602 3902 συνόδου
2631 3847 2943 3922 ἀνατρέπειν
2987 3847 3209 3906 ἔσπευδε
3263 3851 3330 3906 τὲ
3379 3852 3471 3906 ὑπ’
3513 3851 3670 3920 αὐτῆς
3718 3847 3870 3919 δογμι·

2297 3936 2542 4001 τισθέντα
2573 3940 2690 3992 θεῖα
2730 3937 2997 4012 δόγματα.
3061 3939 3195 4003 Εὗρε
3247 3941 3348 4015 γὰρ
3414 3941 3706 4020 ὁμόφσονας
3753 3935 3866 3989 αὐτοῦ

2300 4025 2456 4082 αὐτόν
2483 4048 2542 4082 τε
2565 4027 2659 4082 τὸν
2699 4028 2978 4099 Ἰωάννην,
3033 4029 3092 4083 ὃν
3140 4027 3364 4098 ἐποίησε
3424 4030 3763 4104 πατριάρχην.
3805 4020 3865 4077 καὶ

2297 4112 2502 4178 ἄλλους
2535 4115 2846 4194 ὁμόφρονας
2899 4115 3084 4182 αὐτοῦ,
3141 4118 3231 4172 καὶ
3291 4117 3570 4195 ἐγγράφως
3621 4116 3866 4186 ἀνεθεμάτι-

2295 4225 2389 4259 σαν
2422 4203 2608 4275 αὖτήν.
2641 4208 2738 4277 Τῷ
2769 4202 2817 4260 δ’
2842 4206 2992 4278 αὐτῷ
3021 4207 3209 4285 χρόνῳ
3267 4208 3318 4262 οἱ
3365 4206 3666 4285 Βοῦλγαροι
3707 4202 3780 4260 διὰ
3803 4201 3867 4254 τοῦ

2298 4293 2471 4351 Φιλέα
2501 4298 2614 4368 (35)
2657 4294 2831 4368 λάθρα
2880 4299 2958 4367 τῷ
3011 4317 3175 4368 στινῳ
3231 4295 3614 4373 ἐπιρῥίψαντες
3663 4294 3752 4354 ’ἕως
3800 4295 3868 4355 τῖς

2296 4390 2513 4460 Χρυτῆς
2542 4384 2749 4457 πόρτης
2782 4382 3091 4458 διέδραμον.
3125 4387 3228 4441 Τὸν
3265 4385 3322 4442 δὲ
3364 4387 3598 4462 ἀριθμὸν
3647 4389 3740 4440 τῶν
3780 4398 3868 4457 σξα-

2292 4475 2494 4550 γὲντων
2533 4476 2622 4530 καὶ
2682 4472 3258 4551 αἰχμαλωτισθέντων,
3318 4479 3452 4553 ὑπὲρ
3507 4478 3722 4554 ἀριθμὸν
3771 4470 3870 4535 ὅπα.

2295 4559 2468 4638 λέγειν
2501 4560 2601 4616 οὐκ
2631 4559 2857 4637 ἔχομεν.
2891 4562 3061 4618 Αὐτοὶ
3093 4560 3150 4618 δὲ
3181 4558 3442 4626 ἀϐλαϐεῖς
3475 4564 3550 4626 εἰς
3597 4565 3687 4633 τήν
3735 4559 3868 4634 χώραν

2216 4672 2261 4738 D
2292 4649 2470 4706 αὐτῶν
2502 4650 2850 4738 ὑπέστρεψαν.

2364 4745 2461 4814 Τῷ
2570 4736 2676 4798 ἔτει
2705 4737 2853 4815 ἔδοξε
2882 4746 2963 4815 τῷ
2993 4742 3319 4814 Φιλιππικῷ
3383 4745 3519 4817 μετὰ
3565 4763 3715 4798 τινων
3757 4735 3870 4792 πολιο

2292 4837 2400 4888 τῶν
2429 4831 2740 4908 ἀριστῆσαι.
2773 4833 2862 4889 Ἐν
2896 4829 2953 4887 δὲ
2989 4837 3070 4904 τῷ
3117 4827 3371 4906 σαϐϐάτῳ
3413 4841 3516 4903 τῆς
3564 4831 3870 4901 Πεντηκοστῆξ

2301 4916 2750 4996 μεσημϐριάζων,
2790 4920 3011 4992 ἐξάπινα
3038 4917 3128 4976 διὰ
3156 4928 3258 4992 τῆς
3295 4929 3508 4998 χρυσῆς
3539 4922 3734 4996 πόρτης
3753 4911 3872 4972 εἰσελ·

2298 5012 2404 5074 θὼν
2465 5013 2695 5089 Ῥοῦφος
2773 5010 3272 5087 πρωτοστράτηγος
3335 5019 3432 5067 τοὶ
3494 5010 3749 5086 Ὀψικίου,
3797 5006 3874 5078 μεθ’

1736 5131 2095 5186 XYLANDRI
2135 5132 2221 5186 ET
2259 5130 2474 5186 GOARI
2515 5130 2734 5185 NOTzE.

605 5236 717 5307 (33)
751 5233 1038 5306 Bithyniae
1069 5230 1319 5307 urbem;
1353 5230 1424 5286 de
1456 5246 1572 5300 qua
1599 5231 1814 5285 iterum
1864 5234 2070 5284 auctor
2119 5229 2180 5284 in

532 5305 938 5374 Menomacho,
975 5323 1032 5374 ρ·
1067 5306 1190 5358 643.
1221 5305 1396 5357 Com.

607 5323 938 5374 inomacno,
1067 5323 1190 5358 οιω.
1221 5323 1396 5384 ιιοιιιι.
2049 5374 2058 5384 ι

607 5381 717 5455 [39
753 5376 975 5455 Παραπῦ
1022 5395 1100 5455 ιον
1135 5375 1607 5455 scripsit_auctor
1633 5390 1692 5455 p.
1744 5373 1861 5455 £53,
1887 5379 2182 5455 ⁸ροςιροιιηι

531 5444 978 5516 νίἀθιὶοεει,’δὶνθ
1013 5444 1273 5516 ηιίηοίνεηι
1320 5445 1395 5501 ad
1438 5444 1679 5514 majoris
1731 5445 1976 5500 alterius
2025 5444 2181 5516 latus

526 5527 766 5592 portam.
802 5515 895 5592 Sic
944 5515 1348 5592 παρεκκλήσιον
1407 5523 1498 5572 est
1552 5519 1732 5592 minor
1788 5517 2012 5592 ecclesm
2061 5515 2180 5569 sive

534 5586 748 5661 capella
778 5591 852 5645 ad
903 5586 1190 5659 majorem
1223 5589 1378 5661 sita,
1428 5586 1800 5661 mprla'ﬁpiov
1829 5589 2038 5661 minus
2062 5601 2181 5640 mo-

530 5657 836 5718 nasterium
893 5657 1065 5732 juxta
1114 5659 1331 5730 majus,
1415 5666 1475 5716 et
1529 5659 1602 5714 ab
1683 5657 1752 5713 eo
1811 5657 2178 5730 dependens.

533 5736 710 5793 Gonn.

2360 5231 2617 5302 (35)7Aut
2637 5245 2740 5298 per
2768 5229 3035 5294 Phileam,
3069 5233 3134 5284 ut
3190 5228 3302 5302 loci
3342 5230 3418 5302 sit
3465 5247 3676 5286 nomen
3709 5244 3721 5280 :
3767 5214 3874 5302 nihil

2291 5291 2670 5354 enim'habeo
2717 5307 2966 5356 certum.
3020 5291 3188 5356 Certe
3242 5301 3448 5356 Suidas
3506 5302 3614 5356 loci
3662 5291 3874 5354 meminil

2290 5370 2403 5426 hoc
2432 5372 2675 5427 nomine
2703 5388 2716 5426 :
2751 5373 2849 5428 ubi
2882 5378 3080 5428 autem
3113 5371 3378 5428 locorum
3410 5373 3489 5427 sit
3518 5389 3634 5428 non
3661 5368 3874 5437 habetur;

2290 5441 2428 5498 Χγι..
2460 5474 2520 5482 --
2572 5444 2808 5512 Locum,
2869 5461 2993 5498 non
3051 5445 3356 5499 hominem
3412 5444 3512 5499 hic
3561 5445 3874 5512 interpretari

2291 5497 2424 5586 ipsa
2450 5497 3122 5570 dictioniseenstrnctio
3139 5497 3780 5586 sosiaiarsestauwng
3825 5497 3874 5586 ad

2292 5581 2445 5658 latus
2475 5586 2640 5658 urbis
2671 5587 2846 5658 regite
2877 5581 3181 5658 oppidum,
3215 5586 3373 5642 inter
3418 5587 3609 5658 ipsam
3655 5593 3708 5640 et
3746 5581 3873 5635 Poni!

2288 5657 2498 5713 Euxini
2530 5657 3040 5715 taucesimedium.
3083 5658 3258 5714 Gesn.
