4108 6300
482 374 601 436 863

491 597 601 652 Leo
654 598 889 655 lsaurus
933 601 1326 659 Orientalium
1379 604 1521 669 dux,
1554 622 1660 676 pro
1710 603 1974 660 Artemio
2004 619 2139 674 pro-

486 702 777 758 pugnans,
827 689 1152 746 Theodosio
1210 710 1329 748 non
1361 695 1580 765 paruit,
1633 694 1859 749 socium
1912 691 2137 747 habens

484 776 877 833 Artabasdum
934 782 1283 837 Armenium
1361 782 1571 838 ducem
1607 825 1622 850 ,
1682 783 1777 838 cui
1835 786 1891 836 et
1949 781 2134 835 ﬁliam

484 872 736 938 nuptum
768 885 831 923 se
861 868 1138 924 daturum
1170 887 1339 927 suam
1373 872 1790 944 spoponderat.

1868 379 2189 444 GEORGII
2233 379 2568 442 CEDRENI
3772 400 3863 462 354

488 505 688 561 induit
717 511 776 563 et
802 507 1278 567 Thessalonicam
1308 518 1399 569 est
1429 513 1793 587 deportatus.
1845 513 2133 569 Caeterum
2166 521 2212 587 Α
2244 508 2523 585 ἀπήγαγον
2562 552 2574 566 .

2638 508 2748 599 pii;
2831 513 3158 587 θεασάμενος
3246 516 3568 591 Ἀρτὲμιος,
3630 520 3779 599 λόγον
3821 550 3865 585 τε

2249 599 2510 694 ἀπαθείας
2541 592 2841 694 Ade-$516
2910 600 3201 675 μοναδικον
3257 603 3629 681 περιεϐάλετο
3685 592 3862 694 σχῆμα,

2246 688 2334 744 καὶ
2366 689 2441 780 εἷς
2463 687 2865 780 Osco-{lovian
2924 692 3245 768 ἑξορίζεται.
3305 698 3465 753 Λὲων
3522 698 3581 756 δὲ
3610 703 3638 756 6
3667 687 3863 780 Ἰσαυρος

2241 782 2349 834 τῶν
2427 776 2789 835 Ἀνατολικῶν
2871 783 3171 857 στρατηγὸς
3227 788 3355 860 (42)
3437 783 3535 859 ὤν,
3617 776 3863 865 Ἀρτεμίου

2244 866 2579 940 ὑπερμαχῶν
2608 865 2717 954 οὐχ
2746 866 2987 946 ὑπετάγη
3042 868 3347 945 Θεοδοσίῳ,
3411 869 3562 950 ἔχων
3616 899 3863 954 συναγωνι.

485 955 712 1026 ζόμενον
766 951 1133 1030 Ἀρτάὄασδον
1214 955 1503 1034 ’Δρμένιον
1573 958 1872 1035 στρατηγὸν
1940 961 2050 1012 τῶν
2116 957 2485 1030 Ἀρμενιακῶν
2517 998 2533 1025 ,
2603 953 2649 1028 ᾦ
2703 955 2794 1011 καὶ
2883 955 3069 1014 δοῦναι
3151 959 3411 1019 συνέθετο
3479 967 3579 1035 τήν
3619 951 3756 1024 ἰδίαν
3794 981 3867 1035 ου-

483 1043 702 1119 γατέρα.

558 1135 922 1191 Theodosius
942 1137 1258 1209 imperium
1282 1141 1613 1196 Romanum
1640 1139 1831 1195 tenuit
1857 1154 2049 1194 annos
2078 1140 2132 1194 2.

486 1226 567 1279 Eo
613 1224 943 1296 imperante
992 1228 1301 1283 Masalmas
1349 1230 1811 1285 Sarracenorum
1857 1228 2134 1299 princeps

489 1315 893 1370 Romanorum
939 1315 1150 1371 ditioni
1183 1318 1405 1373 bellum
1463 1318 1684 1374 intulit.
1743 1318 2007 1386 Cumque
2061 1315 2135 1370 ad

486 1404 792 1459 Amorium
823 1407 1204 1476 pervenisset,
1236 1408 1412 1462 Leoni
1434 1409 1635 1463 Isauro
1668 1408 1731 1463 in
1760 1407 1915 1461 hanc
1946 1405 2131 1475 scrip-

486 1492 927 1549 sitsenlentiam
952 1495 1066 1550 :Ad
1088 1502 1140 1551 te
1155 1498 1411 1567 pertinet
1433 1499 1761 1553 Romanum
1782 1493 2129 1567 imperium:

480 1583 634 1648 veni,
675 1589 734 1638 et
762 1583 833 1639 de
864 1601 1010 1656 pace
1041 1586 1469 1657 colloquemur.
1525 1587 1683 1642 Misit
1712 1602 1850 1658 ergo
1883 1583 1957 1640 ad
1989 1600 2126 1639 eum

482 1672 706 1744 legatos
740 1674 849 1729 Leo
872 1691 1199 1747 pacemque
1216 1676 1548 1747 composuit
1571 1692 1584 1742 ;
1609 1682 1667 1731 et
1694 1676 2019 1745 imperator
2040 1690 2131 1728 sa-

486 1763 706 1820 lutatus
739 1767 996 1821 maximo
1027 1785 1161 1824 cum
1193 1770 1453 1824 exercitu
1484 1768 1557 1824 ad
1601 1766 2005 1825 Nicomediam
2036 1782 2135 1820 ve-

482 1854 607 1920 nit;
642 1855 844 1926 ibique
864 1857 1173 1913 Theodosii
1195 1857 1384 1913 filium
1414 1858 1744 1923 offendens,
1768 1873 1963 1930 pugna
1992 1870 2130 1910 con-

482 1960 741 2016 gressus,
773 1946 932 2002 hunc
962 1964 1096 2003 cum
1123 1950 1283 2004 omni
1332 1949 1710 2021 imperatoris
1760 1950 2132 2021 supellectile

481 2049 550 2088 ac
589 2033 788 2105 palatii
821 2038 1164 2107 proceribus
1195 2038 1256 2093 in
1289 2054 1456 2094 suam
1488 2045 1839 2110 potestatem
1882 2039 2129 2112 redegit.

480 2122 621 2179 Inde
650 2124 1040 2197 Chrysopolin
1097 2128 1275 2183 venit.
1336 2128 1699 2184 Theodosius
1730 2133 1928 2183 autem
1961 2129 2034 2184 ab
2065 2145 2133 2184 eo

483 2213 593 2268 sibi
623 2215 1002 2271 securitatem
1052 2217 1369 2289 stipulatus
1399 2218 1649 2289 imperio
1680 2217 1880 2282 cessit,
1911 2218 2135 2273 factus-

483 2319 597 2373 que
626 2309 715 2358 est
751 2320 871 2359 una
890 2321 1025 2360 cum
1059 2304 1178 2360 tilio
1210 2305 1480 2362 clericus.
1514 2308 1646 2362 Fuit
1674 2306 1771 2361 hic
1794 2306 1972 2361 etiam
2004 2306 2134 2361 auri

485 2391 756 2462 scriptor.
791 2395 1051 2448 Mortuus
1082 2400 1171 2449 est
1198 2395 1433 2465 Ephesi.
1468 2401 1527 2451 et
1556 2395 1709 2451 infra
1740 2400 1959 2451 terram
1991 2412 2136 2451 con-

483 2480 640 2535 ditus
696 2482 755 2535 in
812 2481 951 2538 fano
1012 2483 1200 2538 sancti
1260 2484 1535 2555 Philippi.
1600 2484 1748 2540 788
1808 2484 2125 2556 Inscripsit

490 2587 597 2626 suo
628 2570 944 2641 sepulcro:
992 2572 1240 2629 Sanz'tas.
1299 2572 1547 2638 Quidam
1597 2573 1928 2631 incolarum
1972 2576 2138 2630 aiunt

491 2677 625 2715 eum
658 2661 943 2717 miracula
971 2662 1250 2720 edidisse.

558 2842 741 2896 Porro
774 2841 1084 2898 Masalmas
1114 2842 1464 2914 Pergamum
1498 2842 1738 2899 adortus
1783 2843 1956 2915 cepit.
1990 2847 2137 2899 Nam

489 2930 769 3011 oppidani
814 2932 967 2998 magi
1020 2931 1332 3003 cujusdam
1391 2933 1675 2987 instinctu
1732 2939 2137 3005 praegnantem

489 3023 799 3077 mulierem
832 3024 1258 3089 dissecuerant,
1292 3023 1551 3095 foetuque
1582 3024 1642 3079 in
1674 3024 1889 3081 carabo
1919 3024 2136 3080 elixato

487 3118 779 3182 quotquot
837 3113 1091 3168 militare
1123 3113 1359 3169 vellent,
1397 3114 1457 3168 in
1492 3113 1856 3170 exsecranda
1887 3113 1999 3168 hoc
2048 3130 2138 3168 sa-

480 3202 702 3257 criﬁcio
762 3204 1025 3258 manicas
1085 3203 1430 3258 dextrarum
1484 3219 1727 3259 suarum
1775 3203 2132 3259 intexerant.

2313 1133 2600 1199 Θεοδόσιος
2655 1135 2913 1212 βασιλεὺς
2966 1140 3252 1215 Ῥωμαίων
3284 1139 3387 1213 ἔτη
3424 1145 3495 1218 β’.
3556 1145 3635 1216 ἐφ’
3687 1148 3743 1202 οὗ
3768 1150 3863 1205 M1-

2243 1223 2457 1298 σαλμᾶς
2514 1226 2542 1280 6
2591 1231 2699 1280 τῶν
2773 1233 3103 1302 Σαρακηνῶν
3162 1230 3429 1307 ἀρχηγὸς
3527 1234 3863 1311 ἐπεστράτευσε

2241 1315 2377 1370 κατὰ
2423 1314 2735 1389 Ῥωμαίων.
2794 1316 2901 1373 Καὶ
2964 1319 3103 1392 πρὸς
3159 1320 3225 1374 τὰ
3289 1320 3439 1394 μέρη
3499 1328 3598 1378 τοῦ
3626 1325 3862 1400 ’Δμωρίου

2242 1403 2537 1481 γενόμενος
2596 1403 2788 1481 γράφει
2873 1408 3008 1479 πρὸς
3088 1408 3297 1465 Λέοντα
3366 1417 3481 1466 τῶν
3543 1413 3859 1471 Ἀνατολιιιὼν

2243 1493 2570 1567 στρατηγόν·
2604 1498 2671 1549 Ἦ
2723 1492 2973 1567 βασιλεία
3021 1501 3126 1552 τῶν
3179 1500 3481 1571 Ῥωμαίων
3540 1523 3623 1556 σοι
3651 1504 3858 1577 ἁρμόζει.

2245 1582 2404 1646 Ἐλθὲ
2443 1586 2536 1637 οὖν
2568 1584 2654 1656 [Ρ.
2696 1586 2824 1658 450]
2880 1584 2969 1640 καὶ
3021 1583 3349 1661 λαλήσομεν
3372 1591 3443 1645 τὰ
3474 1592 3611 1667 πρὸς
3663 1592 3856 1663 εἰρήνην.

2240 1671 2302 1729 Ὁ
2347 1669 2405 1726 δὲ
2460 1674 2598 1746 πρὸς
2654 1673 2814 1729 αὐτὸν
2874 1675 3198 1739 ἀποστείλας
3246 1677 3503 1742 ΰπάτους
3556 1683 3642 1736 καὶ
3701 1680 3858 1756 λόγους

2242 1761 2468 1850 εἲρήνης
2521 1763 2916 1836 ποιησάμενος,
2973 1764 3069 1822 καῖ
3120 1769 3196 1831 ὡς
3257 1771 3529 1845 βασιλεὺς
3587 1773 3853 1850 φημισθεές,

2240 1849 2325 1905 ἐπὶ
2350 1852 2450 1920 τὴν
2483 1851 2858 1926 Νικομήδειαν
2885 1852 3104 1931 ἔρχεται
3138 1858 3277 1928 μετᾶ
3327 1849 3607 1916 πλείστου
3649 1866 3854 1935 στρατοῦ.

2240 1941 2327 1996 Ἐν
2357 1939 2395 2015 ᾖ
2420 1945 2499 2013 τῷ
2527 1946 2623 1996 τοῦ
2671 1940 2962 1998 Θεοδοσίου
3019 1947 3124 2017 υίῷ
3181 1948 3506 2024 περιτυχὼν
3561 1949 3613 2005 ἐν
3666 1949 3855 2023 πολέμῳ

2236 2030 2326 2084 καὶ
2350 2030 2755 2105 χειρωσάμενος
2782 2032 2918 2105 μετὰ
2944 2040 3045 2102 τῆς
3077 2035 3376 2110 βασιλικῆς
3439 2040 3723 2115 ὑπηρεσίας
3769 2040 3852 2111 (43)

2238 2120 2417 2190 πάσης
2445 2121 2532 2175 καὶ
2566 2124 2674 2176 τῶν
2706 2119 2758 2176 ἒν
2785 2120 2931 2178 τέλει
2977 2128 3077 2179 τοῦ
3134 2124 3434 2197 παλατίου,
3484 2124 3850 2200 καταλαμϐὰνει

2238 2208 2337 2276 τὴν
2389 2210 2760 2283 Χρυσόπολιν.
2820 2211 2880 2267 Ὀ
2932 2210 2989 2267 δὲ
3037 2211 3331 2278 Θεοδόσιος
3397 2216 3598 2291 λόγους
3643 2216 3849 2277 inlisu;

2242 2303 2370 2372 παρ’
2399 2297 2566 2352 αὐτοῦ
2593 2294 2781 2354 λαϐὼν
2810 2302 3209 2377 παρεχώρησεν
3243 2304 3399 2377 αὐτῷ
3442 2314 3546 2374 τῆς
3597 2302 3846 2381 βασιλείας,

2242 2385 2509 2460 κληρικὸς
2542 2388 2634 2442 σὺν
2665 2393 2746 2461 τῷ
2776 2391 2879 2459 υἱῷ
2916 2392 3226 2465 γενόμενος.
3259 2393 3441 2455 Οὗτος
3500 2397 3566 2465 ἦν
3617 2394 3699 2450 καὶ
3743 2414 3847 2468 χρυ-

2244 2475 2513 2553 σογράφος
2582 2478 2716 2551 (44).
2780 2478 3024 2551 Τελεδτᾷ
3080 2479 3136 2536 δὲ
3181 2483 3235 2537 ἐν
3270 2486 3507 2560 Ἐφέσῳ,
3567 2484 3652 2539 καὶ
3688 2483 3842 2546 τίθεται

2242 2562 2294 2619 ἐν
2325 2569 2404 2637 τῷ
2433 2570 2546 2638 ναῷ
2568 2571 2666 2622 τοῦ
2702 2568 2887 2641 Ἀγίου
2919 2568 3205 2627 Φιλίππου
3248 2571 3359 2628 ὑπὸ
3418 2581 3548 2652 γῆν,
3595 2573 3762 2651 γράφει
3800 2570 3840 2624 δὲ

2242 2653 2294 2709 ἐν
2351 2659 2431 2727 τῷ
2485 2655 2641 2735 τάφῳ
2688 2655 2874 2713 αὐτοῦ·
2934 2660 3127 2734 Ὑγεία.
3182 2661 3421 2740 Λέγουσι
3478 2660 3536 2719 δέ
3588 2683 3714 2723 τινες
3757 2663 3835 2715 τῶν

2243 2744 2504 2799 ἐντοπίων
2536 2754 2967 2825 θαυματουογεῖν
2999 2749 3177 2810 αὐτόν,

3977 1652 3979 1777 l

3977 1796 3979 1871 ι

3977 2054 3979 2157 l

2313 2832 2526 2899 Ἐλθὼν
2586 2832 2643 2890 δὲ
2697 2836 3003 2911 Μασαλμᾶς
3066 2839 3119 2894 ἐν
3175 2843 3455 2918 Περγάμῳ
3511 2841 3693 2910 ταῦτην
3734 2855 3823 2908 πιρ-

2244 2918 2440 2979 ἐλαϐεν
2509 2925 2823 3001 εἰσηγήσεσι
2885 2927 2988 3003 γάρ
3052 2950 3203 2992 τινος
3265 2934 3450 3010 μάγου
3505 2932 3756 3007 ἐνέγκαντες
3776 2924 3811 2977 οἳ

2240 3020 2340 3082 τῆς
2394 3011 2610 3075 πόλεως
2688 3012 2878 3090 ἔγκυον
2937 3024 3161 3091 γὺναῖκα
3213 3020 3424 3093 ταύτην
3496 3022 3717 3091 ἀνέτεμον
3751 3010 3814 3067 ul

2240 3102 2304 3158 τὸ
2361 3104 2557 3181 βρέφος
2615 3102 2667 3159 ἐν
2721 3101 2944 3180 κακάϐῳ
3004 3108 3303 3182 ἑψήσαντες
3363 3110 3440 3173 εἰς
3485 3114 3585 3179 τὴν
3632 3122 3819 3169 τοιαυτῃ

2245 3186 2631 3256 θεοϐδέλυκτον
2665 3197 2849 3258 ουσίαν
2886 3196 3080 3260 πάντες
3131 3198 3183 3253 οἷ
3237 3199 3510 3271 πολεμεῖν
3565 3195 3826 3275 βουλόμενοι

484 3294 807 3363 Eapropter
850 3294 1012 3363 justo
1067 3293 1166 3347 Dei
1218 3292 1448 3364 judicio
1505 3292 1778 3349 hostibus
1829 3300 1966 3348 sunt
2022 3299 2131 3348 tra-

2248 3285 2315 3340 τὰ
2345 3284 2565 3357 μανίκια
2584 3292 2683 3353 τῆς
2715 3281 2887 3356 δεξιᾶς
2912 3287 3102 3366 χειρὸς
3148 3290 3331 3345 αὐτῶν
3383 3285 3602 3362 ἔϐαψαν.
3649 3283 3827 3342 Heinri-

480 3380 609 3436 diti.

551 3560 720 3615 Anno
780 3560 987 3615 mundi
1061 3562 1222 3627 6209,
1265 3559 1692 3616 incarnationis
1768 3560 1980 3616 divina
2025 3560 2129 3615 703

484 3650 594 3704 Leo
626 3651 885 3717 Isaurus,
919 3650 1018 3721 qui
1045 3655 1106 3704 et
1133 3650 1337 3705 Conon
1369 3655 1427 3704 et
1456 3649 1529 3704 ob
1561 3650 1821 3720 dejectas
1844 3649 2130 3721 imagines

480 3739 906 3811 Iconomachus
964 3739 1434 3810 cognominatur,
1486 3739 1800 3810 imperium
1859 3739 2013 3805 iniit,
2045 3744 2129 3794 te-

479 3828 725 3899 nuitque
757 3845 948 3884 annos
977 3830 1066 3884 24.
1103 3828 1309 3883 Paucis
1338 3833 1659 3899 antequam
1691 3828 1986 3899 imperare
2020 3828 2130 3883 Leo

478 3920 654 3989 caepit
685 3921 878 3987 annis,
913 3919 1138 3974 Hebraei
1175 3918 1416 3990 quidam
1477 3919 1762 3975 Laodicea
1816 3918 2129 3974 Pbmniciaa

479 4008 712 4064 oriundi
773 4009 1036 4064 Izethum
1110 4008 1366 4064 Arabum
1417 4009 1747 4081 principem
1799 4008 2127 4079 adiverunt,

479 4098 897 4169 promittentes
928 4098 981 4153 ei
1032 4100 1101 4153 40
1152 4114 1339 4154 annos
1388 4098 1737 4154 duraturum
1797 4098 1858 4153 in
1906 4098 2130 4154 Arabas

480 4186 818 4258 imperium.
852 4188 900 4243 si
934 4187 1300 4243 venerandas
1332 4193 1390 4241 et
1418 4187 1479 4241 in
1509 4187 1742 4259 templis
1773 4187 2132 4244 Christiano-

479 4293 612 4331 rum
648 4278 870 4333 bonore
898 4277 1087 4333 cultas
1118 4277 1409 4349 imagines
1441 4293 1545 4347 per
1574 4293 1815 4332 omnem
1846 4293 2012 4333 suam
2045 4276 2127 4331 di-

481 4367 702 4422 tionem
734 4366 1055 4423 detrurret.
1117 4368 1470 4421 Persuasum
1528 4366 1639 4420 hoc
1678 4371 1769 4421 est
1817 4365 1978 4421 fatuo
2014 4368 2123 4421 lze-

481 4456 578 4511 tho
623 4462 683 4510 et
733 4456 1038 4511 decretum
1093 4455 1424 4511 universale
1498 4461 1708 4511 contra
1763 4454 2128 4511 venerandas

478 4545 767 4613 imagines
794 4544 1146 4615 composuit.
1183 4543 1294 4598 Sed
1342 4543 1537 4599 favore
1600 4545 1700 4600 Dei
1751 4548 1811 4600 et
1845 4543 2124 4616 depreca-

2240 3387 2327 3439 θεν
2377 3372 2557 3447 δικαίᾳ
2620 3379 2718 3431 τοῦ
2766 3381 2901 3432 Θεοῦ
2966 3378 3140 3453 κρίσει
3214 3386 3337 3444 τοῖς
3397 3381 3613 3456 ἐχθροῖς
3656 3366 3831 3448 παρεδό-

2240 3466 2428 3536 θησαν.

2310 3554 2529 3626 Κόσμου
2596 3550 2714 3616 ἔτος
2788 3557 2960 3630 ⁴ςσθ’,
3016 3563 3116 3626 τῆς
3167 3558 3317 3622 Θείας
3375 3557 3688 3634 σαρχώτεως
3737 3547 3820 3623 HW.

2242 3644 2389 3699 Λέων
2446 3644 2475 3698 6
2530 3643 2620 3699 καὶ
2691 3644 2891 3712 Κόνων,
2952 3647 2980 3701 6
3037 3647 3286 3721 Ἶσατρος
3351 3649 3445 3704 καὶ
3502 3640 3831 3714 ε’κονομαὶχος.

2241 3728 2590 3790 ἐϐασίλευσεν
2621 3732 2715 3803 ἔτη
2748 3731 2853 3792 κδ’.
2889 3737 3001 3809 Πρὸ
3051 3734 3259 3812 ὀλίγων
3315 3743 3479 3795 τινῶν
3533 3735 3721 3810 χρόνων
3759 3734 3832 3790 τῆς

2243 3821 2521 3899 βασιλείας
2561 3819 2796 3887 Λέοντος
2845 3819 3095 3901 Ἐϐραῖοί
3123 3847 3261 3891 τινες
3331 3827 3393 3884 ἐκ
3448 3819 3830 3901 Λαοδικείαςᾼτῆς

2241 3898 2502 3983 Φοινίκης
2562 3912 2736 3983 ἦλθον
2786 3898 3129 3985 πρὸς-Ἰζὴθ
3185 3916 3277 3972 τὸν
3347 3914 3586 3991 ἀρχηγὸν
3619 3898 3830 3991 Ἀράό-ων,

2240 4000 2705 4078 ἐπαγγελλόμενοι
2737 4001 2884 4075 αὐτῷ
2912 3999 3005 4074 ἔτη
3051 4008 3109 4076 μ’
3154 3988 3575 4081 κρατῆσαι-πῆς
3626 3988 3825 4071 Ἀράϐων

2240 4094 2419 4167 ἀρχῆς
2475 4091 2523 4147 εἷ’
2577 4093 2672 4155 τὰς
2722 4092 2773 4147 ἓν
2832 4099 2949 4157 ταῖς
3025 4093 3318 4166 ἐκκλησίας
3378 4100 3485 4153 τῶν
3537 4084 3824 4159 Χριστιανῶν

2236 4183 2552 4257 τιμωμένας
2580 4183 2773 4244 σεπτάς
2831 4181 3043 4246 εἰκόνας
3094 4183 3146 4239 ἐν
3197 4184 3342 4260 πάσῃ
3397 4182 3467 4257 τῇ
3515 4180 3651 4253 ἀρχῇ
3689 4171 3827 4260 αὐτοῦ

2236 4269 2528 4327 καταλύσει
2553 4314 2567 4328 .
2626 4269 2848 4332 Τούτοις
2902 4273 3143 4335 πεισθεὶς
3176 4274 3204 4328 6
3237 4258 3467 4346 ἀνόητος
3521 4269 3657 4337 Ἰζὴθ
3683 4258 3823 4331 δόγμα

2236 4359 2528 4425 καθολικὸν
2577 4358 2883 4439 ἑψηφίσατο
2938 4363 3077 4416 κατὰ
3140 4366 3248 4418 τῶν
3310 4363 3473 4437 ἁγίων
3526 4355 3610 4413 καὶ
3661 4348 3824 4439 σξπῇεῶν

2236 4447 2478 4503 εἰκόνων.
2524 4445 2696 4503 Ἀλλά
2724 4446 2912 4526 χάριτι
2966 4450 3202 4522 Χριστοῦ
3255 4451 3346 4506 καὶ
3397 4456 3507 4511 ταῖς
3562 4433 3819 4510 πρεσϐείαις

2235 4544 2333 4607 τῆς
2363 4535 2635 4612 πανάγνου
2667 4536 2935 4593 Θεοτόκου
2981 4538 3070 4600 καὶ
3129 4538 3340 4595 πάντων
3376 4545 3482 4595 τῶν
3544 4533 3695 4611 ἁγίων
3730 4542 3822 4578 σνν-

478 4633 741 4688 tionibus
771 4633 1035 4705 Deiparaa
1080 4632 1466 4703 omniumque
1526 4632 1795 4688 divorum
1853 4635 2125 4689 eﬂ‘ectum

2242 4626 2428 4700 τόμως
2446 4626 2722 4695 τεθνηκὼς
2750 4626 2813 4681 οὐ
2872 4624 3176 4702 διαπέμψαι
3242 4627 3372 4686 αὒτὸ
3403 4625 3629 4698 ἠδυνήθη
3660 4618 3723 4677 εἷς
3746 4612 3817 4705 ῖῆν

483 4729 572 4777 est
600 4727 665 4776 ut
694 4722 870 4777 celeri
902 4729 1088 4777 morte
1113 4729 1444 4794 praeventus
1474 4722 1632 4792 {ante
1658 4722 1876 4777 exitum
1910 4723 2128 4794 quippe

481 4814 619 4868 anni
652 4811 850 4868 divina
879 4828 1010 4867 eum
1065 4811 1323 4867 vindicta
1373 4811 1585 4881 attigit)
1616 4811 1673 4865 id
1708 4828 1811 4881 per
1840 4828 2007 4866 suam
2038 4811 2126 4866 di-

478 4902 704 4958 tionem
718 4918 838 4957 non
858 4900 1396 4956 dimitteret.Filius
1410 4917 1588 4973 regno
1614 4903 1832 4971 potitus
1855 4899 2130 4955 Hebra‘os

480 4991 760 5049 dimissos
792 4998 858 5048 ut
894 4991 1248 5063 impostores
1304 5007 1517 5045 necare
1572 4988 1792 5055 voluit;
1852 4988 2007 5060 quod
2039 4989 2128 5044 illi

483 5084 809 5138 sentientes
832 5080 1061 5153 profugi
1080 5081 1141 5134 in
1160 5080 1446 5135 Isauriam
1477 5077 1863 5133 deﬂexerunt.
1886 5078 1969 5133 lbi
1994 5095 2129 5134 cum

485 5188 546 5227 se
577 5173 651 5228 ad
696 5172 920 5227 fontem
980 5169 1298 5242 quemdam
1356 5168 1796 5241 refrigerarent,
1857 5167 2004 5223 789
2037 5185 2130 5224 su-

480 5262 747 5332 pervenit
798 5262 910 5317 Leo
942 5257 1423 5316 adolescentulus
1481 5257 1806 5314 etiamnum
1836 5257 2131 5314 formosus

2240 4713 2580 4788 ἐπικράτιιαν
2663 4716 2849 4771 αὑτοῦ·
2931 4714 3083 4772 οὔπω
3167 4718 3271 4793 γὰρ
3341 4716 3552 4786 διῆλθεν
3608 4699 3818 4763 ἐνιαυτὸς,

2238 4806 2328 4861 καὶ
2358 4808 2393 4875 ἡ
2428 4805 2543 4870 θεία
2570 4803 2692 4861 δίκη
2756 4805 3022 4880 μετῆλθεν
3082 4807 3263 4863 αὐτόν.
3323 4807 3397 4863 Οὖ
3426 4809 3453 4862 6
3483 4804 3589 4863 υἱὸς
3616 4793 3819 4880 τῆνῄἦίθ

2243 4894 2432 4967 μονίαν
2464 4878 2765 4968 δεξάμενος
2800 4895 2874 4956 ὡς
2928 4893 3322 4970 ψευδομάντεις
3368 4894 3552 4953 αὐτοὺς
3595 4878 3817 4946 ἐϐουλήθη

2239 4989 2572 5044 ἀποκτεῖναι.
2657 4990 2828 5064 Ὂπερ
2914 4990 3178 5061 μαθόντες
3255 4989 3560 5061 ἀνέκαμψαν
3620 4976 3669 5034 ἓν
3703 4970 3818 5064 -τοῖς

2239 5080 2561 5151 ’ίσαυρικοῖς
2592 5061 2830 5149 μέρεσιν.
2866 5077 2961 5139 El:
2992 5080 3176 5153 πηγὴν
3218 5076 3276 5134 δέ
3328 5099 3447 5135 τινα
3491 5061 3818 5157 ἀναψυχόντίῖιν

2238 5167 2440 5231 αὐτῶν,
2472 5163 2597 5220 ἰδοὺ
2651 5163 2811 5230 οὗτος
2860 5169 2888 5223 6
2920 5166 3069 5223 Δίων
3128 5168 3402 5231 νεανίσκος
3456 5161 3529 5221 ἔτι
3582 5144 3817 5248 amiculo:

2235 5260 2316 5329 τῷ
2373 5252 2505 5311 εἶ’δει
2561 5257 2651 5311 καὶ
2708 5256 2959 5331 εὐμήκης
3012 5261 3090 5330 τῷ
3158 5259 3403 5333 σώματι,
3460 5252 3695 5331 βάναυσος
3736 5248 3811 5299 "av

1672 5383 2034 5440 XYLANDRI
2089 5384 2176 5440 ET
2207 5383 2424 5441 GOABI
2475 5383 2697 5439 NOTAE.

558 5516 672 5596 (42)
764 5516 964 5596 Nuper
1056 5510 1355 5596 στοατηγὸς
1441 5510 1517 5596 εἷς
1600 5510 1669 5565 τὰ
1750 5504 2132 5596 καξαλλαρικά

484 5580 726 5660 dictus,
783 5580 976 5657 primo
1033 5580 1332 5657 σπαθαριὸς
1368 5599 1380 5613 ⁸
1438 5582 1469 5637 6'
1527 5580 1930 5660 σωματοφύλας
1990 5580 2128 5639 ἶστίν

701 5729 955 5785 Zonaras
984 5727 1278 5799 ἀποσκευῇ.
1315 5726 1490 5783 6οη,

2311 5512 2424 5581 (44)
2457 5511 2543 5567 Ad
2574 5512 2817 5568 verbum
2869 5512 2996 5567 hmo
3041 5510 3310 5569 obscura.
3369 5512 3600 5581 Zonaras
3626 5488 3813 5581 (illlng

2241 5570 2617 5657 vectigalium
2672 5583 3045 5657 publicorum
3070 5590 3427 5657 exactorem
3483 5580 3615 5657 ante
3646 5570 3806 5657 ᾉὶξῐξξξς·

2240 5639 2641 5780 ξιιωυΐιιίεεθ
2673 5639 2688 5655 ³
2722 5656 2825 5713 ait.
2877 5654 2989 5712 Sed
3069 5653 3166 5714 hic
3221 5639 3395 5714 credo
3450 5644 3596 5708 aliud
3642 5639 3808 5694 notari.

2297 5742 2383 5780 YL.

2297 5742 2383 5785 η.
