4108 6300
278 295 408 357 865

1407 290 1962 354 HISTORIAHUM
2004 291 2540 360 COMPENDIUM.

3570 310 3689 373 806

282 430 491 503 τέχνην
522 427 613 484 καὶ
645 426 696 499 ἐξ
752 428 919 497 αῦτῆς
973 427 1072 498 τὴν
1133 427 1277 497 ζωῇν
1316 426 1698 521 ποριζόμενος,
1728 426 1815 481 καὶ
1871 423 1934 521 ἐκ

2062 444 2113 483 ιο
2145 445 2390 500 procero
2421 453 2689 510 corpore,
2723 441 2823 512 qui
2855 458 2918 498 se
2949 442 3189 499 sordida
3217 452 3344 502 arte
3382 448 3598 521 alebat,
3631 458 3690 509 et

284 523 390 574 τοῦ
422 517 721 595 ὑποζυγίου
773 518 863 573 τὸν
915 517 1114 597 φόρτον
1177 513 1566 590 περιελόμενος
1597 513 1809 579 ἐκάθισε
1848 515 1939 569 καὶ

288 608 455 669 αὐτὸς
513 605 601 662 ἐπὶ
656 610 723 680 τῇ
780 608 938 683 πηγῇ
989 606 1064 667 ὡς
1123 604 1456 680 ἀριστιίσιυν.
1516 606 1658 662 Εἶτα
1715 605 1768 659 οἱ
1832 608 1943 659 τῶν

286 695 740 774 ἐγγαστριμύθων
776 695 974 768 μύσται
1016 698 1114 750 τοῦ
1172 694 1425 769 κατάρξαι
1468 700 1569 764 τῆς
1625 695 1943 768 Ῥωμαῖκῆς

292 784 579 863 βασιλείας
610 789 718 840 τῶν
749 787 1043 859 σκήπτρων
1074 784 1253 856 τούτῳ
1304 782 1664 857 προλέγουσι.
1717 786 1832 840 Τοῦ
1889 780 1946 837 δὶ

293 878 521 939 Δέοντος
572 869 1048 946 ἀναϐαλλομένου,
1105 872 1544 950 πληροφορεῖται
1596 872 1685 926 ὕπ’
1743 872 1943 927 αὐτῶν.

293 964 364 1020 Οἳ
422 965 513 1020 καὶ
560 963 802 1019 α’τοῦσιν
868 964 1054 1037 ὅρκον,
1113 962 1158 1017 εί
1211 962 1286 1024 εἰς
1365 960 1529 1037 πέρας
1577 955 1710 1035 ἔλθῃ
1762 964 1944 1025 τοῦτο,

288 1055 427 1127 ὅπερ
462 1053 522 1108 ἄν
556 1053 885 1124 αἰτήσωνται
937 1053 1207 1123 ποιήσειν.
1242 1053 1304 1125 [Ρ
1362 1053 1488 1125 451]
1547 1049 1948 1120 Πλησιάζοντος

289 1141 355 1200 δὲ
386 1143 556 1199 ἐκεῖσε
578 1145 707 1196 ναοῦ
736 1145 835 1198 τοῦ
895 1141 1054 1218 ἁγίου
1110 1136 1400 1215 Θεοδώρου
1453 1138 1678 1211 ὃμνυσιν
1733 1138 1946 1204 αὐτοῖς,

285 1234 806 1309 ’Υποχωρησάντων
841 1229 933 1285 οὖν
987 1227 1336 1310 ἀμφοτέρων,
1399 1230 1501 1285 ὑπὸ
1544 1228 1790 1283 Σισινίου
1845 1249 1952 1282 πα-

284 1326 507 1398 τρικίου
533 1318 981 1396 στρατολογεῖται
1029 1319 1058 1373 ὁ
1111 1319 1281 1376 Λέων.
1348 1319 1449 1374 Καὶ
1502 1317 1554 1373 ἐν
1613 1316 1791 1394 ὀλίγῳ
1848 1317 1951 1371 ὑπὸ

285 1410 586 1467 ’ίουστίνου
615 1413 712 1465 τοῦ
741 1409 1102 1481 Ῥινοτμήτου
1164 1407 1462 1481 σπαθαριος
1488 1411 1604 1480 (4-5)
1655 1406 1950 1481 γενόμενος

285 1499 370 1562 εἰς
393 1501 461 1555 τα
487 1498 743 1574 ἰεὶσπέρια
772 1496 1071 1571 πέμπεται,
1128 1496 1219 1551 καὶ
1249 1498 1476 1567 νικήσας
1511 1496 1615 1550 ὑπὸ
1661 1492 1949 1551 Θεοδοσίου

284 1589 594 1662 στρατηγὸς
622 1585 921 1654 Ἀνατολῆς
953 1584 1187 1657 γίνεται,
1216 1584 1308 1640 καὶ
1328 1591 1428 1654 τῆς
1455 1582 1743 1660 βασιλείας
1764 1587 1951 1660 κρατεῖ

284 1682 377 1751 τῷ
413 1675 796 1751 προειρημένῳ
822 1674 1040 1748 τρόπῳ.

369 1770 464 1837 Τῷ
511 1767 556 1837 β’
585 1760 693 1822 ἔτει
723 1760 989 1821 κατελαϐε
1044 1763 1352 1848 Σουλεῖμᾶν
1420 1763 1558 1835 μετᾶ
1600 1760 1798 1818 στόλου
1854 1760 1942 1817 καὶ
1979 1784 2024 1848 Β

295 1852 623 1931 ἆμηρᾶίδων.
656 1854 746 1909 καὶ
779 1852 1087 1929 διεπέρασεν
1144 1852 1194 1926 ἐξ
1260 1847 1493 1907 Ἀϐύδου
1525 1850 1576 1906 ἐν
1613 1854 1681 1924 τῇ
1740 1850 1943 1926 Θρᾴκῃ.

290 1944 375 2004 03
407 1942 829 2014 τελευτήσαντος
890 1942 1154 2017 ἀμηρεύει
1210 1940 1486 2013 Οῧμαρος.
1542 1944 1831 2013 Χειμῶνος
1893 1936 1951 1995 δὲ

295 2035 610 2112 βαρυτάτου
638 2033 928 2110 γενομένου
985 2031 1036 2086 ἐν
1091 2035 1161 2104 τῇ
1214 2038 1419 2106 Θρᾳκῃ,
1484 2031 1559 2091 ὡς
1601 2028 1688 2085 ἰπὶ
1741 2029 1950 2104 ἡμέρας

288 2122 483 2178 ἑκατὸν
549 2123 626 2193 μὴ
681 2127 912 2197 φανῆναι
966 2125 1067 2195 γῆν
1130 2118 1190 2174 ἐκ
1266 2124 1365 2188 τῆς
1432 2115 1947 2191 κρυσταλλωθείσης

291 2210 510 2292 χιόνος,
541 2208 755 2278 πλῆθος
783 2207 971 2264 ἳππων
1011 2228 1072 2262 τε
1125 2207 1214 2262 καὶ
1280 2206 1552 2279 καμήλων
1589 2206 1678 2261 καὶ
1737 2211 1946 2261 Αοιπῶν

293 2300 453 2369 ζώων
504 2304 612 2354 τῶν
680 2297 893 2377 ἐχθρῶν
932 2299 1241 2369 τεθνήκασι.
1295 2301 1386 2367 Τῷ
1443 2292 1502 2350 δὲ
1551 2294 1746 2370 ἐαρινῷ
1775 2300 1949 2371 καιρῷ

292 2382 567 2445 κατέλαϐε
601 2390 854 2465 Σουιριαμ
886 2386 1022 2459 μετὰ
1067 2407 1164 2441 του
1221 2384 1274 2441 ἐν
1329 2384 1586 2461 Αἰγύπτῳ
1645 2385 1948 2446 πεισθέντος

296 2478 526 2543 στόλου,
548 2477 638 2532 καὶ
671 2477 1052 2552 προσὼρμισεν
1104 2475 1181 2536 εἷς
1235 2473 1328 2529 τὸν
1383 2477 1480 2529 τοῦ
1531 2471 1719 2530 Καλοῦ
1750 2474 1949 2545 Ἀγςηοῦ

298 2564 525 2637 λιμένα.
558 2566 688 2623 Μετ’
719 2563 781 2621 οὒ
814 2563 958 2620 πολὺ
984 2564 1074 2618 καὶ
1137 2565 1282 2632 Ἰζήθ
1344 2563 1463 2636 μεθ’
1533 2562 1717 2637 ἑτερου
1748 2561 1948 2617 στόλου

301 2656 614 2717 κτισθέντος
667 2653 721 2709 ἐν
780 2655 1014 2731 Ἀφρικῇ
1071 2652 1160 2706 καὶ
1220 2650 1382 2715 αὐτὸς
1438 2650 1819 2726 προσώρμισεν
1873 2650 1948 2713 είς

299 2740 394 2795 τὸν
429 2740 661 2815 Σάτυρον
691 2738 778 2794 καὶ
808 2740 899 2795 τὸν
935 2736 1176 2812 Βρύαντα
1222 2736 1312 2790 καὶ
1366 2734 1471 2796 ἓως
1508 2736 1721 2810 Κάρτου
1786 2732 1946 2807 λιμὲ-

302 2848 420 2891 νος.
455 2828 520 2886 Οἱ
563 2827 745 2902 μέντοι
797 2831 904 2882 τῶν
967 2824 1064 2881 δύο
1119 2824 1326 2881 τούτων
1389 2822 1600 2879 στόλων
1658 2822 1950 2898 Αἰγύπτιοι

296 2917 416 2972 καθ’
455 2917 674 2979 ἑαυτοὺς
727 2915 1154 2993 βουλευσάμενοι
1210 2914 1402 2969 νυκξὸς
1460 2913 1716 2981 εδσῆλθον
1773 2912 1827 2967 ἐν
1879 2915 1948 2986 τῇ

292 3004 460 3061 πόλει
487 3007 577 3061 τὸν
616 3005 844 3080 βασιλέα
875 3006 1252 3078 εὐφημοῦντες
1309 3006 1445 3076 (46).
1506 3000 1646 3056 ὣστε
1688 3001 1794 3056 ἀπὸ
1851 3008 1952 3071 τῆς

290 3095 517 3169 ’ἱερείας
547 3093 713 3171 μέχρι
744 3102 843 3163 τῆς
896 3091 1112 3154 πόλεως
1139 3095 1280 3198 “(47)
1340 3089 1606 3198 ὀλόξυλρν
1663 3090 1941 3198 φαίνεσθαι
1976 3131 2019 3198 C

290 3184 399 3253 τήν
456 3182 750 3248 θάλασσαν.
807 3186 1077 3245 Ἕκαστος
1135 3178 1192 3236 δὲ
1246 3185 1355 3236 τῶν
1406 3180 1669 3235 τοιούτων
1732 3180 1942 3234 στόλων

292 3274 525 3347 στρατὸν
607 3274 759 3348 εἶχεν
846 3271 1210 3345 ἀναρίθμητον
1268 3270 1359 3325 καὶ
1426 3269 1597 3325 πλοῖα
1661 3268 1751 3322 καὶ
1807 3266 1954 3324 ὅπλα

290 3363 516 3437 ἀδιθμῷ
549 3363 626 3434 μή
689 3356 1137 3433 ὑποϐαλλόμενα.
1176 3359 1275 3416 Καὶ
1307 3363 1478 3414 ταῦτα
1531 3357 1704 3413 πάντα
1737 3355 1827 3412 διὰ
1855 3364 1956 3425 τῆς

295 3453 561 3528 βοηθείας
599 3455 697 3507 τοῦ
728 3450 1109 3529 εύσπλά-(χνου
1166 3453 1300 3505 Θεοῦ
1345 3447 1435 3503 καὶ
1491 3451 1600 3501 τῶν
1651 3441 1952 3513 πρεσϐειῶν

292 3547 402 3610 τῆς
450 3540 717 3596 Θεοτόκου
770 3542 906 3595 κατὰ
960 3541 1052 3594 τὸν
1116 3539 1282 3593 τόπον
1339 3537 1407 3592 τὰ
1450 3538 1544 3609 μὲν
1597 3530 1954 3605 ἐϐυθίσθηταν

299 3627 412 3681 ὑπό
440 3625 679 3700 ἀνεμων,
728 3626 796 3682 τὰ
836 3624 891 3681 δὲ
922 3625 1346 3700 ἐνεπρήσθησαν,
1405 3624 1497 3678 καὶ
1568 3622 1760 3685 πάντες
1818 3621 1953 3694 μετᾶ

294 3718 410 3772 τῶν
464 3715 677 3770 πλοίων
732 3716 912 3771 αὐτῶν
970 3711 1141 3789 ἃρδην
1200 3710 1514 3785 ἀπώλοντο,
1583 3709 1955 3786 πολεμοῦντες

298 3804 406 3872 τήν
435 3803 597 3859 πόλιν
632 3803 722 3859 ἐπὶ
771 3797 865 3875 ἔτη
927 3801 1044 3858 δύο.
1107 3799 1280 3857 Πάλιν
1311 3798 1370 3856 δὶ
1404 3804 1502 3857 τοῦ
1550 3797 1809 3876 Μερδασᾶ
1860 3798 1955 3855 σὺν

298 3896 386 3964 τῷ
418 3897 629 3969 στρατῷ
659 3892 826 3948 αὐτοῦ
876 3893 981 3947 ἀπὸ
1032 3895 1140 3947 τῶν
1200 3890 1393 3946 πυλῶν
1443 3887 1548 3952 ἓως
1588 3888 1810 3952 Νικαίας
1867 3889 1956 3944 καὶ

298 3978 681 4055 Νικομηδείας
713 3981 1129 4057 ἀνατρέχοντος,
1180 3981 1232 4035 οἱ
1289 3979 1341 4034 ἐν
1399 3984 1478 4051 τῷ
1535 3974 1676 4033 Λίϐα
1730 3979 1821 4033 καὶ
1875 3980 1956 4050 τῷ

303 4071 529 4147 Σόφωνι
628 4067 784 4141 δίκην
842 4066 1174 4145 Μαρδαῖτῶν
1248 4069 1615 4143 κρυπτόμενοι
1684 4068 1959 4139 Ῥωμαῖοι

303 4159 562 4237 ἐξαίφνης
616 4158 847 4220 τούτους
901 4156 1313 4234 ἐπιρῥίπτοντες
1383 4155 1474 4211 καὶ
1557 4153 1730 4209 πολὺν
1797 4155 1959 4229 φόνον

302 4249 427 4304 καθ’
484 4247 714 4319 ἑκάστην
766 4251 1052 4308 ποιοῦντες
1110 4243 1432 4315 ἀπεδίωξαν.
1482 4241 1707 4307 Ἀλλως
1760 4262 1820 4297 τε
1868 4242 1960 4297 καὶ

303 4334 482 4408 λιμοῦ
522 4335 721 4398 αὐτοὺς
750 4330 1153 4397 καταλαϐόντος
1209 4330 1446 4413 σφοδροῦ
1503 4331 1681 4387 πάντα
1732 4331 1799 4386 τὰ
1828 4331 1964 4402 θνή-

306 4445 511 4480 σκοντα
602 4430 710 4496 ζῶα
791 4427 1109 4496 κατήσθιον.
1170 4423 1309 4479 Φασὶ
1365 4420 1423 4478 δὲ
1467 4422 1552 4477 ’ὁτι
1638 4418 1958 4496 ἀνθρώπους

2057 520 2389 590 prandendi
2421 528 2610 595 gratia
2645 531 2793 585 fonti
2827 533 2949 603 ipse
2998 551 3235 605 quoque
3282 538 3551 596 assidens
3588 520 3658 613 ju

2046 612 2311 663 mentum
2347 627 2524 668 onere
2575 615 2742 671 levat.
2801 620 2945 674 Huic
2993 621 3080 675 illi
3129 624 3301 694 genio
3352 612 3691 686 vaticinium

2049 704 2395 767 suggerente
2426 702 2755 772 praadicunt
2786 707 2908 761 fore
2940 716 3004 762 ut
3054 711 3451 771 Romanorum
3504 718 3693 790 impe-

2048 783 2136 838 rio
2172 786 2446 857 potiatur,
2472 793 2829 863 negantique
2853 812 3095 865 prorsus
3123 799 3296 856 fidem
3328 804 3411 857 rei
3443 805 3691 863 faciunt.

2048 873 2293 930 Interim
2316 878 2658 948 juramento
2687 898 2821 937 eum
2843 885 3087 958 adigunt
3132 889 3179 942 si
3230 890 3387 946 hunc
3421 902 3692 951 eventum

2049 978 2147 1017 res
2173 965 2301 1034 ejus
2323 966 2660 1038 habuerint,
2685 972 2972 1028 factorum
2996 976 3154 1046 quod
3172 978 3245 1033 ab
3269 995 3337 1034 eo
3362 982 3470 1053 ipsi
3502 992 3697 1054 postu-

2051 1053 2227 1111 laturi
2262 1065 2476 1114 essent.
2505 1061 2729 1116 Juravit
2757 1064 2841 1118 eis
2873 1064 2985 1120 hoc
3013 1067 3086 1121 ad
3115 1067 3319 1125 fanum
3341 1053 3702 1132 beatiiTheo-

2051 1143 2202 1211 dori,
2239 1142 2395 1217 quod
2423 1156 2545 1206 erat
2607 1152 2669 1206 in
2722 1154 3009 1224 proximo.
3073 1157 3355 1229 Digressis
3404 1163 3475 1217 iis
3525 1164 3634 1219 Leo
3665 1182 3701 1221 a

2052 1233 2313 1292 Sisinnio
2347 1237 2591 1307 patricio
2650 1240 2710 1295 in
2759 1244 3080 1300 exercitum
3127 1248 3455 1316 asciseitur,
3505 1269 3699 1324 neque

2053 1323 2239 1378 multo
2267 1332 2400 1396 post
2428 1344 2461 1382 a
2490 1329 2822 1385 Justiniano
2857 1332 3189 1390 Rinotmeto
3222 1339 3558 1407 spatharius
3606 1323 3699 1397 ffa-

2052 1418 2202 1475 ctus,
2234 1416 2456 1485 potitus
2484 1418 2748 1481 victoria,
2781 1437 2815 1477 a
2845 1423 3168 1479 Theodosio
3198 1424 3413 1482 deinde
3443 1430 3701 1487 Orientis

2054 1500 2173 1556 dux
2203 1510 2455 1573 creatus,
2489 1496 2807 1579 imperium
2836 1526 2952 1581 quo
2983 1512 3242 1570 diximus
3274 1519 3446 1574 modo
3491 1537 3702 1576 conse-

2054 1597 2226 1647 cutus
2256 1597 2363 1648 est.

2125 1753 2295 1806 Anno
2328 1754 2588 1810 secundo
2621 1756 2898 1829 Solyman
2953 1778 3087 1817 cum
3135 1766 3392 1821 exercitu
3443 1774 3501 1823 et
3548 1788 3703 1842 prte-

2054 1839 2224 1895 fectis
2256 1842 2328 1897 ab
2362 1843 2563 1912 Abydo
2622 1846 2682 1901 in
2745 1849 3055 1906 Thraciam
3115 1862 3205 1908 est
3248 1839 3566 1929 profectus:
3620 1862 3699 1916 Eo

2054 1936 2288 1984 mortuo
2319 1947 2552 1988 ameras
2603 1933 2672 1997 (is
2709 1953 2955 1993 summa:
3005 1940 3087 1995 rei
3138 1950 3371 2015 prmest)
3417 1948 3703 2003 successit

2056 2017 2325 2074 Umarus.
2385 2020 2528 2076 Cum
2589 2029 2800 2083 autem.
2852 2028 3371 2089 vehementissima
3432 2041 3586 2091 esset
3642 2037 3703 2091 in

2055 2106 2299 2163 Thracia
2324 2108 2536 2172 hiems,
2560 2111 2643 2168 ita
2676 2119 2739 2168 ut
2771 2131 2890 2186 pra:
2922 2118 3054 2172 nive
3086 2119 3144 2173 in
3196 2121 3446 2192 glaciem
3495 2124 3707 2182 durata

2054 2212 2162 2266 per
2200 2204 2439 2253 centum
2499 2200 2625 2256 dies
2686 2208 2841 2258 terra
2898 2206 3080 2261 videri
3137 2213 3435 2283 nequiret.
3496 2231 3707 2287 magna

2055 2284 2363 2340 hostilium
2387 2293 3067 2359 equorum,camelorum
3093 2297 3465 2370 aliorumque
3482 2284 3706 2359 anima-

2053 2371 2201 2427 lium
2227 2374 2546 2431 multitudo
2572 2379 2818 2435 interiit.
2849 2383 3036 2437 Verno
3057 2390 3323 2457 tempore
3347 2390 3704 2461 Suplliamus

2054 2479 2191 2518 cum
2220 2473 2427 2536 parata
2453 2467 2512 2521 in
2541 2469 2784 2541 A-Igypto
2817 2471 3009 2528 classo
3040 2475 3115 2529 ad
3164 2484 3397 2547 portum
3451 2481 3705 2552 appulit,

2055 2553 2156 2623 qui
2192 2554 2332 2608 Boni
2388 2556 2522 2627 A‘gri
2576 2557 2813 2614 dicitur.
2866 2563 3047 2618 Paulo
3102 2573 3235 2635 post
3281 2568 3510 2623 lzethus
3563 2587 3699 2626 cum

2054 2641 2172 2697 alia
2201 2643 2389 2699 classe
2422 2645 2482 2699 in
2513 2647 2709 2702 Africa
2739 2649 2987 2706 collecta
3044 2653 3338 2726 Satyrum,
3386 2659 3702 2729 Bryantem

2055 2737 2115 2786 et
2142 2730 2270 2787 loca
2300 2750 2430 2801 qum
2463 2743 2598 2790 sunt
2629 2753 2816 2808 usque
2848 2740 2924 2795 ad
2973 2743 3125 2797 (arti
3172 2751 3407 2815 portum
3455 2764 3702 2820 occupa-

2055 2821 2152 2875 vit.
2188 2823 2432 2894 Aigyptii
2476 2831 2673 2881 autem
2725 2829 2824 2898 qui
2880 2829 2942 2884 in
2986 2837 3237 2903 utraque
3286 2836 3473 2891 classe
3515 2845 3703 2907 erant,

2059 2910 2209 2966 790
2240 2913 2489 2967 seorsim
2521 2915 2666 2970 inito
2697 2917 2969 2985 consilio,
3004 2929 3186 2977 noctu
3227 2922 3300 2977 ad
3355 2925 3560 2980 urbem
3606 2942 3701 2982 ac-

2057 3007 2383 3067 cesserunt,
2420 3002 2839 3075 imperatorem
2878 3007 3087 3063 faustis
3133 3009 3493 3069 clamoribus
3543 3032 3708 3070 com-

2057 3089 2375 3160 pellanteo,
2408 3090 2555 3146 adeo
2588 3097 2651 3146 ut
2676 3109 2837 3149 mare
2860 3096 2931 3151 ab
2964 3097 3173 3154 Ilierea
3195 3116 3381 3172 usque
3402 3101 3477 3156 ad
3500 3104 3706 3158 urbem

2063 3181 2248 3231 totum
2273 3176 2535 3249 ligneum
2559 3179 3141 3254 videretur.Utraque
3155 3187 3362 3242 classis
3385 3189 3706 3245 exercitum

2061 3265 2311 3321 vehebat
2332 3267 2853 3337 innumerabilem,
2873 3288 3170 3345 navesque
3195 3281 3253 3330 et
3271 3293 3436 3332 arma
3457 3292 3710 3348 quorum

2064 3370 2297 3410 summa
2321 3354 2461 3409 iniri
2490 3373 2611 3411 non
2642 3365 2858 3429 posset.
2884 3365 3073 3433 Atque
3105 3363 3216 3419 hoc
3244 3367 3445 3421 omnia
3491 3368 3711 3423 auxilio

2063 3441 2465 3498 misericordis
2497 3445 2596 3500 Dei
2632 3453 2691 3501 et
2719 3448 3147 3508 intercessione
3186 3455 3452 3526 Dripara)
3503 3457 3713 3513 eodem

2061 3531 2191 3587 loco
2219 3531 2434 3603 partim
2466 3532 2737 3591 demersa
2759 3544 2897 3591 sunt
2926 3555 2960 3593 a
2980 3540 3167 3595 ventis
3191 3544 3406 3613 partim
3434 3544 3710 3601 incensa:

2064 3636 2389 3691 omnesque
2422 3639 2557 3677 cum
2589 3624 2713 3679 suis
2754 3626 3000 3681 navibus
3056 3630 3329 3699 protinus
3382 3635 3709 3703 perierunt,

2062 3726 2196 3766 cum
2219 3709 2526 3765 biennium
2560 3711 2764 3767 urbem
2796 3725 3254 3788 oppugnassent.
3306 3721 3531 3775 Rursus
3562 3723 3713 3776 Mer-

2063 3798 2284 3853 dasane
2316 3815 2449 3853 cum
2483 3798 2605 3853 suis
2636 3801 2822 3872 copiis
2854 3820 2888 3858 a
2919 3804 3077 3876 Pylis
3107 3806 3365 3863 Nicaeam
3414 3825 3603 3880 usque
3658 3817 3715 3866 et

2062 3884 2463 3941 Nicomediam
2498 3886 2940 3946 incursionibus
2968 3900 3295 3963 grassante,
3328 3897 3578 3952 Romani
3612 3899 3713 3969 qui

2062 3973 2125 4028 in
2157 3974 2297 4029 Liba
2325 3980 2383 4029 et
2412 3974 2687 4046 Sophene
2718 3978 3135 4037 Mardaitarum
3170 3991 3338 4040 erant
3376 3987 3437 4040 in
3488 4003 3712 4042 morem

2063 4061 2418 4129 absconditi,
2452 4063 2647 4118 subito
2681 4081 2780 4120 eos
2812 4066 3155 4125 invadentes
3187 4089 3518 4146 magnaque
3565 4092 3714 4146 quo-

2064 4150 2207 4207 tidie
2237 4151 2403 4206 clade
2434 4153 2762 4209 allicientes
2795 4156 3204 4230 profligarunt.
3237 4163 3529 4219 Arabibus
3560 4181 3715 4235 prae-

2066 4246 2155 4296 ter
2185 4241 2309 4296 haac
2361 4245 2525 4296 tanta
2563 4243 2741 4298 etiam
2763 4243 2949 4302 fames
2980 4248 3269 4320 incubuit,
3301 4257 3367 4307 ut
3397 4253 3598 4309 omnia
3628 4255 3711 4309 vi-

2064 4330 2265 4386 ventia
2313 4329 2596 4385 animalia
2645 4331 3002 4390 devorarint.
3053 4338 3199 4394 Sunt
3245 4340 3344 4411 qui
3398 4341 3712 4399 hominum

2067 4435 2304 4491 quoque
2352 4419 2635 4476 cadavera
2680 4438 2904 4494 suaque
2948 4426 3211 4498 ipsorum
3269 4437 3530 4487 stercora
3577 4450 3713 4490 cum

299 4516 598 4577 τεθνεῶτας
652 4514 745 4570 καὶ
774 4515 873 4584 τήν
925 4515 1131 4570 ἑαυτῶν
1186 4514 1392 4587 κόπρον
1450 4512 1542 4566 σὺν
1590 4509 1762 4587 ῥίζαις
1798 4512 1953 4586 βοτα-

2072 4507 2371 4564 radicibus
2418 4507 2736 4564 herbarum
2800 4513 2954 4568 tritis
3012 4517 3169 4573 elixa
3209 4536 3444 4576 vorasse
3489 4521 3711 4578 dicunt.

296 4608 412 4659 νῶν
443 4603 838 4678 τεθρυμμέναις
867 4599 1091 4678 ἕψοντες
1149 4600 1363 4672 ἤσθιον.
1432 4601 1726 4674 Ἐνὲσκηψε
1756 4597 1813 4654 δὲ
1868 4599 1962 4654 αὖ.

304 4698 429 4753 τοῖς
453 4693 541 4747 καὶ
590 4690 826 4767 λοιμικὴ
876 4692 1054 4758 νόσος,
1105 4692 1195 4745 καὶ
1260 4690 1612 4764 ἀναρίθμητοι
1666 4688 1855 4759 πλήθη
1909 4687 1960 4761 ἐξ

313 4781 491 4836 αὐτῶν
525 4778 719 4838 ὤλεσε.
763 4785 1017 4856 Συνῆψαν
1077 4778 1135 4836 δὲ
1188 4781 1325 4854 πρὸς
1354 4779 1548 4838 αὐτοὺς
1575 4777 1666 4833 καὶ
1698 4779 1755 4832 οἱ
1786 4775 1963 4835 Βούλ-

310 4889 475 4947 γαροι
506 4870 769 4946 πόλεμον,
826 4871 916 4927 καὶ
969 4871 1298 4949 κατέσφαξαν
1361 4865 1620 4944 χιλιάδας
1684 4863 1956 4923 εἰκοσιδύο

2070 4599 2258 4654 Pestis
2288 4614 2523 4670 quoque
2557 4615 2656 4655 eos
2687 4602 2975 4674 corripuit
3004 4612 3062 4662 et
3080 4609 3528 4668 multitudinem
3550 4614 3721 4669 innu-

2068 4705 2294 4745 meram
2327 4688 2606 4759 pernidit.
2645 4689 2727 4743 Ad
2761 4691 2885 4749 haec
2914 4695 3146 4770 Bulgari
3177 4698 3334 4754 bello
3364 4708 3544 4763 moto.
3577 4713 3716 4758 Ara-

2068 4777 2208 4833 bum
2241 4780 2310 4831 22
2339 4776 2531 4832 millia
2555 4777 2999 4838 interfecerunt.
3032 4785 3228 4843 Multae
3260 4807 3435 4860 porro
3467 4791 3596 4847 alia:
3627 4808 3721 4846 ca-

2069 4867 2368 4923 lamitates
2395 4866 2468 4923 iis
2499 4874 2840 4939 evenerunt,
2873 4879 2939 4927 ut
2985 4875 3127 4931 satis
3175 4877 3304 4950 ipsa
3350 4880 3719 4952 experientia

1488 4987 1851 5044 XYLANDRI
1904 4987 1992 5042 ET
2049 4984 2265 5042 COARI
2319 4984 2543 5041 NOTAE.

386 5106 504 5187 (έὸ)
534 5106 635 5163 Hic
667 5124 784 5164 non
812 5108 1198 5187 armigerum.
1241 5104 1347 5187 sed
1403 5104 1748 5187 dignitatem
1781 5101 1961 5187 aliam

314 5176 723 5257 ordinemque_
750 5179 1087 5257 militarem,
1119 5176 1448 5257 significari
1473 5175 1763 5257 apparet.
1816 5175 1961 5257 Nam

311 5254 373 5305 et
403 5251 1015 5328 protospathariorum
1046 5255 1238 5328 exstat
1266 5251 1491 5328 mentio
1524 5263 1686 5328 smpe
1727 5251 1959 5328 iterata,

310 5325 370 5377 et
403 5316 638 5393 Sergius
694 5323 793 5393 qui
827 5327 1035 5402 contra
1068 5321 1321 5402 Leonem
1359 5316 1731 5402 Isaurum‘uin
1764 5316 1961 5402 Sicilia

308 5389 665 5469 seditionem
702 5389 901 5469 movit,
958 5390 1471 5469 protospathurius
1526 5389 1744 5469 dicitur
1781 5389 1956 5469 infra.

306 5465 377 5543 Et
421 5463 481 5543 in
539 5464 825 5543 Michaelo
874 5463 1053 5543 Balbo
1109 5462 1226 5543 duo
1283 5462 1741 5543 prot_0_spatliarii
1799 5465 1957 5521 sunt,

303 5535 599 5592 Photinus
629 5553 699 5592 ac
731 5536 1067 5599 Uamianus,
1095 5533 1315 5604 aliique
1361 5533 1527 5588 alibi.
1577 5534 1822 5586 Ameras
1853 5547 1957 5586 seu

300 5607 630 5664 Amerades
662 5606 938 5663 videntur
961 5604 1099 5676 dici,
1117 5603 1264 5679 quos
1298 5603 1589 5661 Vuaschas
1616 5617 1778 5659 nunc
1791 5618 1959 5661 usur-

2070 5105 2235 5175 pant,
2266 5100 2556 5175 prafecti.
2581 5102 2720 5157 XYL.

2141 5172 2474 5238 (46J’Locus
2505 5172 2809 5228 obscurus.
2870 5178 2951 5231 Ex
3000 5180 3166 5234 Pauli
3215 5182 3455 5238 Diaconi
3516 5183 3559 5237 l.
3619 5201 3718 5243 xxx

2070 5244 2369 5338 cplligitur
2394 5243 2537 5338 quid
2571 5244 2682 5298 sibi
2714 5245 2871 5338 velit.
2910 5249 3146 5338 lsrenim
3180 5253 3387 5338 scribit
3424 5256 3719 5338 Egyptias

2068 5315 2290 5396 classes
2313 5331 2447 5396 cum
2481 5315 2777 5396 frumento
2802 5322 3186 5393 transfugisse
3214 5325 3442 5396 Cpolin.
3481 5315 3720 5384 Videtur

2068 5385 2295 5449 aliquid
2325 5385 2495 5440 desse
2548 5385 2685 5452 XvL,

2136 5456 2251 5544 (ἢ)
2284 5457 2741 5544 Αξιόροηιίςίοε
2772 5476 2949 5531 supra
2987 5464 3195 5544 urbem
3229 5466 3515 5527 faucibus.
3550 5470 3716 5544 Ἱερόν

2068 5527 2408 5603 Straboni}.
2442 5544 2519 5582 vn
2550 5534 2609 5584 et
2636 5528 2783 5603 ἱερὸν
2812 5527 2989 5602 eam
3019 5536 3215 5594 dictis.
3248 5557 3352 5598 sex
3370 5527 3715 5600 milliarium

2067 5600 2258 5673 spatio
2288 5598 2364 5655 ad
2393 5598 2583 5672 ipsam
2614 5598 2803 5676 usque
2835 5598 3063 5666 urbem.
3096 5610 3272 5671 Goaa.
