4108 6300
439 324 560 385 867

1792 308 2111 373 GEORGII
2152 310 2496 375 CEDBENI

3730 322 3854 384 868

439 463 655 517 testata
678 459 756 514 sit
774 456 939 514 urbis
960 454 1139 527 hujus
1160 459 1346 510 Deum
1369 455 1429 507 et
1447 448 1752 507 dominam
1776 448 2075 519 Deiparam

2202 441 2466 521 Ἀράϐων.
2502 447 2605 505 Καὶ
2637 446 2781 506 ἄλλα
2837 447 3022 506 πολλὰ
3079 448 3273 524 συνέϐη
3333 454 3521 517 αὐτοῖς
3555 452 3727 526 δεινὰ,
3787 460 3869 524 ὡς

442 548 714 606 custodes
746 564 893 615 esse,
960 560 1154 616 neque
1206 559 1242 598 a
1298 544 1417 598 Deo
1465 539 1681 606 deseri,
1743 536 1842 608 qui
1892 537 2089 608 ipsum

439 654 573 694 vere
603 638 897 703 invocant,
917 636 1026 692 etsi
1054 631 1492 706 aliquantulum
1520 629 1595 684 ob
1618 633 1858 700 peccata
1884 632 2090 682 nostra

440 729 816 802 castigamur.

503 1002 624 1056 Hoc
680 1015 838 1054 anno
897 996 1132 1068 Sergius
1188 992 1629 1067 spathariorum
1684 989 1963 1062 princeps
2014 1004 2084 1043 ac

432 1089 646 1147 Sicilia)
678 1086 1010 1161 prmfectus,
1057 1085 1199 1139 τοι
1248 1082 1450 1138 audito
1499 1080 1707 1135 urbem
1738 1095 1772 1134 a
1801 1079 2072 1132 Sarrace-

438 1180 533 1236 nis
564 1176 844 1245 obsideri,
869 1175 941 1230 de
969 1189 1208 1229 suorum
1233 1172 1516 1227 clientum
1541 1184 1789 1224 numero
1804 1166 2082 1223 Basilium

439 1267 756 1341 quemdam
789 1265 995 1332 civem,
1027 1260 1375 1333 Onomaguli
1416 1259 1625 1315 ﬁlium.
1680 1260 1906 1312 mutato
1954 1255 2082 1325 ejus

434 1359 501 1414 in
559 1356 855 1413 Tiberium
910 1353 1175 1419 nomine,
1234 1351 1657 1422 imperatorem
1730 1350 1937 1411 creat;
1979 1345 2078 1415 qui

432 1447 685 1505 consilia
722 1445 904 1516 Sergii
951 1448 1186 1499 secutus
1236 1440 1616 1513 magistratus
1664 1442 1723 1492 et
1770 1435 2080 1508 praefectos

430 1554 466 1594 δ.
494 1554 557 1593 se
587 1535 911 1592 constituit.
946 1534 1066 1589 Hoc
1094 1531 1195 1587 ubi
1229 1531 1556 1602 imperator
1592 1526 1883 1599 cognovit,
1930 1526 2079 1580 Pau-

430 1627 547 1683 lum
576 1624 967 1682 domesticum
1000 1638 1172 1676 suum
1205 1636 1340 1675 cum
1380 1619 1568 1690 copiis
1612 1615 1813 1672 mittit.
1841 1615 1896 1670 ls
1945 1631 2079 1670 cum

431 1715 693 1771 Siciliam
725 1712 1015 1785 attigisset
1034 1708 1373 1782 populoque
1396 1705 1772 1778 imperatoris
1802 1702 2082 1759 mandata

2199 532 2498 609 ἐπιγνῶναι
2539 540 2607 610 τῇ
2648 538 2807 614 πείρᾳ
2878 540 2971 594 τὸν
3047 541 3175 596 Θεὸν
3233 541 3325 596 καὶ
3389 545 3493 613 τήν
3567 543 3866 603 Δέσποιναν

2198 625 2461 680 Θεοτόκον
2493 626 2764 702 φρουροὺς
2789 628 2923 684 εἶναι
2954 629 3157 696 ταύτης
3198 637 3301 698 τῆς
3330 630 3571 696 πόλεως’
3625 635 3723 693 καὶ
3762 635 3862 693 οὐκ

2195 707 2337 767 ἔστιν
2366 713 2750 791 έγκατάλειψις
2787 716 2971 773 τελεία
3028 723 3163 774 Θεοῦ
3220 717 3274 774 ἐν
3332 726 3450 783 τοῖς
3505 720 3560 777 ἐν
3622 723 3861 798 ἀληῶίᾳ

2197 801 2649 877 ἐπικαλουμένοις
2680 806 2862 874 αὐτὸν,
2897 807 2942 862 εἰ
2971 809 3062 863 καὶ
3096 808 3232 884 πρὸς
3272 811 3454 885 βραχὺ
3485 809 3861 889 παιδευόμεθα

2197 891 2286 948 διὰ
2315 893 2411 958 τὰς
2438 895 2710 971 ἁμαρτίας
2742 898 2923 970 ἡμῶν.

2265 991 2460 1064 Τούτῳ
2505 992 2586 1064 τῷ
2634 988 2738 1048 ἔτει
2790 991 3012 1069 Σέργιος
3067 998 3558 1074 πρωτοσπαθάριος
3612 1002 3732 1072 (4-8)
3763 1003 3853 1056 καῖ

2195 1080 2500 1154 στρατηγὸς
2532 1079 2805 1151 Σικελίας,
2838 1083 3071 1144 ἀκούσας
3126 1083 3210 1139 ὄτι
3267 1086 3320 1140 οἱ
3371 1089 3680 1162 Σαρακηνοὶ
3746 1111 3854 1145 πα-

2192 1168 2576 1242 ρακαθέζονται
2634 1171 2733 1241 τήν
2792 1169 2979 1243 πόλιν,
3056 1170 3269 1247 ἔστεψεν
3319 1173 3434 1232 ’ίδιο
3495 1176 3732 1251 βασιλέα
3792 1179 3853 1235 ἐκ

2189 1262 2298 1312 τῶν
2332 1258 2631 1333 ἀνθρώπων
2659 1258 2822 1315 αὐτοῦ
2863 1261 3148 1318 Βασίλειον
3178 1262 3429 1337 πολίτην,
3473 1268 3561 1341 [Ρ.
3593 1269 3725 1342 452]
3756 1269 3849 1325 τὸν

2192 1347 2307 1401 υἱὸν
2341 1345 2750 1432 Ὀνομαγούλου
2782 1352 2914 1423 (49),
2951 1354 3327 1425 μετονομάσας
3377 1352 3535 1410 αὐτὸν
3568 1353 3851 1432 Τιϐέριον.

2193 1435 2449 1504 Ἐποίησε
2479 1435 2537 1491 δὲ
2567 1431 2849 1509 προϐολὰς
2877 1440 2967 1494 καὶ
3032 1439 3208 1505 ἲδίους
3260 1439 3531 1518 ἄρχοντας
3566 1449 3676 1516 (50)
3717 1431 3853 1520 μετὰ

2194 1525 2424 1599 βουλαῖς
2483 1526 2733 1603 Σεργίου.
2814 1530 2874 1586 Ὀ
2947 1526 3004 1585 δὲ
3061 1531 3321 1606 βασιλεὺς
3381 1538 3549 1590 ταῦτα
3612 1536 3854 1598 ἀκούσας

2192 1614 2520 1672 ἀποστέλλει
2553 1617 2766 1674 Παῦλον
2793 1621 2886 1675 τὸν
2918 1619 3117 1677 οἰκεῖον
3152 1621 3316 1679 αὐτοῦ
3378 1627 3513 1698 μετᾶ
3542 1623 3853 1702 δυνάμεως,

2191 1704 2251 1768 ’ὸς
2279 1700 2605 1761 καταλαϐὼν
2634 1710 2734 1778 τήν
2764 1706 3017 1764 Σικελίαν
3078 1710 3167 1766 καί
3198 1713 3291 1774 τὰς
3354 1713 3642 1788 βασιλικὰς
3673 1700 3853 1792 προσ-

433 1820 503 1859 ex
537 1803 752 1875 scripto
787 1800 1114 1863 recitasset,
1166 1798 1276 1852 hoc
1318 1800 1669 1852 consecutus
1718 1798 1808 1849 est
1853 1798 1920 1846 ut
1962 1797 2075 1847 sta-

2195 1794 2363 1865 ταξεις
2424 1796 2758 1874 ὑπαναγνοὺς
2808 1802 2886 1869 τῷ
2945 1798 3084 1871 λαῷ,
3143 1800 3299 1864 εὐθὺς
3349 1803 3444 1858 τὸν
3487 1805 3584 1876 μὲν
3640 1805 3853 1862 Λέοντα

431 1892 539 1946 tim
572 1889 888 1961 imperium
923 1886 1100 1942 Leoni
1132 1885 1341 1942 faustis
1380 1881 1908 1940 acclamationibus
1939 1897 2079 1936 con-

433 1981 793 2035 ﬁrmaretur.
827 1975 1074 2032 Basilius
1118 1986 1311 2031 autem
1346 1972 1742 2045 Onomagulus
1790 1988 1924 2027 cum
1958 1968 2081 2024 suis

428 2069 604 2124 vincti
638 2068 749 2140 ipsi
784 2066 1183 2132 dederentur;
1243 2080 1494 2135 quorum
1540 2062 1640 2118 ille
1685 2059 1936 2117 abscidit
1984 2077 2081 2115 ca-

423 2158 567 2228 pita,
600 2173 787 2228 eaque
820 2153 1163 2226 imperatori
1224 2152 1405 2208 misit.
1457 2151 1713 2223 Sergius,
1763 2149 2079 2205 securitate

422 2247 740 2316 promissa,
772 2244 847 2299 ad
886 2243 1135 2299 Paulum
1168 2240 1482 2297 concessit.
1516 2242 1602 2295 Ita
1631 2239 1919 2295 Occidens
1971 2253 2081 2309 pa-

425 2340 610 2389 catus.
645 2334 721 2387 At
769 2348 947 2386 naves
1004 2330 1287 2398 Arabum,
1348 2346 1479 2400 quae
1539 2344 1673 2384 cum
1735 2327 1948 2382 Umaro
2005 2325 2080 2381 ad

427 2419 799 2475 obsidionem
831 2418 995 2473 urbis
1055 2421 1487 2482 remanserant,
1549 2415 1613 2469 15
1682 2413 1927 2486 Augusti
1984 2412 2078 2467 die

424 2525 639 2581 magno
669 2525 805 2565 cum
855 2508 1147 2563 dedecore
1186 2506 1430 2561 domum
1472 2503 1779 2559 discedere
1828 2508 2077 2569 conatze,

420 2597 688 2654 immisso
713 2596 995 2651 divinitus
1024 2595 1259 2649 turbine
1286 2593 1497 2665 partim
1531 2592 1605 2648 ad
1640 2595 2078 2647 Proconnesum

419 2686 635 2756 partim
663 2685 738 2741 ad
767 2684 1169 2756 Apostrophos
1203 2689 1261 2737 et
1281 2682 1511 2753 reliqua
1532 2681 1734 2736 littora
1754 2679 2077 2735 submersa)

415 2779 575 2828 sunt.
611 2773 969 2846 Superstites
999 2789 1134 2828 cum
1166 2772 1228 2826 in
1281 2787 1441 2825 mare
1496 2771 1736 2843 [Egeum
1789 2768 2081 2840 pervenis-

418 2868 569 2921 sent.
602 2863 775 2933 ignea
805 2862 1026 2935 grando
1061 2860 1329 2916 immissa
1377 2859 1629 2915 ebullire
1687 2874 1850 2914 mare
1900 2858 2075 2924 fecit;

426 2967 495 3006 ac
526 2952 655 3023 pice
686 2951 914 3023 liquata
934 2951 1077 3006 solis
1135 2951 1400 3022 quinque
1447 2948 1693 3004 navibus
1741 2948 1802 3003 in
1852 2947 2079 3019 Syriam

427 3040 693 3114 perlatis.
727 3041 971 3111 reliqum
1004 3056 1212 3095 omnes
1242 3055 1378 3094 cum
1407 3038 1734 3094 vectoribus
1752 3038 2077 3109 perierunt,

430 3131 753 3202 potentiam
798 3130 899 3184 Dei
932 3128 1117 3184 nostri
1150 3133 1396 3184 testatas.

501 3223 672 3275 Anno
705 3218 915 3274 Leonis
946 3219 1138 3290 primo
1174 3235 1418 3289 magnus
1449 3218 1509 3272 in
1538 3217 1705 3289 Syria
1750 3216 1863 3272 fuit
1905 3220 2076 3272 terrm

2190 1883 2416 1959 βασιλέα
2447 1885 2795 1964 εὐφήμησαν,
2827 1886 3114 1945 Βασίλειον
3172 1887 3230 1945 δὲ
3283 1892 3375 1946 τὸν
3424 1893 3844 1969 Ὀνομέγουλον

2184 1973 2274 2027 καὶ
2312 1972 2439 2038 τοὺς
2470 1974 2561 2029 σὺν
2617 1974 2762 2048 αὐτῷ
2802 1975 3056 2052 δεσμίους
3112 1984 3194 2051 τῷ
3258 1981 3464 2055 Παύλῳ
3519 1980 3845 2058 παραδεδώ-

2184 2083 2361 2129 κασιν,
2430 2063 2524 2126 οὕς
2581 2069 2967 2139 καρατομήσας
3023 2068 3118 2129 τὰς
3197 2069 3436 2147 κεφαλὰς
3494 2071 3672 2127 αὐτῶν
3767 2078 3847 2147 τῷ

2189 2150 2404 2227 βασιλεῖ
2432 2150 2822 2222 ἐξαπέστειλεν.
2861 2158 2925 2214 Ὀ
2958 2152 3015 2212 δὲ
3071 2156 3296 2234 Σέργιος
3326 2158 3525 2235 λόγους
3575 2162 3847 2227 ἀπαθείας

2187 2236 2370 2296 Λαϐὼν
2393 2240 2587 2311 ἐξῆλθε
2617 2244 2752 2320 πρὸς
2779 2246 2872 2299 τὸν
2934 2245 3172 2315 Παῦλον,
3231 2249 3320 2303 καὶ
3371 2249 3545 2314 οὕτως
3596 2251 3850 2327 εἰρηνευ-

2186 2350 2277 2385 σαν
2318 2331 2385 2385 τὰ
2440 2331 2714 2407 Ἑσπέρια.
2782 2334 2862 2391 Τὰ
2921 2331 2978 2390 δὲ
3034 2334 3459 2411 ἐναπομείναντα
3506 2338 3678 2396 πλοῖα
3741 2347 3845 2397 τῶν

2186 2413 2433 2492 Ἀράϐων
2463 2420 2552 2474 καὶ
2595 2421 2859 2495 Οὐμέρου
2890 2426 2957 2497 τῇ
3021 2425 3079 2479 ie‘
3129 2430 3226 2480 τοῦ
3294 2425 3611 2501 Αὐγούστου
3667 2432 3845 2502 μηνὸς

2193 2512 2309 2579 μετ’
2340 2507 2609 2583 αἶ’σχύνης
2628 2508 2848 2579 πολλῆς
2878 2511 3192 2588 ἀνακάμψαι
3237 2514 3597 2589 βουληθέντα,
3633 2515 3843 2593 λαιλαψ

2185 2594 2243 2650 ἐκ
2268 2601 2401 2652 Θεοῦ
2432 2597 2702 2673 ἐνσκήψας
2732 2600 2799 2654 τὰ
2832 2602 2926 2672 μὲν
2960 2600 3010 2656 έν
3046 2606 3539 2678 ΙΙροικοννήσῳ,τὰ
3570 2603 3628 2661 δὲ
3655 2605 3707 2661 ἐν
3726 2614 3839 2669 τοῖς

2182 2689 2581 2767 Ἀποστρόφοις
2615 2693 2726 2766 (51)
2779 2692 2868 2747 καὶ
2925 2699 3043 2756 ταῖς
3075 2692 3302 2758 λοιπαῖς
3360 2696 3550 2760 ἀκταῖς
3581 2699 3838 2754 κατεπόν-

2182 2798 2297 2832 τισε
2351 2783 2481 2840 Τοῖς
2521 2774 2579 2834 δὲ
2635 2778 3059 2858 περιλειφθεῖσιν
3116 2782 3168 2837 ἐν
3228 2788 3308 2856 τῷ
3346 2784 3555 2860 Αἰγαίῳ
3612 2785 3829 2861 πελάγει

2184 2863 2402 2941 χάλαζα
2433 2866 2631 2942 πυρίνη
2696 2866 3004 2942 ἐνσκήψασα
3061 2866 3357 2948 ἀναϐράσαι
3416 2875 3515 2943 τήν
3566 2874 3821 2930 θάλασσαν

2184 2956 2472 3026 πεποίηκε.
2509 2956 2606 3011 Καὶ
2629 2960 2730 3021 τῆς
2786 2958 2984 3028 πίσσης
3041 2957 3299 3033 λυθείσης
3360 2961 3627 3038 αὔτανδρα
3674 2965 3819 3019 ἀπώ-

2186 3044 2366 3116 λοντο,
2402 3045 2585 3117 μόνων
2614 3042 2771 3102 πέντε
2801 3047 2878 3109 είς
2907 3048 3102 3123 Συρίαν
3165 3047 3562 3125 διασωθέντων,
3614 3055 3709 3124 τὴν
3733 3057 3827 3109 τοῖν

2191 3139 2324 3189 Θεοῦ
2355 3136 2515 3207 ἡμῶν
2558 3131 2864 3191 δυναστείαν
2899 3136 3331 3214 ἀπαγγέλλοντα.

2260 3222 2464 3278 Τούτου
2494 3228 2574 3296 τῷ
2622 3225 2668 3279 α’
2693 3220 2798 3280 ἔτει
2855 3229 3076 3299 σεισμὸς
3133 3230 3298 3303 μέγας
3354 3229 3563 3306 ἐγένετο
3621 3233 3673 3288 έν
3732 3240 3836 3288 Συ-

429 3313 644 3364 motus.
675 3309 922 3362 Umarus
978 3312 1177 3361 autem
1228 3306 1596 3362 Christianos
1637 3306 2075 3360 Mahometicam

2195 3312 2298 3386 ρίᾳ.
2332 3312 2632 3390 Ἢνάγκασε
2663 3312 2722 3371 δὲ
2745 3317 2998 3392 Οῧμαρος
3057 3319 3186 3382 τοὺς
3248 3323 3611 3397 Χριστιανοὺς
3671 3347 3841 3401 μαγα-

428 3397 793 3468 impietatem
816 3393 1094 3466 amplecti
1111 3395 1313 3466 jussit,
1346 3401 1406 3450 et
1421 3399 1699 3465 parentes
1712 3393 1949 3449 decreto
1972 3393 2075 3448 im-

2195 3403 2374 3476 ρίζειν,
2407 3403 2498 3458 καὶ
2527 3402 2654 3466 τοὺς
2705 3405 2801 3476 μὲν
2832 3406 3191 3479 πειθομένους
3218 3393 3366 3482 αὐτῷ
3398 3409 3609 3474 ἀτελεῖς
3641 3393 3843 3482 ἐποίει,

425 3485 716 3541 munitate
748 3484 1105 3539 tributorum
1149 3482 1407 3551 donavit,
1460 3483 1559 3553 qui
1591 3498 1711 3537 non
1751 3481 2081 3549 obedirent,

428 3590 528 3630 eos
559 3573 894 3641 trucidavit,
929 3571 1375 3643 multosqueita
1404 3578 1694 3643 martyres
1744 3571 1899 3626 fecit.
1934 3572 2082 3643 Lege

427 3679 663 3735 quoque
724 3661 845 3717 lata
901 3661 1270 3716 Christianos
1335 3660 1661 3716 testimonii
1722 3662 1872 3717 792
1944 3676 2080 3715 con-

428 3758 518 3808 tra
603 3754 955 3808 Sarracenos
1050 3751 1306 3807 dictione
1402 3750 1724 3822 prohibuit.
1821 3751 2078 3806 Leonem

425 3858 663 3913 quoque
722 3842 1143 3912 imperatorem
1202 3857 1310 3912 per
1362 3839 1592 3895 litteras
1649 3839 1723 3895 ad
1782 3840 2075 3895 Mahome-

424 3932 603 3987 ticam
636 3929 1118 4002 superstitionem
1150 3929 1462 3985 colendam
1492 3931 1759 3985 hortatus
1789 3934 1898 3985 est.

492 4019 686 4074 Tertio
734 4034 890 4074 anno
950 4017 1130 4073 Leoni
1182 4017 1550 4090 impissimus
1613 4018 1772 4073 illius
1829 4034 1896 4073 ac
1956 4022 2078 4072 An-

423 4107 680 4164 tichristi
734 4123 1070 4178 prmcursor
1120 4111 1296 4162 natus
1353 4111 1443 4161 est
1498 4106 1921 4162 Constantinus
1967 4110 2072 4163 Ca-

421 4206 703 4262 ballinus.
736 4206 837 4261 Die
870 4205 1138 4262 Octobris
1167 4205 1449 4260 vicesima
1496 4210 1663 4259 sexta
1704 4206 1882 4262 Maria
1926 4223 2076 4261 uxor

424 4293 638 4349 Leonis
686 4294 747 4348 in
806 4293 1067 4348 triclinio
1126 4294 1431 4365 Augustali
1488 4300 1767 4349 coronata
1816 4301 1926 4359 est,
1980 4311 2075 4350 vo-

424 4382 617 4454 tisque
640 4382 796 4454 apud
829 4381 1183 4437 vestibulum
1216 4399 1395 4437 sacrm
1455 4399 1570 4437 aras
1608 4383 1778 4438 factis
1825 4384 1899 4439 ad
1949 4399 2071 4439 ma-

2185 3489 2315 3552 τοῦς
2374 3488 2432 3546 δὲ
2492 3493 2570 3565 μὴ
2619 3493 2982 3567 πειθομένους
3039 3495 3248 3572 ἆνῂρεισ
3306 3498 3425 3563 ὅθεν
3475 3501 3567 3556 καὶ
3596 3501 3845 3564 πολλοὺς

2191 3583 2465 3656 μάρτυρας
2511 3581 2897 3660 ἀπειργάσατο.
2955 3586 3237 3643 Ἔθέσπισε
3293 3585 3352 3644 δὲ
3405 3590 3496 3645 καὶ
3526 3592 3850 3667 Χριστιανὸν

2185 3671 2323 3726 κατὰ
2380 3676 2710 3744 Σαρακηνῶν
2800 3675 2877 3747 μή
2962 3682 3275 3752 μαρτυρεῖν.
3334 3678 3579 3756 Ἔγραψε
3638 3679 3696 3736 δὲ
3754 3704 3826 3738 κα

2184 3760 2323 3860 πρὸς
2380 3760 2476 3815 τὸν
2527 3758 2759 3835 βασιλέα
2816 3761 3020 3820 Λέοντα
3074 3768 3173 3820 τοῦ
3235 3769 3533 3845 μαγαρίσαι
3590 3772 3700 3845 (52)
3763 3793 3847 3832 κα.

2183 3868 2370 3905 αυτον.

2252 4030 2347 4101 Τῷ
2375 4029 2422 4104 γ’
2465 4021 2572 4084 ἔτει
2630 4027 2828 4105 ἐτέχθη
2885 4036 2963 4101 τῷ
3015 4032 3234 4108 βασιλεῖ
3286 4037 3478 4091 Λέοντι
3526 4038 3643 4101 υἱὸς
3703 4037 3835 4096 δυσο

2182 4111 2499 4180 σεϐέστατος
2557 4117 2649 4173 καὶ
2705 4123 2804 4174 τοῦ
2856 4121 3238 4196 Ἀντιγρίστου
3287 4122 3628 4199 πρόδρομος,
3677 4130 3841 4185 Κων-

2180 4212 2455 4270 σταντῖνος
2484 4207 2513 4262 ὁ
2544 4202 2895 4272 Καϐαλλῖνος
2946 4215 3079 4282 (53).
3111 4218 3191 4287 Τῇ
3245 4210 3303 4268 δὲ
3354 4216 3427 4270 κε’
3471 4221 3570 4271 τοῦ
3626 4218 3839 4275 ’Uxtw-

2179 4289 2338 4369 ϐρίου
2367 4297 2536 4369 μηνὸς
2576 4294 2805 4377 ἐστέφοη
2861 4300 3045 4373 Μαρία
3102 4302 3136 4369 ἡ
3197 4304 3333 4377 γυνή
3384 4305 3615 4368 Λέοντος
3646 4304 3697 4361 ἐν
3758 4313 3837 4379 τῷ

2175 4382 2440 4458 τρικλίνῳ
2482 4383 2580 4441 τοῦ
2622 4386 2974 4464 Αὐγουστέως
3030 4390 3167 4462 (54),
3222 4391 3313 4446 καὶ
3371 4393 3636 4468 εὐξαμένη
3691 4399 3833 4472 πρὸς

421 4487 601 4543 gnum
631 4472 1047 4543 baptisterium
1103 4472 1356 4526 transiit.
1407 4470 1493 4525 Ibi
1548 4489 1683 4527 cum
1715 4489 1749 4527 a
1779 4473 2071 4529 Germano

2195 4480 2275 4543 τῆς
2334 4472 2548 4529 εἰσόδου
2602 4479 2699 4531 τοῦ
2757 4477 2912 4550 ἁγίου
2962 4479 3348 4554 θυσιαστηρίου
3435 4483 3700 4556 μετῆλθεν
3742 4470 3832 4548 εἷς

421 4561 760 4630 patriarcha
790 4561 1211 4617 Constantinus
1237 4561 1469 4633 paterni
1502 4561 1668 4635 regni
1709 4577 1777 4617 ac
1824 4562 2069 4618 malitiaa

2195 4562 2268 4616 τὸν
2305 4560 2467 4637 μέγαν
2516 4549 2862 4640 βαπτιστῆρα
2909 4568 3027 4638 (55)
3083 4567 3175 4622 καὶ
3211 4549 3599 4643 Ἱβαπτίσαντος
3654 4571 3831 4631 ἐκεῖσε

1623 4660 1988 4718 XYLANDRI
2018 4664 2104 4718 ET
2141 4663 2357 4719 GOABI
2395 4663 2616 4719 NOTAE.

495 4756 609 4829 (48)
639 4755 897 4812 Codinus
927 4760 1003 4812 De
1048 4759 1146 4828 0/7”.
1195 4756 1367 4829 curia?
1417 4757 1597 4814 Const.
1639 4773 1691 4812 c.
1733 4760 1802 4812 ὗε
1856 4759 1930 4813 Τὸ
1966 4779 2069 4812 πα-

423 4822 847 4901 λαίὸν’πρῶτος
903 4822 1383 4901 τῶνίιῖπαθαρίων
1441 4830 1796 4900 παραμονῶν.
1856 4832 2071 4887 Ensem

418 4899 762 4973 imperatori
794 4900 1159 4973 accingebat.
1201 4899 1374 4956 Gesn.

421 5044 461 5099 G
491 4970 605 5041 (49)
635 4972 789 5028 Asini
809 4970 1005 5043 genain
1025 4973 1291 5028 habentis.
1321 4973 1410 5027 Ita
1436 4970 1692 5044 vulgaris
1722 4971 1838 5027 fert
1865 4972 2066 5030 dictio.

468 5061 598 5099 om.

468 5061 598 5100 OAR.

490 5115 600 5189 (ὅθ)
633 5114 821 5189 Supra
851 5114 959 5189 sub
982 5115 1162 5171 ﬁnem
1203 5113 1554 5189 Justiniani,
1592 5130 1698 5186 pro
1748 5131 1887 5189 voce
1936 5134 2070 5189 προ-

425 5179 594 5260 6ολάέ
627 5179 974 5260 suspicabar
1002 5182 1304 5260 προπωλας
1346 5179 1684 5260 legendum.
1737 5187 1849 5243 Sed
1899 5187 1947 5242 si
1982 5179 2068 5260 Lex

418 5257 532 5332 hoc
590 5253 1189 5332 loco-conjecturam,
1268 5253 1503 5332 sumére
1553 5259 1821 5332 velimus,
1867 5253 2068 5332 προϐο-

419 5323 519 5403 λάς
550 5346 584 5385 a
613 5323 1009 5403 Qedreno'pro
1042 5330 1481 5403 magistratibus
1530 5323 1818 5403 scriptum
1858 5323 2064 5397 fuisse,

416 5398 582 5473 locus
613 5399 712 5456 ille
744 5398 1015 5459 fortassis
1047 5404 1129 5457 ita
1148 5402 1328 5458 fuerit
1358 5398 1760 5473 accipiendus,
1791 5408 1858 5457 ut
1886 5403 2065 5459 intel-

413 5468 672 5556 ligantur
698 5488 805 5544 per
832 5474 1320 5556 tumultumunon
1376 5468 1673 5556 mancipia
1720 5468 1916 5542 modo,
1961 5475 2063 5530 sed

415 5547 475 5665 Ξῖ
502 5557 817 5611 prorerum
860 5561 953 5600 res
1010 5544 1329 5601 familiares
1391 5544 1781 5613 direptionem
1838 5563 2051 5617 passm.

464 5628 548 5665 γι..
917 5662 924 5665 _

464 5628 548 5668 γε.
916 5662 924 5669 ,

486 5682 597 5758 (Et)
623 5688 1215 5760 PrOpriumalicqjus
1254 5688 1643 5761 promontorii
1690 5695 1793 5748 aut
1845 5688 2060 5746 ιίιωι-ιιη

2180 4766 2321 4834 puto
2352 4777 2503 4826 esse,
2553 4761 2626 4817 ab
2672 4762 2988 4819 avertendo
3037 4765 3127 4820 vel
3175 4765 3536 4825 reﬂectendo
3576 4770 3828 4830 dictum-

2182 4834 2578 4913 XYL._—_NQD
2608 4840 2842 4913 montem
2873 4841 2970 4913 aut
2991 4840 3456 4913 promontorium,
3499 4842 3603 4897 sed
3619 4847 3831 4913 ﬂexuo-

2177 4919 2263 4958 sos
2290 4909 2342 4958 et
2362 4910 2593 4958 retortos
2614 4906 2766 4959 sinus
2794 4906 2920 4961 haac
2945 4906 3228 4963 indicant.
3262 4910 3437 4966 ϐολῇ.

2250 4974 2467 5056 (52).E_x
2491 4975 2963 5056 _l)aulo__Diacono
2995 4984 3053 5032 et
3081 4980 3324 5050 quidem
3367 4999 3430 5037 re
3462 4984 3592 5056 ipsa
3616 5002 3821 5043 vocem

2176 5046 2329 5102 hanc
2348 5046 2645 5102 intellexi.
2670 5047 2807 5104 XYL.

2178 5188 2190 5199 .
2246 5119 2358 5199 (_53)
2383 5119 2566 5199 Quem
2597 5119 2694 5174 alii
2726 5120 3164 5199 Copronymum
3195 5128 3407 5180 vocant
3460 5143 3494 5182 a
3550 5128 3822 5186 sordibus

2175 5189 2237 5243 in
2259 5189 2672 5260 baptisterium
2696 5189 2979 5247 excretisf
3001 5195 3137 5249 XYL.

2244 5262 2358 5333 (54)
2389 5260 2735 5333 Triclinium
2768 5263 3005 5326 hoc.ubi
3031 5266 3291 5321 Mauricii
3323 5273 3383 5323 et
3417 5267 3822 5327 Constantina;

2173 5332 2411 5409 nuptias
2441 5332 2623 5409 refert
2642 5333 2990 5409 celebratas,
3022 5335 3287 5409 depingit
3337 5339 3657 5397 Simocatta
3680 5360 3734 5408 x,
3771 5348 3819 5398 1.

2172 5400 2579 5481 ᾼύγουσταλιον
2619 5411 2788 5481 vocat
2847 5400 3269 5481 Eucholo'giuin
3328 5410 3390 5464 in
3440 5400 3821 5469 coronatione

2173 5476 2586 5545 imperatricis.
2617 5477 2792 5531 Gosa.

2240 5548 2351 5611 (ῧῆ)
2383 5550 2669 5616 Hesperi.“
2696 5548 2941 5601 minoris
2987 5551 3065 5604 De
3090 5556 3338 5621 utroqu
3371 5555 3816 5627 Euchnlogium.

2172 5619 2343 5675 GOAH.
