4108 6300
301 333 437 396 869

1425 325 1978 390 HISTORIARUM
2022 328 2575 394 OOMPENDIUM.

3608 342 3728 402 870

310 471 602 544 Γερμανοῦ
629 471 726 523 τοῦ
763 467 1111 543 πατριάρχου
1163 464 1259 520 τὸν
1304 469 1406 532 τῆς
1455 463 1645 524 κακίας
1677 461 1846 517 αὐτοῦ
1877 459 1968 516 καὶ

2094 466 2272 519 heres
2300 464 2718 538 baptizaretur,
2763 469 2893 542 ipsa
2921 471 2983 527 in
3016 488 3122 528 sua
3150 473 3401 530 infantia
3432 474 3630 530 dirum
3660 492 3729 531 ac

320 555 609 636 βασιλείας
640 554 900 630 διάδοχον
937 558 1359 621 Κωνσταντῖνον,
1403 550 1576 607 δεινὸν
1615 551 1702 606 καὶ
1737 546 1974 611 δυσῶδες

316 646 384 703 ἒκ
411 641 744 717 νηπιότητος
801 645 971 701 αὐτοῦ
1027 641 1448 720 προεσημάνατο
1503 641 1824 713 τεκμήριον·
1878 637 1970 694 καὶ

315 737 425 812 γὰρ
457 732 764 813 ἀφώδευσεν
827 733 879 789 ἐν
937 737 1006 807 τῇ
1063 731 1195 810 ἁγίᾳ
1240 725 1628 803 κολυμϐήθρᾳ,
1682 729 1756 791 ὡς
1804 727 1971 784 εἰπεῖν

313 827 411 881 τὸν
473 824 822 899 πατριάρχην
909 825 1268 899 προφητικῶς
1350 820 1436 875 ὅτι
1497 817 1750 896 μὲγιστον
1809 817 1972 871 κακὸν

319 918 670 988 Χριστιανοῖς
721 913 812 966 καὶ
868 915 938 985 τῇ
993 909 1294 981 Ἐκκλησία
1349 905 1419 964 δι’
1471 906 1635 962 αὐτοῦ
1672 907 1972 980 γενήσεται.

317 1005 522 1060 Τοῦτον
573 999 877 1071 ἀνεδέξαντο
927 1003 1042 1074 (56)
1104 1000 1156 1054 οἱ
1214 993 1550 1073 προῦχοντες
1586 998 1693 1050 τῶν
1725 993 1971 1067 θεμάτων

319 1091 417 1147 καὶ
471 1093 570 1159 τῆς
628 1088 962 1164 συγκλήτου.
1021 1091 1113 1160 Τῷ
1171 1084 1218 1142 δ’
1278 1087 1426 1158 αὐτῷ
1482 1083 1586 1140 ἔτει
1647 1085 1886 1152 Νικήτας
1945 1083 1973 1138 ὁ

320 1178 629 1248 Ξυλινίτης
684 1177 878 1254 γράφει
946 1177 1081 1249 πρὸς
1142 1173 1429 1252 ’Δρτέμιον
1491 1172 1544 1228 ἐν
1611 1168 1969 1246 Θεσσαλονίκῃ

317 1271 576 1334 ἀπελθεῖν
606 1270 740 1344 πρὸς
789 1263 1052 1343 Τέρϐελιν
1107 1271 1206 1323 τοῦ
1260 1259 1620 1321 ἀναλαϐέσθαι
1651 1261 1971 1340 συμμαχίαν

318 1360 705 1436 Βουλγαρικὴν
733 1358 821 1414 καὶ
855 1358 1030 1422 ἐλθεῖν
1089 1357 1227 1412 κατὰ
1285 1353 1536 1416 Λέοντος.
1570 1355 1680 1410 Τοῦ
1712 1349 1768 1407 δὲ
1797 1349 1970 1406 ἀπελ-

318 1449 536 1520 θόντος,
569 1446 796 1503 δίδωσιν
826 1446 976 1519 αὗτῷ
1007 1446 1234 1522 στρατὸν
1285 1445 1314 1500 6
1363 1437 1625 1518 Τέρϐελις
1655 1440 1744 1497 καὶ
1775 1441 1971 1511 πεντή-

317 1561 487 1598 κοντα
567 1539 889 1614 κεντηνάρια
971 1540 1231 1615 χρυσίου.
1311 1537 1572 1611 Ἔρχεται
1642 1537 1772 1608 γοῦν
1836 1532 1974 1608 πρὸς

316 1626 899 1687 Κωνσταντινοόπολιν
955 1629 984 1684 6
1042 1626 1353 1700 Ἀρτέμιος.
1415 1625 1511 1693 Μὴ
1571 1621 1864 1695 δεξαμὲνης
1914 1619 1972 1676 δὲ

317 1718 482 1775 αὐτὸν
513 1725 613 1786 τῆς
660 1714 901 1783 πὸλεως,
943 1717 995 1771 οἱ
1053 1714 1360 1790 Βοῦλγαροι
1415 1717 1607 1768 τοῦτον
1663 1716 1741 1784 τῷ
1781 1712 1971 1766 Λέοντι

317 1805 740 1884 παραδεδώκασι
813 1807 904 1862 καὶ
987 1803 1482 1885 φιλοφρονηθέντες
1581 1801 1706 1874 παρ’
1807 1799 1971 1855 αὐτοῦ

2080 550 2300 606 fcedum
2321 553 2534 610 futura;
2557 561 2685 611 vitae
2709 557 2997 614 indicium
3017 560 3384 630 edidit,oleto
3407 562 3468 620 in
3494 580 3727 618 sacrum

2081 639 2380 696 lavacrum
2412 644 2649 700 emisso.
2709 647 2912 718 Itaque
2971 650 3321 706 vaticinatus
3371 659 3462 706 est
3490 653 3735 722 patriar-

2083 729 2194 784 cha
2224 746 2440 802 magna
2469 733 2819 790 Christianis
2865 742 2924 793 et
2971 739 3247 794 Ecclesiaa
3279 740 3437 796 mala
3467 759 3600 797 eum
3637 742 3736 798 da-

2084 824 2302 875 turum.
2358 821 2758 894 Susceperunt
2815 842 2952 881 eum
3038 829 3315 885 ordinum
3375 837 3433 885 et
3490 839 3732 888 senatus

2083 908 2403 981 principes.
2437 911 2657 967 Eodem
2685 928 2842 968 anno
2865 915 3065 971 Niceta
3085 919 3376 989 Xylinites
3404 922 3731 977 Artemium

2082 998 2512 1054 Thessalonicae
2562 999 2872 1073 degentem
2921 1021 3028 1076 per
3074 1005 3303 1062 litteras
3352 1009 3620 1066 hortatur
3668 1016 3735 1066 ut

2083 1085 2156 1141 ad
2186 1087 2458 1143 Terbelin
2500 1107 2562 1146 se
2600 1091 2885 1160 conferat,
2926 1095 3265 1166 auxilioque
3306 1099 3610 1171 Bulgarico
3638 1103 3734 1156 in-

2083 1181 2341 1232 structus
2391 1184 2596 1235 contra
2644 1182 2899 1237 Leonem
2950 1184 3172 1242 tendat.
3219 1187 3485 1243 Venienti
3518 1191 3738 1246 Terbe-

2081 1264 2152 1320 lis
2186 1269 2509 1324 exercitum
2543 1276 2598 1325 et
2624 1271 3054 1345 quinquaginta
3079 1275 3206 1330 auri
3229 1279 3606 1333 centenarios
3638 1280 3736 1335 de-

2081 1354 2186 1410 dit.
2238 1357 2382 1412 Cum
2431 1358 2523 1413 his
2568 1361 2868 1417 Artemius
2914 1363 2986 1418 ad
3035 1364 3262 1435 Cpolim
3295 1371 3382 1420 est
3412 1367 3731 1437 profectus.

2083 1445 2194 1500 Sed
2226 1463 2361 1503 eum
2393 1465 2528 1504 cum
2561 1449 2718 1506 cives
2749 1468 2867 1507 non
2900 1454 3253 1525 reciperent,
3286 1456 3518 1529 Bulgari
3554 1458 3730 1512 Leoni

2081 1535 2476 1604 tradiderunt,
2518 1539 2826 1611 amiceque
2888 1543 3122 1598 tractati
3162 1545 3404 1600 domum
3435 1546 3736 1604 abierunt.

2081 1625 2194 1680 Leo
2228 1627 2556 1682 Artemium
2587 1629 3035 1703 Xylinitamque
3068 1632 3386 1694 interfecit.
3419 1635 3736 1706 Publicatis

2080 1713 2258 1769 etiam
2289 1715 2563 1786 Xylinita)
2595 1718 2804 1774 bonis:
2841 1719 3033 1776 fuerat
3091 1723 3272 1786 enim,
3313 1729 3516 1794 utpote
3547 1727 3736 1796 magi-

2080 1809 2220 1865 ster.
2255 1805 2558 1876 praedives.
2609 1809 2750 1863 Cum
2805 1809 2898 1865 his
2947 1812 3458 1884 archiepiscopum
3493 1832 3729 1885 quoque

319 1864 414 1974 [P,|
445 1899 573 1971 453]
608 1895 960 1970 ὑπέστρεψαν.
1001 1864 1076 1952 ιὈ
1126 1864 1183 1949 δέ
1243 1864 1497 1968 βασιλεὺς
1543 1891 1634 1946 τὸν
1659 1864 1972 1977 ”Αρτέμιον

2257 1864 2271 1876 ,
2883 1864 2887 1865 ,
2951 1864 2978 1866 __
3023 1864 3458 1884 ---ατ----τεῇ
3499 1864 3726 1885 ἸηἸ--

2094 1894 2234 1948 193
2265 1895 2827 1954 Thessalonicenum
2877 1907 2934 1956 et
2981 1901 3126 1957 alios
3158 1904 3485 1974 permultos
3517 1905 3730 1977 capiti-

319 1988 420 2044 σὺν
479 1992 559 2059 τῷ
614 1984 883 2060 Ξυλινίτῃ
940 1983 1143 2051 ἀνεῖλε,
1197 1980 1474 2054 δημεύσας
1528 1982 1628 2048 τήν
1677 1975 1970 2034 Ξυλινίτου

319 2076 531 2134 οὐσίαν·
595 2074 888 2150 μάγιστρος
939 2074 1041 2150 γὰρ
1099 2069 1173 2127 ὢν
1230 2069 1494 2132 πλούσιος
1552 2069 1692 2123 πάνυ
1730 2069 1968 2146 ὑπῆρχε.

2079 1983 2192 2038 bus
2222 1986 2529 2046 truncavit.
2563 1987 2832 2058 pluribus
2866 2006 3041 2046 nasos
3069 1994 3410 2064 amputavit,
3446 2001 3506 2050 et
3534 1994 3728 2050 solum

2082 2071 2272 2126 exsilii
2303 2089 2480 2129 causa
2510 2080 2736 2131 vertere
2762 2079 2961 2146 jussit.

317 2170 428 2223 Σὺν
460 2167 646 2228 αὐτοῖς
680 2161 1045 2240 ἀπεκεφάλισε
1073 2162 1159 2218 κατ
1189 2162 1282 2218 τὸν
1315 2159 1747 2236 αρχιεπίσκοπον
1783 2153 2182 2230 Θεσσαλονίκης
2230 2159 2320 2214 καὶ
2369 2159 2578 2224 ἄλλους
2611 2162 2922 2234 πλείστους,
2955 2165 3209 2230 πλείονας
3243 2167 3299 2224 δὲ
3334 2168 3730 2246 ἐρῥινοτόμησε

321 2256 418 2313 καὶ
447 2255 690 2329 ἐξώρισε.

395 2349 490 2416 Τῴ
521 2343 564 2400 δ’
593 2338 726 2410 ἔτει,
780 2346 848 2415 τῇ
901 2340 1082 2416 ἡμέρᾳ
1132 2345 1230 2396 τοῦ
1290 2339 1504 2413 Πάσχα,
1558 2336 1786 2414 ἐστεφθη
1821 2340 1977 2393 Κων-

323 2441 599 2496 σταντῖνος
631 2435 659 2488 6
695 2427 1043 2493 Καϐαλλῖνος
1093 2430 1197 2485 ὑπὸ
1253 2430 1480 2490 Λέοντος
1511 2431 1608 2483 τοῦ
1638 2426 1842 2502 πατρὸς
1870 2425 1974 2480 αὖ·

323 2530 430 2580 τοῦ
459 2522 510 2579 ἐν
540 2527 620 2594 τῷ
647 2517 1016 2598 τριϐουναλίῳ
1037 2523 1167 2590 (57),
1199 2519 1300 2573 ὑπὸ
1330 2521 1427 2573 τοῦ
1455 2518 1648 2593 Ἃγίου
1679 2519 1973 2589 Γερμανοῦ.

325 2617 424 2684 Τῷ
456 2610 514 2668 δὲ
543 2612 686 2684 αὐτῷ
746 2609 853 2666 ἔτει
911 2603 1118 2664 ἀπεϐίω
1176 2604 1454 2681 Οῧμαρος,
1503 2604 1818 2679 ἀμηρεῦσας
1864 2608 1973 2659 τῶν

330 2701 585 2770 Ἀράϐων
643 2699 732 2772 ἔτη
796 2698 892 2755 δῦο
954 2706 1129 2774 μῆνας
1192 2695 1258 2752 δ’.
1321 2697 1416 2752 Καὶ
1473 2695 1739 2770 ἀμηρεῦει
1805 2691 1970 2765 Ἰζήδ.

328 2795 589 2854 Τυεαννεῖ
646 2789 701 2846 δὲ
755 2795 846 2845 καί
899 2789 953 2844 ἐν
1013 2784 1233 2863 Ηερσίδι
1282 2785 1453 2848 ἄλλος
1482 2782 1631 2854 Ίζήδ
1667 2779 1972 2851 Μουαλαϐὶ,

332 2881 424 2936 καὶ
460 2879 800 2949 ωναπῆλθον
855 2878 1002 2948 αὐτῷ
1059 2875 1266 2932 πολλοὶ
1319 2883 1421 2944 τῆς
1478 2871 1760 2948 Περσίδος.
1815 2874 1876 2930 ὐ
1918 2869 1975 2928 δὲ

323 2966 476 3040 Ἰζήδ
507 2969 715 3024 ἀνεῖλεν
747 2967 906 3023 αὐτὸν
933 2966 1023 3021 καὶ
1053 2966 1150 3034 τὴν
1178 2961 1408 3040 Περσίδα
1436 2962 1706 3035 ἱιπέταξεν.

391 3134 487 3204 Τῷ
539 3131 575 3186 ε’
630 3125 736 3186 ἔτει
785 3129 954 3206 ἐφάνη
1014 3149 1097 3190 τις
1174 3127 1346 3202 Σύρος
1410 3123 1835 3204 ψευδόχριστος,
1884 3121 1972 3180 καί

317 3221 598 3290 ἔπλάνησε
626 3221 751 3284 τοὺς
782 3215 1071 3296 Ἑϐραίους
1130 3217 1306 3294 λέγων
1358 3215 1544 3272 ἑαυτὸν
1579 3219 1711 3272 εἶναι
1742 3215 1970 3291 Χριστὸν

316 3312 414 3369 τὸν
447 3313 570 3366 Υἱὸν
599 3315 696 3366 τοῦ
728 3314 882 3366 Θεοῦ·

395 3403 490 3471 Τῷ
523 3405 562 3470 ζ’
610 3399 716 3455 ἔτει
756 3399 1051 3472 ἠνάγκασεν
1113 3399 1142 3453 6
1204 3395 1459 3473 βασιλεὺς
1510 3396 1635 3457 τοὺς
1691 3389 1973 3469 Ἐϐραίους
2007 3415 2054 3478 C

316 3489 408 3544 καὶ
487 3490 613 3552 τοὺς
691 3487 997 3550 Μοντανοῦς
1059 3487 1404 3562 βαπτίζεσθαι
1487 3485 1552 3542 Οἱ
1613 3481 1670 3539 δὲ
1727 3479 1974 3556 Ἑϐραῖοι

318 3578 702 3653 ἀπροαιρέτως
757 3579 1151 3654 βαπτιζόμενοι
1203 3571 1538 3630 ἆπελούοντο
1578 3573 1639 3628 τὸ
1673 3574 1976 3648 βέπτισμα,

324 3689 397 3727 κα
451 3668 726 3732 ἐσθίοντες
778 3660 1192 3740 μετελάμϐανον
1249 3669 1359 3719 τῶν
1418 3663 1582 3740 ἁγίων
1638 3663 1975 3737 μυστηρίων.

317 3764 390 3820 O't
422 3757 480 3816 δὲ
531 3758 798 3814 Μοντανοὶ
852 3753 1334 3827 διαμαντε·5σαντες
1381 3752 1625 3822 ἑαυτοὺς,
1674 3754 1976 3828 θεωρήσαν.

326 3871 418 3912 τες
477 3848 709 3922 ἡμέραν,
769 3844 1024 3914 εἰσῆλθον
1085 3847 1162 3908 εἷς
1216 3843 1343 3902 τοὺς
1405 3840 1737 3916 ὡρισμένους
1794 3841 1976 3904 ο“ἷκους

332 3947 435 4010 τῆς
468 3937 680 4007 πλάνης
705 3934 880 3990 αὐτῶν
911 3934 1001 3989 καὶ
1030 3932 1353 3988 κατέκαυσαν
1382 3931 1626 3993 ἑαυτούς.

404 4033 495 4100 Τῷ
552 4029 594 4097 ζ’
631 4025 740 4082 ἔτει
797 4023 992 4094 ἦλθον,
1050 4024 1230 4084 καθὼς
1285 4022 1628 4097 προείρηται,
1661 4023 1713 4076 οἱ
1763 4023 1978 4093 μάντεις

328 4119 381 4173 oi
414 4112 971 4192 χρησμοδοτήσαντες
1029 4117 1107 4183 τῷ
1163 4111 1350 4166 Λέοντι
1407 4111 1506 4178 τήν
1554 4108 1858 4185 βασιλείαν,
1890 4110 1980 4166 καὶ

325 4207 620 4262 ἀπαιτοῦσι
648 4205 774 4279 παρ’
806 4203 970 4258 αὐτοῦ
1025 4203 1126 4271 τήν
1181 4201 1474 4275 ὑπόσλεσιν
1522 4197 1693 4276 ἤγουν
1743 4201 1841 4268 τήν
1875 4205 1978 4255 τῶν

330 4294 503 4370 ἁγίων
561 4293 785 4350 εἴκόνων
845 4289 1178 4362 καθαίρεσιν,
1237 4290 1610 4364 ὑποσχόμενοι
1667 4293 1748 4360 τῷ
1801 4284 1983 4344 ἀσεϐεῖ

332 4387 622 4454 ποιήσαντι
679 4383 854 4444 οὕτως
915 4381 1134 4454 βιώσειν
1190 4379 1426 4457 χρόνους
1492 4378 1702 4432 ἑκατόν.
1755 4378 1982 4442 Τούτοις

335 4473 571 4535 πεισθεὶς
627 4473 656 4527 6
721 4469 974 4542 ἀλάστωρ
1042 4467 1271 4523 πολλῶν
1321 4470 1498 4521 κακῶν
1559 4464 1732 4529 αἶ’τιος
1769 4467 1985 4543 γὲγονεν

331 4566 472 4636 ἡμῖν
503 4567 616 4623 τοῖς
647 4563 1012 4636 Χριστιανοῖς.
1049 4557 1236 4631 Εὓρὼν
1290 4557 1388 4630 γὰρ
1433 4577 1584 4620 τινας
1613 4557 1995 4632 ὁμοφρονοῦν-ε

330 4673 427 4715 τας
457 4651 608 4722 αὐτῷ
665 4649 754 4703 καὶ
813 4649 903 4702 τὸν
966 4645 1280 4706 Νακωλείας
1339 4643 1652 4717 ἐπίσκοπον,
1682 4645 1743 4701 οὐ
1774 4651 1984 4720 μικρῶς

331 4742 435 4808 τήν
466 4738 650 4794 πίστιν
685 4735 1022 4810 ἐλυμήνατο.

409 4830 715 4901 ’ἱστόρηται
761 4824 818 4882 δὲ
861 4826 946 4882 ὅτι
979 4818 1099 4886 ἔθος
1128 4825 1194 4894 ἦν
1226 4825 1316 4879 τὸν
1351 4825 1493 4898 ῥῆγα
1547 4823 1821 4899 Φραγγίας
1851 4826 1989 4882 κατᾶ

339 4917 488 4991 γένος
546 4915 759 4991 ἄρχειν,
817 4915 906 4970 καὶ
965 4911 1132 4988 μηδὲν
1195 4911 1420 4968 διοικεῖν
1468 4910 1616 4984 πλὴν
1657 4913 1742 4970 ὅτι
1773 4915 1987 4991 ἀλόγως

342 5005 538 5062 ἐσθίειν
565 5005 655 5059 καὶ
684 5006 884 5077 πίνειν,
931 5004 1069 5060 κατὰ
1119 5000 1177 5058 δὲ
1224 5001 1316 5058 τὸν
1367 5005 1537 5059 Μαῖον
1574 5011 1716 5076 μῆνα
1745 5011 1982 5081 προκαθ-

2157 2340 2374 2404 Quarto
2405 2357 2580 2406 anno,
2615 2343 2762 2398 festo
2794 2345 3099 2401 Paschalis
3131 2346 3247 2414 die,
3279 2348 3732 2407 Constantinum

2084 2427 2459 2484 Caballinum
2493 2431 2702 2485 Leonis
2745 2433 2929 2502 patris
2980 2433 3153 2504 jussu
3184 2435 3239 2490 S.
3273 2436 3598 2494 Germanus
3628 2457 3732 2511 pro

2085 2516 2366 2572 tribunali
2397 2520 2700 2574 coronavit
2727 2521 2944 2576 Eodem
2977 2538 3134 2578 anno
3165 2523 3281 2578 vita
3309 2524 3624 2582 defunctus
3647 2533 3737 2583 est

2088 2606 2358 2662 Umarus.
2391 2624 2525 2662 cum
2561 2608 2808 2664 Arabum
2842 2627 3073 2666 ameras
3103 2612 3315 2669 fuisset
3346 2631 3450 2684 per
3483 2633 3671 2672 annos
3701 2622 3733 2672 2

2089 2711 2324 2750 menses
2353 2697 2423 2760 4;
2458 2697 2745 2753 successit
2775 2699 2826 2754 ei
2863 2699 3082 2757 lzedus.
3117 2701 3228 2756 Sed
3260 2708 3318 2757 et
3346 2704 3501 2760 alius
3535 2705 3736 2761 lzedus

2085 2783 2146 2838 in
2181 2784 2421 2840 Perside
2454 2788 2828 2856 tyrannidem
2853 2792 3180 2860 occupavit,
3205 2795 3556 2864 cognomine
3581 2797 3736 2851 Mua-

2085 2874 2257 2936 labis.
2289 2881 2468 2946 atque
2499 2877 2637 2932 huic
2679 2878 2852 2932 mulli
2884 2894 2953 2932 ex
2986 2880 3226 2936 Perside
3258 2898 3319 2936 se
3353 2883 3737 2952 conjunxere.

2086 2965 2300 3018 Verum
2335 2964 2536 3020 lzedus
2578 2982 2712 3020 eum
2757 2966 3057 3022 interfecit
3099 2968 3522 3041 Persidemque
3557 2972 3735 3028 sube—

2086 3053 2188 3125 git.

2154 3142 2367 3207 Quinto
2401 3160 2558 3198 anno
2591 3145 2816 3200 exstitit
2845 3145 3086 3215 quidam
3146 3148 3345 3218 Syrus.
3391 3149 3537 3205 falso
3569 3152 3738 3206 Chri-

2083 3237 2239 3287 stum
2271 3248 2400 3287 sese
2432 3234 2667 3304 jactans
2711 3250 2860 3298 esse,
2921 3235 3131 3291 Filium
3185 3237 3309 3303 Dei,
3341 3238 3734 3312 Hebraeasque

2084 3321 2334 3393 decepit.

2155 3413 2326 3465 Anno
2363 3418 2525 3466 sexto
2559 3412 2883 3484 imperator
2919 3414 3196 3470 Hebraeos
3227 3433 3296 3472 ac
3327 3419 3635 3474 Montanos
3665 3419 3738 3474 ad

2082 3498 2442 3571 baptismum
2475 3501 2689 3574 adegit.
2753 3507 2942 3574 Atque
3001 3505 3232 3560 Hebraai
3265 3507 3502 3576 quidem
3535 3513 3743 3563 contra

2083 3589 2268 3642 animi
2300 3589 2389 3644 sui
2424 3591 2783 3646 sententiam
2832 3591 3106 3663 baptizati
3156 3593 3478 3650 abluerunt
3524 3595 3741 3666 baptis-

2082 3693 2268 3744 mum,
2301 3678 2554 3749 ciboque
2597 3686 2733 3734 ante
2782 3686 3058 3750 percepto
3091 3698 3393 3738 sacrorum
3429 3686 3741 3755 mysterio-

2085 3782 2216 3820 rum
2250 3767 2563 3839 participes
2615 3784 2678 3822 se
2738 3769 3026 3824 fecerunt.
3093 3772 3352 3825 Montani
3394 3779 3588 3826 autem
3625 3773 3737 3828 sibi

2086 3857 2334 3912 invicem
2367 3858 2663 3914 vaticinati
2695 3859 3020 3918 constituta
3046 3861 3142 3914 die
3175 3861 3382 3917 domos
3413 3865 3598 3918 errori
3632 3881 3738 3920 suo

2086 3945 2414 4002 destinatas
2448 3946 2766 4013 intrarunt,
2800 3964 2868 4002 ac
2900 3964 3029 4003 sese
3062 3951 3542 4007 combusserunt.

2157 4043 2329 4088 Anno
2361 4036 2612 4106 septimo
2659 4041 2817 4090 vates
2861 4036 2979 4104 isti,
3009 4055 3157 4107 quos
3190 4056 3369 4110 supra
3399 4041 3621 4097 dictum
3654 4049 3745 4099 est

2088 4122 2264 4176 Lconi
2296 4123 2611 4194 imperium
2641 4124 3008 4195 praedixisse,
3033 4135 3340 4194 venerunt,
3368 4131 3747 4200 promissam-

2087 4227 2202 4282 que
2230 4210 2341 4265 sibi
2373 4211 2444 4267 ab
2477 4228 2545 4266 eo
2577 4230 2876 4268 sacrarum
2929 4214 3257 4287 imaginum
3297 4218 3743 4275 subversionem

2089 4301 2485 4372 postularunt,
2520 4302 2869 4372 pollicentes
2900 4304 2975 4368 ei,
3027 4306 3074 4358 si
3121 4307 3528 4366 satisfecisset.
3563 4309 3741 4365 vitam

2092 4390 2192 4444 lOO
2223 4405 2536 4446 annorum.
2572 4392 2670 4445 His
2702 4392 3032 4446 scelerosus
3080 4394 3191 4449 iste
3231 4395 3407 4450 fidem
3452 4397 3743 4453 adhibens

2090 4477 2277 4533 multa
2307 4478 2478 4532 nobis
2508 4479 2856 4534 Christianis
2883 4481 3038 4537 mala
3066 4483 3214 4538 791
3239 4486 3498 4556 paravit;
3533 4494 3741 4544 nactus

2093 4567 2250 4622 enim
2283 4568 2569 4638 quosdam
2598 4585 2798 4624 secum
2830 4571 3174 4627 sentientes.
3201 4573 3475 4644 interque
3498 4575 3604 4632 hos
3629 4579 3746 4648 epi-

2094 4673 2338 4729 scopum
2397 4657 2672 4720 Nacoliaa.
2731 4659 3081 4732 religionem
3140 4662 3300 4718 haud
3358 4663 3567 4720 leviter
3619 4667 3748 4738 pol-

2096 4746 2227 4803 luit.

2165 4835 2460 4892 Memoria)
2491 4835 2790 4907 proditum
2824 4844 2932 4900 est,
2965 4856 3162 4912 regem
3203 4842 3463 4898 Francia;
3493 4860 3741 4900 consue-

2096 4925 2301 4981 tudine
2329 4925 2414 4980 sic
2435 4924 2764 4995 obtinente,
2789 4944 3036 4999 regnum
3060 4946 3166 5001 per
3185 4931 3429 5002 stirpem
3455 4949 3485 4984 a
3509 4933 3746 5002 majori-

2095 5015 2206 5070 bus
2237 5014 2362 5070 suis
2392 5013 2466 5070 ad
2497 5031 2558 5070 se
2590 5015 2852 5072 delatum
2901 5033 3127 5090 gerere,
3162 5019 3311 5076 nulli
3358 5019 3460 5075 alii
3510 5020 3742 5094 negatio

1540 5139 1897 5203 XYLANDRI
1938 5151 2024 5206 ET
2064 5151 2281 5206 (ἰοΑΒί
2323 5149 2544 5205 NOTAE.

409 5277 519 5350 (56)
542 5277 779 5350 Nempe__
795 5292 865 5331 ex
887 5275 1205 5350 baptismo.
1226 5275 1513 5350 Ordinum
1536 5275 1837 5350 principes
1863 5281 1983 5338 dixi

338 5343 588 5422 θεμᾴτων
641 5343 1006 5422 προῦχοντας,
1057 5348 1198 5422 quia
1240 5352 1298 5400 et
1353 5343 1766 5417 infra—Ge'pa'ru
1824 5357 1989 5411 Arta.

335 5419 586 5476 basdum
621 5436 724 5490 pro
764 5419 1136 5490 Cbpronymo
1167 5419 1585 5488 imperatorem
1635 5435 1866 5477 creasse
1900 5425 1989 5481 di-

339 5501 572 5564 cuntur.
609 5489 856 5564 Ponitur
888 5489 1014 5564 vgox’
1043 5507 1113 5545 ea
1138 5563 1153 5564 7
1164 5489 1346 5564 etiam
1377 5505 1482 5561 pro
1514 5491 1892 5564 exercitibus,
1925 5502 1990 5552 ut

339 5564 520 5619 duces
551 5562 881 5644 intelligere
913 5562 1108 5644 liceat:
1137 5562 1278 5644 Xvn.
1339 5633 1373 5644 ﬁ
1484 5638 1492 5644 ι
1652 5633 1663 5644 .

408 5637 519 5707 (57)
555 5633 854 5707 Interpres
876 5649 982 5705 pro
1015 5633 1297 5688 tribunali.
1339 5633 1500 5688 Errat
1544 5633 1699 5689 vocis
1729 5634 1802 5691 ad
1834 5637 1986 5696 Lati.

2095 5301 2234 5339 nam
2295 5282 2587 5338 allusione
2645 5285 2800 5339 male
2854 5285 3101 5352 ductus;
3167 5285 3558 5342 Tribunalzum
3590 5289 3749 5346 enim

2100 5355 2385 5426 palatium
2419 5361 2546 5408 erat
2589 5356 3098 5426 augustissimum.
3124 5358 3301 5426 Favet
3332 5365 3389 5412 et
3417 5359 3748 5419 Cedrenum

2101 5424 2354 5505 egpltga‘t
2384 5425 2677 5505 Himerius
2703 5442 2717 5482 :
2753 5428 2883 5505 vaA
2913 5431 2993 5505 τῷ
3044 5424 3427 5505 λιταλοιτίῳᾳτῷΔ
3456 5426 3748 5505 τριϐουνα-

2176 5481 2229 5498 ιν
2818 5481 2830 5482 η
3102 5481 3105 5482 ν
3211 5481 3284 5499 γικ
3354 5481 3409 5500 η.
3469 5481 3714 5505 -Γ---νν-

2099 5494 2206 5566 λίῳ
2240 5492 2500 5573 Εὐδοκίας
2550 5497 2806 5573 γυναικὸς
2857 5481 3145 5573 Θεοδοσίου
3176 5504 3272 5554 τοῦ
3303 5499 3528 5573 ἐκγόνου
3555 5501 3747 5558 Θεοδο-

2099 5568 2238 5623 σίου.
2265 5567 2578 5648 Dicebatur
2608 5567 2764 5624 idem
2799 5571 3205 5628 novemdecim
3227 5567 3747 5648 Accubltorum,de

2096 5657 2214 5712 quo
2246 5657 2304 5714 p.
2336 5642 2460 5696 307.
2494 5641 2674 5696 Goaa.
