4108 6300
479 311 594 374 871

1839 314 2158 376 GEORGII
2205 317 2554 382 CEDRI‘ZNI

3774 334 3890 394 872

472 446 764 501 intentum
812 461 988 517 quam
1048 445 1234 501 brutus
1291 447 1594 502 voracitati
1653 449 1830 517 atque
1863 446 2083 518 poculis

2194 447 2434 517 ‘étssoui
2484 451 2567 507 ἐπὶ
2619 455 2819 518 παντὸς
2875 460 2971 511 τοῦ
3028 456 3230 524 ἔθνους,
3284 460 3375 518 καί
3431 470 3768 537 προσκυνεῖν
3802 465 3894 522 αὖ·

467 535 753 590 Eumdem
803 535 950 591 Maio
1003 551 1207 590 mense
1254 535 1315 590 in
1364 543 1685 608 conspectu
1719 537 1898 592 totius
1927 538 2120 609 gentis

469 623 810 696 prmsidere,
841 629 1200 696 gentemque
1245 625 1514 692 adorare,
1548 630 1608 679 et
1661 625 1917 680 vicissim
1949 625 2023 681 ab
2054 642 2124 682 ea

469 712 724 779 adorari,
757 721 933 781 atque
981 715 1139 769 ultro
1190 720 1314 769 tum
1371 714 1443 769 de
1503 729 1665 768 more
1695 714 1961 784 citroque
1993 713 2120 770 dari

469 803 640 858 dona.
673 803 1021 858 Praefectum
1047 802 1258 858 domus
1289 803 1410 858 sive
1435 802 1583 858 aula‘s
1617 803 1768 874 regis
1801 819 2118 874 rerumque

466 891 656 963 gentis
687 893 816 961 ej=s
847 891 1116 946 omnium
1175 909 1376 946 curam
1425 907 1649 964 gerere.
1684 891 1790 956 Qui
1823 907 1892 946 ea
1936 893 2118 963 stirpe

464 981 736 1051 prognati
786 986 976 1042 erant.
1026 981 1248 1037 cristati
1311 981 1684 1049 dicebantur,
1733 981 1892 1052 quod
1921 982 2117 1037 Graece

462 1069 680 1124 dicitur
708 1069 1150 1134 trichorachati,
1174 1071 1312 1140 quia
1341 1071 1530 1125 instar
1558 1087 1872 1142 porcorum
1901 1088 1970 1126 ex
1999 1071 2114 1142 spi-

459 1172 540 1212 na
568 1156 728 1212 dorsi
761 1165 1107 1214 enascentes
1139 1159 1290 1230 pilos
1323 1158 1632 1214 haberent.

534 1252 700 1301 Anno
729 1262 884 1300 nono
922 1247 1030 1302 Leo
1076 1247 1296 1316 impius
1345 1248 1522 1318 coepit
1578 1247 1650 1302 de
1701 1247 1884 1303 sacris
1913 1249 2116 1323 imagi-

462 1334 638 1390 nibus
669 1337 998 1392 evertendis
1045 1339 1408 1393 mentionem
1458 1337 1670 1394 facere.
1705 1339 1827 1403 Quo
1859 1341 2112 1412 cognito,

461 1425 774 1497 Gregorius
803 1428 1000 1482 Romae
1031 1443 1183 1499 papa
1206 1427 1425 1483 tributo
1451 1429 1639 1483 Italian
1667 1432 1725 1482 et
1755 1431 1953 1484 Roma:
1977 1445 2112 1485 eum

453 1515 776 1585 prohibuit,
809 1517 996 1572 missa
1026 1518 1207 1572 etiam
1240 1517 1519 1573 decretali
1564 1519 1816 1590 epistola
1859 1536 2111 1576 monens

453 1621 574 1660 non
605 1622 734 1662 esse
769 1607 1148 1679 imperatoris
1199 1608 1270 1664 de
1327 1609 1442 1665 fide
1500 1615 1759 1666 statuere
1790 1617 1892 1667 aut
1917 1618 2112 1669 vetera

451 1695 731 1750 Ecclesias
761 1695 1001 1752 decreta
1029 1713 1062 1752 a
1093 1699 1312 1753 sanctis
1365 1699 1636 1754 Patribus
1681 1698 1834 1754 facta
1873 1701 2110 1756 convel-

449 1781 595 1841 lere.
628 1785 848 1840 Eodem
878 1802 1037 1840 anno
1067 1787 1246 1842 etiam
1294 1791 1526 1842 torrens
1575 1789 1638 1844 in
1685 1788 1893 1844 urbem
1927 1789 2099 1846 Edes-

455 1889 583 1928 sam
615 1873 921 1930 exundans
952 1875 1176 1932 multos
1204 1876 1526 1932 interemit.

519 2121 690 2176 Anno
721 2119 952 2177 decimo
984 2121 1295 2177 Masalmas
1343 2123 1672 2178 Caesaream
1717 2124 2099 2195 Cappadocia:

445 2209 818 2281 expugnavit.
845 2210 1032 2264 Pestis
1054 2227 1291 2281 quoque
1311 2211 1371 2264 in
1394 2211 1560 2282 Syria
1581 2211 1708 2266 fuit.
1729 2215 1946 2268 Estate
1971 2215 2100 2285 ejus

443 2297 584 2351 anni
615 2298 772 2352 inter
801 2299 1048 2353 Theram
1081 2304 1140 2354 et
1170 2300 1474 2354 Therasim
1497 2300 1726 2357 insulas
1743 2319 1851 2373 per
1870 2303 2100 2374 aliquot

441 2385 570 2439 dies
585 2401 649 2440 ex
667 2385 956 2456 profundo
974 2388 1152 2441 maris
1165 2404 1400 2443 sursum
1414 2404 1477 2442 se
1490 2405 1557 2444 ex
1566 2389 2092 2462 tulitcaligo,quasi

447 2475 592 2530 795
628 2473 701 2529 ab
732 2475 977 2531 ardente
1025 2475 1264 2531 fornace
1321 2493 1604 2548 surgens:
1653 2494 1770 2548 qua
1809 2479 2093 2550 paulatim

441 2563 691 2620 densata
722 2565 904 2636 inque
939 2564 1195 2636 lapidem
1223 2573 1520 2632 concreta,
1551 2567 1716 2640 igniti
1751 2569 2006 2625 incendii
2039 2572 2090 2626 vi

441 2657 601 2708 totus
623 2657 682 2708 et
701 2652 866 2709 locus
890 2659 948 2709 et
967 2670 1070 2710 aer
1089 2653 1327 2726 igneum
1350 2660 1654 2726 aspectum
1679 2659 2088 2728 praetulerunt.

436 2742 500 2796 Ei
528 2741 602 2797 ob
633 2743 964 2798 crassitiem
1021 2749 1228 2798 terreas
1282 2745 1545 2800 materias
1593 2747 1791 2816 magni
1825 2749 2088 2819 pumices

433 2830 699 2902 lapidum
722 2832 911 2888 instar
935 2851 1041 2905 per
1064 2839 1244 2890 totam
1271 2834 1466 2890 Asiam
1492 2835 2084 2906 minorem,Lesbum.

429 2920 820 2994 Abydumque
881 2929 941 2978 et
995 2923 1358 2979 maritimam
1419 2925 1820 2982 Macedoniam
1852 2927 2084 3000 disjecti

433 3017 591 3078 sunt,
623 3011 706 3067 ita
732 3017 799 3066 ut
827 3013 1106 3068 universa
1147 3012 1329 3069 facies
1381 3015 1508 3086 ejus
1540 3016 1722 3072 maris
1751 3018 2087 3089 pumicibus

431 3100 495 3154 in
527 3117 759 3158 summo
784 3102 1124 3174 jacentibus
1167 3109 1325 3160 tecta
1371 3104 1568 3159 fuerit.
1611 3108 1674 3162 In
1706 3107 1903 3164 medio
1932 3109 2083 3182 ignis

430 3187 608 3260 hujus
639 3191 835 3246 insula
855 3192 917 3246 in
941 3197 1160 3248 terram
1183 3193 1515 3265 constipata
1541 3195 1846 3268 Hieraeque
1868 3180 2080 3254 insula)
2121 3180 2162 3244 (ἶ

427 3283 666 3350 aggesta
698 3285 822 3345 est;
855 3296 986 3350 qua;
1007 3285 1144 3336 ante
1171 3298 1478 3352 nunquam
1501 3283 1632 3348 fuit,
1662 3285 1765 3340 sed
1789 3287 2084 3357 quomodo

428 3367 573 3421 olim
603 3368 793 3423 Thera
844 3373 904 3424 et
957 3369 1238 3424 Therasia
1295 3378 1639 3442 eruperunt,
1683 3373 1765 3430 ita
1793 3376 2084 3432 etisthaec

425 3459 598 3509 aetate
628 3457 746 3509 Deo
777 3455 1006 3510 adversi
1053 3456 1284 3511 Leonis.
1337 3459 1627 3514 Caeterum
1659 3461 1769 3516 Leo
1800 3469 2084 3533 quantam

423 3543 487 3599 in
528 3561 592 3600 se
625 3544 724 3600 Dei
753 3545 904 3600 iram
936 3545 1297 3602 concitasset
1337 3553 1644 3619 reputans,
1674 3551 2082 3622 impudentius

423 3633 778 3690 venerandis
810 3634 1169 3708 imaginibus
1198 3635 1423 3693 bellum
1449 3638 1649 3695 movit.
1674 3639 1864 3704 Quare
1897 3659 2080 3715 popu-

420 3721 518 3778 lus
547 3723 723 3796 regiaa
777 3723 944 3779 urbis
1003 3725 1337 3780 vehementi
1393 3722 1594 3782 dolore
1647 3729 1908 3800 percitus
1943 3747 2078 3789 cum

420 3812 620 3884 ipsum
651 3812 906 3868 Leonem
940 3813 1464 3882 statuitinvadere,
1489 3820 1618 3872 tum
1641 3817 1858 3874 multos
1890 3820 2077 3892 ipsius

419 3899 776 3958 domesticos
803 3901 1137 3966 trucidavit,
1161 3908 1343 3974 atque
1365 3921 1467 3960 eos
1488 3905 1664 3961 etiam
1697 3907 1798 3978 qui
1832 3909 2075 3982 imposi-

419 3995 542 4045 tam
565 4006 793 4062 magum
815 4007 983 4046 aereae
1004 3997 1190 4064 portas
1212 3993 1532 4066 imaginem
1557 3994 1791 4052 Domini
1819 3998 2074 4056 abstule-

413 4085 570 4138 rant.
603 4081 727 4146 Quo
758 4081 981 4137 factum
1013 4086 1104 4137 est
1145 4087 1210 4138 ut
1257 4083 1434 4138 multi
1465 4101 1571 4155 pro
1601 4085 1822 4157 pietate
1851 4105 2072 4162 propu-

409 4175 660 4242 gnantes
691 4170 1000 4243 suppliciis
1029 4171 1431 4240 afﬁcerentur,
1455 4171 1552 4227 alii
1583 4175 1867 4232 membris
1897 4179 2072 4234 muti-

408 4259 534 4326 lati,
568 4259 670 4314 alii
703 4259 977 4332 ﬂagellis.
1007 4259 1230 4314 exsiliis
1279 4265 1340 4314 et
1385 4261 1588 4317 multis
1617 4264 1808 4334 puniti
1837 4281 1852 4332 ;
1884 4273 2066 4339 utque

408 4349 506 4420 pia
535 4347 871 4404 scholarum
897 4347 1166 4404 doctrina
1189 4353 1464 4404 cessaret.
1491 4351 1634 4405 Nam
1660 4353 1816 4423 apud
1839 4356 2064 4428 regiam

407 4437 728 4493 cisternam
759 4435 1046 4508 palatium
1091 4442 1220 4492 erat
1265 4437 1627 4504 venerabile,
1660 4440 1722 4494 in
1754 4459 1870 4512 quo
1893 4443 2064 4516 juxta

405 4525 713 4596 antiquam
745 4525 999 4580 formam
1029 4525 1430 4582 mcumenicus
1479 4527 1762 4599 magister
1791 4532 2054 4605 sedebat,
2089 4557 2133 4620 Β

403 4613 718 4669 duodecim
751 4613 980 4668 habens
1001 4613 1325 4685 discipulos
1351 4616 1686 4672 eruditione
1710 4623 1769 4674 et
1789 4621 1904 4678 vita
1922 4639 2058 4696 grao

399 4720 518 4758 ves.
551 4703 596 4758 Ii
629 4719 764 4757 cum
796 4719 1036 4757 omnem
1069 4703 1304 4759 dicendi
1329 4705 1637 4760 scientiam
1667 4707 1969 4768 celeritate
2001 4719 2060 4769 et

399 4791 795 4864 amplitudine
843 4791 1070 4864 ingenii
1120 4792 1549 4864 percepissent,
1594 4796 2055 4858 ecclesiasticam

398 4881 737 4939 divinarum
753 4895 955 4939 rerum
972 4881 1324 4954 sapientiam
1345 4882 1462 4938 acri
1483 4881 1680 4939 studio
1701 4889 2052 4950 tractabant:

2227 543 2344 600 τοῖς
2399 540 2490 594 καὶ
2546 542 3090 617 ἀντιπροσκυνεῖσθαι
3152 549 3240 604 ὑπ’
3299 550 3496 622 αὐτῶν,
3542 551 3887 634 δωροφορεῖι

2230 625 2352 681 σθαί
2380 649 2439 684 τε
2468 632 2604 686 κατᾶ
2635 635 2922 704 συνήθειαν
2977 637 3068 690 καὶ
3125 637 3454 695 ἃντιδιδὸναι
3489 642 3710 713 αὐτοῖς,
3747 642 3896 720 ἔχειν

2229 712 2286 770 δὲ
2313 719 2575 779 πρόοικον
2630 725 2744 798 (58)
2795 724 3021 798 γνώμην
3073 725 3237 782 αὐτοῦ
3288 730 3378 784 καὶ
3429 736 3527 786 τοῦ
3574 730 3773 796 ἔθνους
3824 735 3896 798 εἷς

2224 805 2286 860 τὸ
2318 803 2542 862 διοικεῖν
2605 810 2775 866 πάντα
2833 814 2898 868 τδ.
2955 815 3273 890 πράγματα.
3327 816 3619 894 Ἐλέγοντο
3654 819 3720 876 δὲ
3751 824 3808 878 οἱ
3839 824 3894 880 ἐκ

2222 897 2320 948 τοῦ
2375 900 2563 972 γένους
2615 899 2819 956 ἐκείνου
2875 905 3244 978 καταγόμενοι
3299 911 3604 982 semitm,
3638 911 3672 966 δ
3707 912 3891 988 ἑρμη’

2223 981 2432 1040 νεῦεται
2487 985 2913 1065 αριχοραχάτοι·
2975 995 3128 1068 εἶχον
3185 996 3289 1069 γὰρ
3345 997 3484 1052 κατᾶ
3527 1005 3629 1069 τῆς
3668 1001 3893 1078 ῥάχεως

2223 1073 2400 1130 αὐτῶν
2428 1077 2622 1154 τρίχας
2662 1078 2999 1156 ἐκφυομένας
3030 1085 3104 1146 ὡς
3137 1091 3347 1163 χοῖροι.

2293 1239 2386 1312 Τῷ
2414 1241 2456 1303 θ’
2481 1239 2586 1296 ἔτει
2615 1243 2817 1314 ἤῑξατο
2873 1245 2902 1300 ὁ
2964 1243 3228 1317 δυσσεϐὴς
3268 1250 3416 1306 Λέων
3466 1252 3558 1307 τὸν
3589 1255 3741 1308 κατᾶ
3787 1262 3888 1324 τῆς

2219 1331 2328 1381 τῶν
2388 1329 2558 1407 ἁγίων
2616 1331 2842 1388 εἰκόνων
2917 1340 3280 1406 καθαιρέσεως
3338 1339 3502 1416 λόγον
3571 1349 3886 1407 ποιεῖσθαι.

2219 1417 2524 1494 Γρηγὸριος
2573 1417 2632 1476 δὲ
2689 1422 2718 1476 ὁ
2765 1423 2946 1486 mian
3003 1427 3226 1500 Ῥώμης
3283 1433 3444 1485 τοῦτο
3505 1431 3698 1504 μαθὼν
3755 1432 3882 1496 τοὺς

2217 1505 2418 1583 φόρους
2448 1511 2546 1574 τῆς
2601 1511 2840 1573 Ἰταλίας
2895 1514 2986 1568 καὶ
3041 1515 3266 1588 Ῥώμης
3325 1517 3594 1588 ἐκώλυσε,
3655 1523 3884 1596 γράψας

2215 1595 2306 1648 καὶ
2336 1596 2474 1670 πρὸς
2519 1597 2724 1654 Λέοντα
2774 1600 3071 1670 ἐπιστολὴν
3120 1601 3476 1680 δογματικῆν,
3513 1610 3590 1680 μή
3625 1595 3751 1664 δεῖν
3787 1613 3881 1686 βα-

2215 1683 2370 1740 σιλέα
2399 1685 2560 1760 λόγον
2611 1690 2734 1760 περὶ
2788 1690 3021 1753 πίστεως
3073 1697 3346 1749 ποιεῖσθαι
3393 1697 3488 1751 καί
3517 1683 3881 1774 καινοτομεῖν

2209 1773 2278 1828 τὰ
2305 1773 2511 1854 ἀρχαῖα
2541 1779 2626 1850 [Ρ.
2659 1781 2784 1853 454]
2835 1777 3084 1856 δόγματα
3131 1785 3232 1852 τῆς
3286 1784 3618 1857 Ἑκκλησίας
3663 1773 3878 1846 τᾶίῦπὸ

2209 1866 2317 1918 τῶν
2343 1864 2511 1938 ἁγίων
2545 1869 2799 1942 Ματέρων
2851 1867 3298 1944 δογτιατισθέιτα.
3354 1877 3453 1948 Τῷ
3501 1874 3550 1930 δ’
3579 1877 3742 1950 αὐτῷ
3775 1877 3877 1934 ἔτει

2209 1948 2317 2010 ἔτει
2349 1957 2436 2010 καὶ
2467 1957 2498 2012 ὁ
2527 1958 2830 2034 χείμαρρος
2879 1964 2990 2038 (59)
3043 1961 3464 2040 πλημμυρήσας
3505 1948 3774 2037 εῗσῆλθεν
3803 1969 3876 2032 είς

2212 2041 2448 2116 Ἐδεσαν,
2479 2047 2568 2102 καὶ
2600 2050 2699 2118 τὴν
2727 2049 2891 2104 πόλιν
2923 2052 3012 2106 καὶ
3047 2051 3296 2116 πολλοὺς
3321 2055 3570 2130 ἠφάνισε.

2280 2137 2376 2206 Τῷ
2435 2137 2468 2190 ι’
2522 2130 2628 2192 ἔτει
2685 2137 3069 2215 ἐπεστράτευσε
3141 2143 3442 2218 Μασαλμᾶς
3495 2147 3599 2216 τήν
3661 2148 3868 2205 Καισά-

2210 2243 2354 2300 ρειαν
2411 2226 2794 2292 Καππαδοκίας
2880 2232 2969 2287 καὶ
3048 2232 3354 2310 παρέλαϐεν
3421 2237 3609 2306 αὐτὴν.
3671 2239 3871 2316 Γέγονε

2207 2311 2264 2368 δὲ
2292 2315 2380 2369 καὶ
2413 2317 2698 2374 θανατικὸν
2753 2319 2830 2383 είς
2885 2323 3104 2398 Συρίαν.
3150 2329 3241 2383 Ἐν
3299 2325 3446 2399 αὖτῷ
3475 2331 3554 2399 τῷ
3584 2325 3719 2399 ἔτει,
3755 2331 3869 2404 ὥρᾳ

2205 2401 2416 2474 θέρους,
2473 2405 2636 2479 ἀτμίς
2691 2410 2920 2483 καμίνου
2978 2413 3148 2488 πυρὸς
3207 2409 3495 2490 ἀνέϐρασεν
3553 2416 3654 2472 avi
3699 2419 3862 2492 μέσον

2204 2495 2383 2567 Θήρας
2409 2496 2500 2550 καὶ
2568 2499 2844 2573 Θηρασίας
2903 2505 3011 2556 τῶν
3062 2505 3242 2573 νήσων
3281 2503 3342 2560 ἐκ
3392 2509 3490 2561 τοῦ
3544 2507 3720 2582 βυθοῦ
3757 2515 3860 2576 τῆς

2202 2580 2479 2653 θαλάσσης
2510 2586 2597 2640 ἐπὶ
2631 2587 2840 2662 ἡμέρας
2871 2592 3041 2660 τινὰς,
3091 2592 3180 2647 καὶ
3231 2593 3368 2648 κατὰ
3401 2595 3581 2670 βραχὺ
3611 2616 3856 2672 παχυνο-

2204 2673 2374 2746 μένης
2404 2676 2494 2732 καὶ
2525 2675 2968 2753 ἁπολίθουμένης
3023 2685 3094 2754 τῇ
3151 2681 3391 2756 πυρώδει
3442 2683 3688 2741 έκκαῦσει
3727 2685 3854 2748 ὅλος

2199 2764 2228 2818 ὁ
2279 2765 2449 2829 τόπος
2506 2767 2596 2822 καὶ
2629 2769 2658 2822 ὁ
2687 2768 2793 2843 ἀήρ
2847 2773 3165 2850 πυροφανής
3221 2770 3517 2834 ἔδείκνυτο.
3549 2777 3632 2850 Τῇ
3663 2774 3719 2832 δὲ
3748 2797 3845 2830 πα-

2197 2852 2400 2932 χύτητι
2430 2861 2529 2923 τῆς
2557 2853 2799 2930 γεώδους
2842 2858 3024 2922 οὐσίας
3077 2865 3542 2939 πετροκισσῆρους
3577 2863 3834 2940 μεγάλους

2199 2942 2273 3004 ὡς
2327 2941 2514 3008 λίθους
2567 2947 2714 3008 τινας
2766 2944 3076 3024 ἀναπέμψαι
3131 2952 3250 3005 καθ’
3303 2951 3442 3022 ὅλης
3499 2961 3596 3023 τῆς
3646 2957 3822 3027 μικρίς

2195 3031 2381 3094 Ἀσίας
2409 3033 2499 3089 καί
2533 3029 2739 3090 Λέσϐου
2786 3037 2876 3092 καὶ
2925 3034 3156 3096 Ἀϐύδου
3201 3040 3292 3096 καὶ
3346 3049 3450 3112 τῆς
3479 3045 3616 3121 πρὸς
3645 3043 3831 3099 θάλασ-

2195 3141 2286 3174 σαν
2318 3120 2677 3192 Μακεδονίας,
2736 3125 2812 3188 ὡς
2870 3126 3008 3182 ἅπαν
3065 3129 3128 3184 τὸ
3181 3129 3478 3202 πρόσωπον
3509 3120 3611 3203 τῆς
3643 3131 3834 3197 θαλασ-

2193 3231 2291 3280 σης
2350 3213 2550 3283 ταύτης
2604 3215 2882 3291 κισσήρων
2939 3215 3382 3288 έπιποΛαζόντων
3426 3221 3638 3296 γέμειν.
3672 3222 3837 3278 Μέσον

2187 3295 2243 3354 δὲ
2271 3304 2367 3356 τοῦ
2412 3301 2745 3370 τηλικούτου
2803 3306 2975 3392 πιναρὸς
3021 3306 3184 3376 νῆσος
3240 3309 3617 3388 ἀπογεωθεῖσα
3645 3315 3714 3386 τῇ
3749 3310 3839 3368 λε-

2181 3389 2385 3476 γομένῃ
2443 3391 2564 3464 ἱερᾷ
2616 3394 2765 3467 νήσῳ
2839 3389 3109 3473 συνήφθη,
3169 3399 3340 3470 μήπω
3388 3399 3450 3454 τὸ
3501 3401 3629 3476 πρῖν
3687 3399 3836 3464 οὖσα,

2181 3473 2310 3564 ἀλλ’
2341 3475 2416 3540 ὡς
2448 3479 2505 3536 αἱ
2536 3478 2934 3556 προβρηθεῖσαι
2983 3485 3134 3560 Θήρα
3179 3507 3239 3542 τε
3284 3488 3374 3542 καὶ
3421 3473 3666 3564 Θηρασία
3707 3490 3839 3546 ποτὶ

2179 3559 2594 3640 έξεϐράσθησαν,
2655 3565 2803 3626 οὕτω
2859 3571 2949 3626 καὶ
3003 3559 3139 3646 αὕτη
3193 3579 3286 3631 νῦν
3343 3575 3430 3632 ἐπὶ
3483 3559 3590 3633 τῶν
3622 3577 3836 3654 χρόνων

2177 3657 2274 3708 τοῦ
2333 3655 2614 3736 θεομαχου
2672 3659 2921 3722 Λέοντος.
2981 3663 3083 3724 ’ος
3147 3664 3245 3732 τὴν
3305 3667 3424 3720 κατ’
3481 3663 3647 3722 αὐτοιῦ
3697 3669 3838 3724 θείαν

2181 3741 2350 3818 ὀργήν
2412 3746 2546 3822 ὑπὲρ
2599 3747 2764 3804 αὐτοῦ
2840 3749 3198 3828 λογισάμενος
3269 3752 3642 3832 ἀναιδέστερον
3700 3759 3838 3815 κατᾶ

2176 3837 2284 3888 τῶν
2338 3835 2509 3910 ἁγίων
2561 3843 2771 3895 σεπτῶν
2821 3839 3043 3898 εἰκόνων
3081 3841 3268 3922 ἤγειρε
3297 3842 3568 3922 πόλεμον.
3603 3849 3672 3905 Οἱ
3704 3849 3838 3922 μέν-

2175 3944 2260 3978 τοι
2294 3925 2430 4014 κατὰ
2455 3927 2563 4014 τήν
2591 3927 2846 4003 βασιλίδα
2885 3931 3047 3988 πόλιν
3099 3930 3266 4010 ὄχλοι
3300 3935 3507 4014 σφόδρα
3537 3935 3833 4012 λυπούμε-

2173 4031 2256 4102 νοι
2287 4011 2436 4102 αὐτῷ
2464 4035 2523 4070 τε
2554 4013 2788 4102 ἔμελλον
2819 4018 3064 4078 ἐπελθεῖν
3095 4024 3187 4078 καὶ
3216 4011 3462 4089 πολλοὺς
3512 4027 3665 4102 βασι)
3684 4011 3832 4090 ικους

2173 4099 2493 4176 ἀνθρώπους
2525 4099 2764 4178 ἀνεῖλον,
2813 4109 2940 4172 τούς
2986 4131 3044 4167 τε
3090 4111 3418 4178 καθελόντας
3463 4115 3565 4185 τὴν
3606 4113 3696 4171 ἐπὶ
3733 4123 3834 4186 τῆς

2175 4188 2426 4268 μεγάλης
2455 4191 2674 4268 χαλκῆς
2707 4196 2892 4267 πύλης
2937 4204 3032 4254 τοῦ
3084 4201 3288 4276 Κυρίου
3318 4201 3520 4273 εἰκόνα,
3555 4205 3631 4266 ὡς
3675 4208 3829 4261 πολ-

2173 4277 2306 4342 λοὺς
2359 4281 2492 4357 ὑπὲρ
2531 4287 2634 4350 τῆς
2679 4281 2948 4350 εὐσεϐείας
2993 4294 3384 4365 τιμωρηθῆναι
3435 4291 3620 4368 μελῶν
3649 4315 3710 4350 τε
3741 4293 3830 4351 ἐκ·

2167 4373 2364 4454 κοπαῖς
2409 4370 2500 4426 καὶ
2549 4372 2764 4447 μάστιξι
2819 4375 2910 4430 καὶ
2967 4375 3201 4452 ἐξορίαις
3255 4380 3346 4435 καὶ
3391 4381 3648 4454 ζζημίσις
3687 4383 3826 4438 ὕπο-

2169 4449 2464 4528 6ληθῆναι,
2515 4455 2803 4532 σϐεσθῆναί
2849 4484 2906 4519 τε
2947 4466 3056 4520 τῶν
3123 4463 3525 4546 παιδευτηρίων
3577 4471 3676 4540 τήν
3737 4469 3827 4526 εὖ·

2166 4545 2300 4614 σεϐῆ
2345 4545 2716 4610 διδασκαλίαν.
2769 4557 2912 4633 Πρὸς
2961 4560 3065 4634 γὰρ
3121 4564 3188 4635 τῇ
3237 4559 3505 4636 λεγομένῃ
3555 4563 3819 4639 βασιλικῇ

2167 4639 2450 4717 κινστέρνῃ
2507 4642 2774 4699 παλάτιον
2832 4645 2900 4716 ἦν
2960 4649 3172 4722 σεμνὸν,
3241 4647 3294 4704 έν
3363 4651 3408 4722 ᾧ
3460 4653 3598 4706 κατὰ
3651 4654 3819 4708 τύπον

2165 4726 2398 4817 ἀρχαῖον
2434 4729 2812 4804 οῗκουμενικὸς
2859 4737 2973 4809 (60)
3021 4735 3251 4807 ἐκάθητο
3285 4735 3633 4808 διδάσκαλος,
3668 4737 3817 4817 ἔχων

2169 4816 2414 4886 μαθητὰς
2447 4817 2596 4892 λόγῳ
2627 4820 2717 4875 καὶ
2767 4821 2872 4898 βίῳ
2930 4823 3157 4898 σεμνοὺς
3201 4827 3290 4881 τὸν
3319 4825 3552 4900 ἀριθμὸν
3583 4816 3814 4884 δώδεκα.

2163 4901 2330 4960 Οὗτοι
2360 4911 2532 4961 πᾶσαν
2584 4905 2819 4984 λογικήν
2864 4911 3174 4988 ἐπιστήμην
3222 4915 3383 4990 τάχει
3431 4937 3491 4972 τε
3527 4917 3618 4972 καὶ
3653 4919 3814 4996 μεγέ-

1597 5009 1961 5077 XYLANDRI
1997 5024 2084 5081 ET
2136 5029 2352 5088 GOAllI
2391 5035 2612 5091 NOUE.

467 5131 575 5202 (58)
606 5133 806 5188 Domus
851 5135 1018 5216 regiae
1065 5133 1332 5216 majorem
1371 5134 1532 5216 apud
1561 5137 1902 5216 Gregorium
1935 5147 2047 5204 Tu.

393 5218 738 5280 ronensem,
771 5203 928 5276 apud
958 5203 1206 5280 Paulum
1238 5203 1537 5280 Emilium
1569 5203 1898 5280 magistrum
1939 5222 2043 5274 mi-

393 5273 551 5329 litum
581 5273 1136 5348 dictum'reperies;
1181 5278 1300 5348 cui?
1326 5294 1528 5348 parem
1560 5273 1686 5336 non
1713 5284 1910 5341 ofﬁcio
1943 5273 2046 5348 sed

392 5359 631 5400 nomine
663 5347 847 5422 Graeci
894 5349 1228 5422 habuerunt
1276 5347 1569 5422 ῥαίκτῶρα.
1605 5355 1912 5414 Rectorem
1947 5347 2045 5420 eo:

389 5424 718 5490 musvocat
752 5419 1145 5490 Luitprandus
1179 5436 1230 5474 e.
1265 5419 1370 5476 ult.
1407 5422 1550 5477 Hist.
1584 5424 1756 5482 Gosn.

461 5485 572 5558 (59;
610 5489 708 5543 Vel
741 5485 1176 5563 sitproprium,
1220 5492 1524 5552 Chimarus.
1575 5496 1890 5558 Torrentes
1927 5523 2042 5563 au-

385 5561 518 5636 tem_
533 5574 637 5614 sua
655 5561 1051 5636 esundatione
1078 5579 1198 5619 non
1223 5566 1416 5634 parvis
1437 5571 1538 5622 aut
1562 5567 1716 5624 male
1737 5561 2044 5636 aadiﬁcatis

383 5629 573 5704 pagis,
607 5630 710 5688 sed
739 5631 987 5689 urbibus
1017 5629 1255 5709 quoque
1297 5636 1546 5694 minime
1585 5629 2042 5708 contemnendis

2157 5171 2402 5242 magnas
2433 5157 2635 5242 clades
2665 5162 2884 5242 inferre
2926 5165 3014 5242 vel
3065 5167 3297 5242 Basilea
3343 5168 3558 5242 docere
3587 5174 3809 5242 potest.

2157 5230 2507 5356 εὲῐγὲαὲζεήν
2538 5249 2704 5304 papae
2737 5236 3049 5307 epistolam
3079 5239 3154 5294 ad
3183 5240 3424 5296 verbum
3450 5230 3810 5299 decretalem

2207 5340 2222 5354 ι
2311 5343 2321 5353 .
2420 5318 2482 5357 'L.

2155 5306 2854 5456 vezéa)xz]l§cumenicum
2915 5380 3262 5452 magistrum
3347 5383 3609 5456 dictum?
3645 5390 3804 5456 puto,

2155 5443 2326 5512 quasi
2358 5460 2531 5515 cujus
2561 5447 2832 5505 doctrina
2853 5443 3323 5509 totuslerrarum
3358 5455 3520 5510 orbis
3551 5443 3810 5512 illustra-

2153 5521 2337 5600 retur,
2373 5518 2689 5600 autcujus
2711 5537 2818 5590 per
2848 5539 3086 5580 omnem
3119 5525 3625 5584 Christianitatem
3655 5527 3805 5600 vige-

2152 5592 2246 5643 ret
2273 5588 2614 5645 auctoritas.
2649 5588 2786 5646 XiL.
