4108 6300
287 343 412 408 8'73
1394 346 1902 412 HISTORIARUI

2011 348 2389 413 IOMPENDI
2400 351 2542 417 ΗΜ.
3573 351 3692 413 874

283 479 368 536 θει
397 477 607 557 φύσεως
662 478 1058 555 μετερχόμενοι
1113 479 1223 554 οὐχ
1280 478 1477 549 ἥκιστα
1507 481 1607 546 τήν
1639 480 1902 551 ἐκκλησια

2011 535 2018 548 _
2052 483 2275 555 absque
2302 486 2514 542 horum
2545 487 2789 543 consilio
2839 488 2878 542 7
2888 487 2990 542 96
3035 486 3360 558 quidquam
3406 485 3521 558 agi,
3553 487 3700 555 ipsis

283 571 480 640 στικήν
518 571 780 642 μετήεσαν
835 567 1138 647 θεοσοφίαψ
1199 570 1272 623 ὧν
1326 571 1426 636 τῆς
1481 574 1708 644 γνῶμης
1766 570 1902 645 χωρῖ

2056 591 2288 645 quoque
2323 576 2780 647 imperatoribus
2807 577 2973 632 nefas
2996 578 3331 648 putabatur.
3356 578 3470 631 Hos
3500 577 3703 632 Conon

282 662 352 718 οὐ
385 661 603 734 θεμιτόν
633 681 684 715 τι
715 665 890 716 ποιεῖν
919 657 1126 714 ἐδόκτει
1167 657 1292 714 οὐδὲ
1339 665 1452 722 τοῖς
1504 659 1815 736 βασιλεῦσιν
1844 659 1902 714 αὖ

2053 664 2126 719 ad
2151 682 2211 721 se
2231 683 2444 720 vocans
2466 666 2792 721 identidem
2817 667 2877 721 in
2898 684 3063 721 suam
3085 667 3339 722 harresin
3363 667 3706 738 pertrahere

276 758 423 814 τοῖς.
454 750 694 812 Τούτους
727 751 754 805 6
786 749 966 806 Κόνων
1015 753 1229 828 συχνῶς
1275 749 1758 822 προσκαλούμενος
1790 748 1902 804 ἐπεί

2053 754 2389 827 satagebat:
2424 763 2765 810 recusantes
2804 762 3004 811 autem
3061 763 3118 811 et
3177 774 3304 812 sese
3337 763 3704 828 opponentes

280 847 409 916 ραζε
465 845 648 894 πεῖσαι
707 844 776 914 τῇ
837 839 1004 893 αὐτοῦ
1063 837 1287 913 αἱρέσει.
1348 838 1681 902 Καταθέσθαι
1739 836 1798 893 δὲ
1857 860 1902 910 μ⁴

2046 842 2439 914 ignominiose
2471 844 2532 898 in
2561 861 2666 898 sua
2698 845 2800 900 illa
2828 844 3031 900 schola
3054 845 3327 902 concludi
3353 846 3553 917 jussit.
3589 863 3699 900 no-

272 926 754 1003 καταδεχομένους
823 927 948 982 ἀλλ’
1006 926 1431 989 ἀντιπίπτοντας
1505 927 1714 998 ἀτίμως
1767 949 1902 983 κατα

2043 940 2258 1003 ctuque
2287 934 2420 1005 igne
2455 933 2853 988 circumdatos
2876 951 3009 988 cum
3033 933 3206 988 domo
3234 933 3520 1006 librisque
3547 935 3698 990 mul-

272 1026 597 1088 κλεισθῆναι
651 1015 1030 1072 διεκελεύσατο
1089 1017 1281 1086 ἐκεῖσε,
1341 1014 1431 1071 διὰ
1488 1014 1546 1071 δὲ
1599 1024 1699 1086 τῆς
1743 1019 1902 1073 νυκτὸ

2044 1021 2118 1076 tis
2150 1027 2208 1076 et
2239 1022 2513 1092 pretiosis
2543 1039 2611 1077 ac
2647 1039 2814 1078 sacra
2839 1023 3204 1094 supellectile
3235 1023 3573 1078 combussit.
3609 1024 3691 1079 0b

272 1107 386 1182 πῦρ
438 1105 699 1163 κυκλόθεν
758 1106 972 1185 ὐφάψας
1031 1106 1222 1168 αὐταῖς
1300 1106 1500 1167 ἑστίαις
1558 1107 1646 1160 καὶ
1706 1102 1900 1181 βίϐλοι

2041 1110 2099 1165 id
2127 1128 2340 1183 magna
2371 1112 2559 1166 classe
2591 1117 2793 1167 coacta
2825 1112 3030 1174 Graeci,
3064 1117 3123 1166 et
3153 1112 3252 1182 qui
3285 1112 3564 1182 Cyclades
3596 1113 3692 1167 in-

271 1199 515 1260 πολλαῖς
569 1199 660 1254 καὶ
720 1196 915 1259 καλαῖς
972 1198 1061 1252 καὶ
1120 1197 1356 1251 σκεύεσιν
1419 1198 1586 1272 ἱεροῖς
1645 1198 1674 1251 6
1736 1199 1898 1272 μιαρὸ

2041 1200 2199 1255 sulas
2221 1200 2518 1256 tenebant.
2546 1201 2770 1257 bellum
2796 1202 2848 1257 ei
2870 1202 3095 1256 faciunt
3139 1201 3250 1256 Sed
3275 1202 3688 1271 Byzantiojam

266 1288 617 1344 κατέκαυσενε
677 1287 951 1348 Ἐντεῦθεν
1012 1285 1355 1354 στασιάζουσι
1435 1286 1552 1340 κατ’
1608 1285 1771 1340 αὐτοῦ
1833 1307 1900 1359 με

2038 1291 2566 1361 propinquantium
2623 1290 2940 1345 artificioso
3000 1289 3118 1361 igni
3175 1306 3350 1344 naves
3393 1306 3511 1344 una
3554 1307 3687 1344 cum

263 1374 418 1452 γάλῃ
468 1374 748 1450 ναυμαχίᾳ
796 1377 1254 1452 συμφωνήσαντες
1305 1371 1625 1430 Ἐλλαδικοί
1665 1395 1724 1430 τε
1753 1376 1842 1430 καὶ
1877 1398 1902 1431 ο

2039 1379 2184 1450 ipsis
2215 1396 2513 1435 succensas
2547 1382 2874 1451 perierunt.
2903 1381 3083 1434 Porro
3107 1386 3305 1434 autem
3332 1379 3548 1450 impius
3577 1379 3687 1434 Leo

262 1471 379 1520 τῶν
435 1462 732 1521 Κυκλάδων
779 1466 982 1534 νήσων,
1044 1463 1098 1518 οἳ
1173 1464 1264 1519 καὶ
1318 1461 1790 1538 προσπελάσαντες
1848 1469 1902 1520 τᾶ

2039 1467 2318 1538 pietatem
2352 1469 2683 1540 impensius
2713 1469 2989 1540 persequi
3026 1468 3304 1540 perrexit.

265 1555 554 1628 Βυζαντίῳ
584 1556 876 1623 ἡττῶνται,
909 1552 1333 1627 ἐμπρησθέντων
1368 1555 1544 1609 αὐτῶν
1577 1551 1726 1616 έντὸς
1755 1559 1902 1622 νηῶν
1934 1555 2014 1628 τῷ
2050 1560 2325 1628 σκευαστῷ
2356 1557 2507 1631 πυρί.
2538 1554 2696 1626 Αὔξει
2721 1554 2776 1611 δὲ
2805 1559 2905 1626 τήν
2936 1557 3121 1612 κακίαν
3157 1552 3305 1611 Λέων
3338 1557 3365 1612 6
3398 1551 3685 1627 δυσσεϐὴς,

256 1645 401 1699 κατὰ
430 1650 530 1708 τῆς
561 1639 830 1707 εύσεϐείας
861 1644 952 1698 τὸν
982 1641 1230 1716 διωγμὸν
1264 1642 1568 1701 ἐπιτείνων.

335 1735 429 1803 Τῷ
459 1734 544 1806 [Ρ.
583 1736 710 1805 l:55]
764 1729 808 1787 δ’
863 1733 1015 1803 αὐτῷ
1071 1728 1198 1801 ἔτει,
1255 1731 1389 1786 κατὰ
1416 1738 1517 1800 τῆς
1546 1734 1786 1788 Βιθυνῶν
1827 1734 1896 1789 Νι

2103 1736 2326 1792 Eodem
2355 1753 2534 1802 anno,
2566 1740 2746 1792 Amer
2769 1753 2903 1792 cnm
2936 1739 3000 1790 15
3035 1737 3299 1792 millibus
3329 1735 3473 1792 levis
3497 1753 3687 1792 arma-

251 1822 415 1884 καίας
447 1823 839 1896 παρατάττεται
896 1827 1076 1895 ’Ἃμερ
1126 1823 1187 1876 ἒν
1235 1820 1451 1896 χιλιάσι
1503 1829 1560 1876 ιε’
1600 1821 1902 1893 μονοζώνω·

2035 1829 2179 1880 tura)
2216 1826 2501 1882 militibus
2557 1827 2970 1882 excursionem
3028 1826 3274 1886 faciens,
3309 1827 3561 1882 Nicaeam
3597 1827 3683 1880 Bi-

248 1909 596 1987 προδραμὼν
654 1911 743 1965 καὶ
804 1911 1274 1984 ἀπαρασκεύαστον
1339 1910 1626 1974 κυκλώσας
1675 1915 1774 1982 τὴν
1814 1913 1902 1966 πό-

2031 1915 2586 1986 thyuiaeimproviso
2623 1915 2991 1971 obsidet.Cui
3037 1932 3098 1970 se
3132 1915 3402 1986 adjungit
3443 1916 3680 1984 Mabias,

249 1999 366 2071 λιν,
400 2000 488 2055 καὶ
525 1995 736 2062 Μαϐίας
777 1997 1164 2055 ἐπακολουθῶν
1214 1999 1266 2055 ἐν
1316 1999 1515 2062 ἄλλαις
1567 2001 1711 2055 ὀκτὼ
1744 2001 1916 2072 ἣμισυ

253 2090 537 2164 μυριάσιν·
600 2091 652 2144 οἳ
714 2091 849 2160 μετὰ
905 2087 1126 2159 πολλὴν
1186 2088 1510 2164 πολιορκίαν
1549 2089 1637 2144 καὶ
1669 2091 1916 2164 καθαίρε-

255 2199 342 2233 σιν
376 2181 606 2253 μερικὴν
661 2183 770 2234 τῶν
827 2183 1053 2254 τειχῶν,
1112 2176 1182 2234 δι’
1237 2179 1497 2242 ὀπτασίας
1554 2185 1663 2234 τῶν
1694 2178 1745 2234 ἐν
1776 2180 1914 2254 αὐτῇ

247 2267 580 2341 τιμωμένων
637 2268 808 2343 ἁγίων
874 2267 1126 2340 Ματέρων
1185 2267 1587 2343 αἰσχυνθέντες,
1647 2266 1912 2340 ἄπρακτοι

253 2358 645 2434 ὑπεχώρησαν.
709 2355 1110 2420 Κωνσταντῗνος
1163 2355 1222 2412 δέ
1264 2378 1348 2420 τις
1380 2359 1630 2433 στράτωρ
1673 2360 1785 2432 (61)
1815 2363 1912 2413 τοῦ

247 2442 644 2516 Ἀρταϐάσδου,
707 2445 836 2502 ἰδὼν
896 2447 1079 2502 εἰκόνα
1147 2454 1247 2514 τῆς
1323 2447 1588 2503 Θεοτόκου
1649 2448 1909 2515 ἑστῶσαν,

241 2531 434 2591 λαϐὼν
467 2535 618 2600 λίθον
670 2534 858 2611 ἔρῥιψε
905 2536 1021 2591 κατ’
1071 2537 1242 2606 αὐτῆς
1274 2535 1364 2591 καὶ
1397 2539 1709 2610 συνέτριψεν
1738 2537 1909 2604 αὐτὴν

241 2625 338 2678 καὶ
395 2630 659 2680 πεσούσαν
717 2625 1080 2694 κατεπάτησε.
1146 2630 1349 2701 Θεωρεῐ
1406 2625 1498 2680 οὖν
1566 2625 1618 2681 ἂν
1671 2626 1906 2699 ὁράματι

257 2718 610 2784 παρεστῶσαν
661 2714 804 2788 αὐτῷ
853 2716 955 2782 τήν
997 2715 1291 2770 Δέσποιναν
1322 2716 1411 2770 καὶ
1443 2713 1704 2789 λέγουσαν
1737 2715 1904 2787 αὐτῷ·

251 2801 422 2865 Οἶδας
480 2809 635 2858 ποῖον
717 2809 945 2879 πρᾶγμα
1030 2810 1276 2878 γενναῖον
1369 2804 1573 2881 εἷράσω
1626 2807 1702 2870 εἰς
1761 2805 1903 2878 έμέ;

254 2894 466 2954 Ὄντως
521 2893 656 2948 κατὰ
710 2901 811 2962 τῆς
867 2895 1062 2949 ἑαυτοῦ
1118 2897 1364 2972 κεφαὶῆς
1421 2900 1585 2950 τοῦτο
1618 2895 1902 2965 ἐποίησας.

248 2985 336 3056 Τῇ
399 2979 456 3037 δὲ
512 2981 771 3057 ἐπαύριον
827 2977 1252 3059 προσϐαλόντων
1303 2988 1411 3039 τῶν
1465 2990 1795 3059 Σαρακηνῶν
1826 2990 1905 3057 τῷ

238 3071 418 3146 τείχει
467 3072 556 3126 καὶ
610 3071 863 3146 πολέμου
914 3071 1289 3145 κροτηθὲντος.
1334 3070 1556 3148 δραμὼν
1592 3073 1666 3136 εἰς
1697 3074 1760 3129 τὸ
1790 3079 1905 3130 τεῖ-

2030 2020 2164 2058 cum
2193 2006 2260 2057 85
2290 2005 2558 2060 millibus
2609 2005 2979 2060 subsecutus.
3036 2006 3248 2059 Verum
3300 2005 3358 2058 hi
3402 2004 3505 2060 diu
3529 2005 3678 2058 unbe

2028 2098 2386 2164 oppugnata.
2419 2110 2847 2164 murorumque
2897 2093 3167 2165 partibus
3198 2093 3463 2164 dejectis,
3497 2109 3677 2164 appa-

2026 2182 2241 2237 ritione
2272 2188 2615 2238 sanctorum
2657 2183 2757 2254 qui
2790 2182 2870 2237 ibi
2901 2182 3180 2238 coluntur
3207 2184 3448 2237 Patrum
3480 2183 3678 2237 deter-

2024 2271 2120 2324 riti
2151 2288 2215 2325 re
2246 2271 2463 2326 infecta
2495 2272 2747 2342 turpiter
2787 2271 3208 2326 discesserunt.
3241 2271 3490 2336 Quidam
3521 2274 3676 2326 Con-

2023 2359 2681 2426 stantinus,Artabasdi
2739 2365 2978 2426 strator,
3037 2359 3358 2430 imaginem
3410 2359 3675 2431 Deiparaa

2021 2455 2273 2504 stantem
2294 2454 2842 2520 cernens,correpto
2867 2447 3060 2519 lapide
3075 2448 3245 2519 petiit
3263 2447 3674 2519 dejectamque

2020 2540 2405 2596 conculcavit.
2433 2540 2535 2595 Cui
2571 2539 2820 2595 Domina
2857 2556 2964 2610 per
3013 2539 3298 2593 visionem
3331 2539 3539 2607 astitit,
3572 2539 3678 2594 ob-

2017 2630 2427 2700 nuntiavitqne
2453 2629 2720 2700 praeclari
2746 2629 2923 2698 hujus
2946 2628 3008 2682 in
3033 2629 3224 2698 ipsam
3255 2628 3535 2683 facinoris
3565 2645 3676 2685 suo

2018 2735 2153 2774 eum
2187 2719 2378 2790 capite
2411 2735 2613 2790 poenas
2661 2718 2959 2773 daturum.
3011 2717 3302 2771 Postridie
3344 2718 3541 2788 itaque
3570 2719 3675 2774 Sa-

2016 2809 2247 2863 racenis
2278 2825 2514 2862 murum
2547 2801 3045 2879 oppugnantibus,
3071 2811 3129 2860 et
3157 2806 3478 2860 certamine
3518 2808 3664 2862 797

2015 2896 2361 2964 commisso,
2393 2896 2576 2950 miser
2623 2897 2684 2950 in
2742 2911 2976 2950 murum
3017 2910 3356 2961 accurrens,
3390 2895 3669 2950 tormenti

2015 2985 2210 3056 lapide
2242 2991 2418 3056 caput
2438 2985 2768 3055 faciemque
2792 2983 3100 3047 contritus,
3132 2982 3371 3054 dignam
3404 3001 3524 3038 suae
3557 2984 3666 3038 im-

2013 3074 2251 3146 pietatis
2282 3073 2614 3129 mercedem
2647 3073 2802 3128 tulit.

236 3181 345 3235 χος
380 3162 409 3215 6
444 3160 794 3236 ταλαίπωρος
827 3160 1090 3237 βάλλεται
1122 3167 1202 3234 τῷ
1231 3161 1290 3218 ἐκ
1315 3167 1415 3217 τοῦ
1449 3168 1784 3240 μαγγανικοῦ
1816 3162 1954 3235 λίθῳ
1981 3166 2114 3236 (62),
2138 3162 2196 3224 ὅς
2224 3161 2534 3238 συνέτριψεν
2565 3160 2730 3216 αὒτοῦ
2758 3161 2859 3229 τήν
2885 3160 3126 3238 κεφαλὴν
3157 3159 3246 3214 καὶ
3267 3159 3331 3215 τὸ
3360 3160 3655 3233 πρόσωπον

243 3249 396 3319 ἄξιον
429 3257 527 3318 τῆς
553 3251 722 3305 αὐτοῦ
753 3247 1062 3312 δυσσεϐείας
1091 3251 1458 3325 κομισάμενος
1488 3252 1550 3306 τὸ
1574 3249 1950 3324 ἀνταπόδομα.

311 3341 374 3395 Ὁ
410 3338 592 3412 μέντοι
639 3337 896 3414 βασιλεὺς
955 3338 1102 3395 Λέων
1157 3341 1220 3395 οὐ
1281 3342 1445 3413 μόνον
1477 3340 1601 3414 περί
1630 3341 1729 3409 τήν
1763 3359 1892 3416 σχεο

2071 3341 2241 3396 Enim
2271 3356 2408 3394 vero
2449 3339 2771 3411 imperator
2802 3339 2913 3394 Leo
2955 3355 3074 3394 non
3107 3343 3336 3395 tantum
3363 3339 3426 3395 in
3456 3356 3656 3395 errore

239 3430 400 3497 τικήν
448 3431 559 3483 τῶν
620 3433 828 3483 σεπτῶν
909 3428 1132 3484 εἰκόνων
1190 3431 1218 3485 6
1272 3425 1536 3498 δυσσεϐὴς
1594 3429 1892 3509 ἐσφάλλετο

242 3516 635 3592 προσκύνησιν,
695 3515 841 3572 ἀλλὰ
897 3519 988 3572 καὶ
1067 3519 1190 3592 περὶ
1275 3523 1381 3574 τῶν
1438 3514 1737 3595 πρεσϐειῶν
1793 3527 1895 3589 τῆς

235 3607 518 3684 πανάγνου
577 3605 844 3662 Θεοτόκου
901 3607 992 3663 καὶ
1045 3609 1262 3664 πάντων
1316 3613 1425 3664 τῶν
1485 3610 1678 3685 ἁγίωνο
1711 3609 1899 3664 καὶτὰ

235 3696 474 3769 λείψανα
512 3694 571 3751 δὶ
617 3700 724 3750 τῶν
785 3695 954 3772 ἁγίων
1001 3699 1028 3752 6
1076 3699 1425 3773 παμμίαρος,
1455 3699 1530 3761 ὡς
1559 3699 1610 3754 οἱ
1642 3696 1894 3754 διδασκα-

237 3784 540 3841 λοιαύτοῦ
598 3781 855 3860 Ἄραϐες.
913 3782 1286 3846 ἐϐδελύττετο.
1344 3791 1446 3847 Ἐκ
1499 3787 1659 3844 τοῦδε
1713 3788 1895 3845 τοίνυν

239 3881 341 3930 τοῦ
399 3876 606 3950 χρόνου
664 3872 900 3938 ἀναιδῶς
957 3881 1038 3947 τῷ
1110 3876 1359 3952 μακαρίῳ
1413 3883 1671 3954 Γερμανῷ
1728 3898 1900 3952 προσ-

243 3959 514 4034 ετρίϐετο,
581 3963 640 4020 ὃν
706 3985 794 4020 και
873 3964 1364 4037 μεταστειλάμενος
1429 3966 1629 4041 ἧρξατο
1695 3965 1898 4041 λόγους

245 4053 398 4114 τινας
453 4058 621 4108 κινεῖν
674 4054 792 4125 μεθ’
847 4053 1114 4116 ὑπουλίας
1169 4056 1260 4110 καὶ
1318 4057 1737 4133 καταγινώσκειν
1770 4056 1898 4112 πάν-

243 4163 354 4196 των
387 4145 494 4196 τῶν
529 4142 634 4216 πρὸ
676 4140 842 4197 αὐτοῦ
893 4143 1160 4217 βασιλέων
1209 4145 1297 4199 καὶ
1337 4144 1524 4220 ἱερέων
1558 4146 1632 4207 ὡς
1671 4144 1901 4202 εἰδωλο-

249 4228 636 4304 λατρησάντων
667 4230 720 4284 ἐν
765 4235 829 4305 τῇ
873 4235 1232 4305 προσκυνήσει
1291 4239 1398 4288 τῶν
1455 4233 1622 4309 ἁγίων
1655 4235 1896 4290 εἰκόνων.

245 4322 310 4377 'O
345 4317 400 4374 δὲ
455 4319 620 4393 μέγας
672 4315 773 4397 ἔφη
834 4323 1126 4395 Γερμανός·
1178 4323 1470 4392 1Ἄκουσον,
1506 4322 1753 4399 βασιλεῦ.
1786 4327 1900 4382 Τοῦ

246 4409 453 4481 Κυρίου
482 4409 643 4481 ἡμῶν
677 4409 859 4478 Ἰησοῦ
890 4413 1132 4484 Χριστοῦ
1190 4409 1280 4467 διὰ
1323 4413 1522 4485 σαρκὸς
1552 4413 1901 4492 ἐπιφανέντος

239 4501 384 4551 πᾶσα
416 4494 819 4574 εἰδωλολατρία
851 4497 1096 4555 ἐκποδὼν
1152 4499 1342 4578 γέγονε
1399 4503 1485 4558 καὶ
1542 4507 1645 4557 πᾶν
1679 4501 1902 4579 ἄγαλμα

241 4583 533 4642 εἰδωλικόν
586 4587 877 4664 ἠφάνισται
934 4589 1025 4644 καὶ
1079 4587 1517 4664 ἐξωστράκισται,
1553 4591 1628 4653 ὥς
1677 4613 1838 4670 φησιν
1873 4594 1900 4648 6

2002 3430 2073 3485 de
2097 3429 2568 3485 venerandamm
2590 3428 2916 3500 imaginum
2938 3427 3138 3483 debita
3159 3428 3505 3484 adoratione
3527 3446 3658 3484 ver-

2003 3525 2164 3576 satus
2194 3525 2303 3586 est,
2334 3517 2437 3573 sed
2481 3517 2661 3573 etiam
2687 3517 2758 3572 de
2794 3518 3056 3589 Deiparaa
3097 3517 3486 3589 omniumque
3518 3535 3650 3574 san-

2003 3616 2234 3664 ctorum
2258 3607 2786 3662 intercessionibus
2819 3607 2994 3677 impie
3045 3607 3250 3670 sensit,
3286 3613 3658 3662 sanctorum-

2005 3715 2118 3769 que
2151 3697 2433 3768 reliquias
2467 3713 2630 3752 more
2664 3695 2922 3750 Arabum
2954 3711 3197 3750 suorum
3229 3701 3661 3767 praeceptorum

2005 3787 2384 3843 abominatus
2415 3791 2523 3841 est.
2549 3785 2636 3840 Ab
2659 3800 2728 3838 eo
2753 3785 2952 3855 itaque
2979 3789 3245 3854 tempore
3278 3783 3664 3855 impudenter

2005 3877 2175 3932 beato
2207 3878 2497 3932 Germano
2529 3874 2798 3930 infensus
2829 3872 2960 3928 fuit.
2996 3873 3231 3928 Vocavit
3261 3889 3496 3944 quoque
3529 3891 3664 3930 eum

2005 3967 2077 4022 ad
2109 3982 2191 4031 se,
2228 3965 2511 4034 illatoque
2544 3961 2792 4017 subdole
2841 3977 3138 4029 sermone,
3171 3961 3452 4017 damnare
3483 3962 3657 4034 ccepit

2005 4070 2212 4109 omnes
2243 4053 2344 4124 qui
2399 4069 2460 4106 se
2520 4049 2983 4106 antecessissent
3034 4050 3422 4120 imperatores
3477 4056 3655 4121 atque

2005 4142 2316 4214 pontiﬁces
2389 4138 2547 4211 quod
2593 4139 2634 4193 ii
2695 4138 3053 4209 imaginibus
3094 4139 3278 4193 sacris
3307 4138 3648 4204 adorandis,

2005 4231 2231 4286 cultum
2257 4228 2368 4284 soli
2388 4228 2506 4283 Deo
2532 4227 2817 4291 debitum,
2845 4227 3023 4297 impie
3046 4226 3162 4281 alio
3187 4227 3655 4282 transtulissent.

2006 4319 2093 4375 Ad
2118 4320 2244 4374 haec
2271 4333 2518 4389 magnus
2541 4316 2641 4370 ille
2664 4317 2989 4370 Germanus
3011 4333 3024 4371 :
3045 4315 3216 4379 Audi,
3243 4315 3452 4386 inquit,
3478 4315 3662 4386 impe-

2007 4415 2188 4465 rator.
2221 4407 2451 4462 Christo
2506 4405 2566 4460 in
2624 4421 2800 4460 carne
2845 4403 3127 4472 exhibito,
3161 4420 3354 4459 omnis
3381 4404 3661 4475 profano-

2006 4517 2140 4556 rum
2176 4496 2632 4554 simulacrorum
2663 4493 2858 4549 cultus
2893 4493 3169 4562 abolitus,
3206 4493 3520 4564 omnisque
3552 4493 3660 4549 im-

2006 4590 2105 4661 pia
2134 4588 2325 4660 imago
2360 4584 2596 4640 sublata
2626 4589 2714 4638 est
2745 4588 2804 4638 et
2833 4583 3094 4654 explosa.
3119 4582 3423 4648 Quomodo
3454 4583 3664 4639 Zacha-

243 4677 535 4753 προφήτης
565 4681 860 4750 Ζαχαριας.
903 4677 1010 4746 ὃτι,
1066 4678 1223 4754 Λέγει
1265 4677 1460 4752 Κύριος
1494 4675 1747 4744 Σαϐαώθ·
1780 4681 1902 4751 Ἐξ-

2011 4679 2128 4734 rias
2184 4681 2345 4732 vates
2399 4673 2693 4747 prmdixit,
2755 4673 2850 4730 Sic
2926 4673 3028 4740 ait,
3087 4672 3317 4739 dicens,
3374 4673 3662 4729 Dominus

245 4761 562 4836 ολοθρεύσω
591 4764 660 4818 τὰ
689 4764 931 4837 ὀνόματα
964 4769 1074 4820 τῶν
1105 4763 1351 4822 εἰδώλων
1385 4767 1491 4822 ἀπὸ
1520 4775 1620 4836 τῆς
1653 4775 1776 4843 γῆς,
1810 4769 1900 4824 καὶ

245 4853 429 4907 οὐκέτι
462 4853 641 4908 αὐτῶν
696 4851 839 4909 ἔσται
903 4857 1082 4927 μνεία,
1117 4854 1237 4927 [Ιλὴ
1291 4857 1392 4925 τήν
1432 4857 1741 4932 καθαίρεσιν
1790 4863 1898 4914 τῶν

237 4941 401 5015 ἱερῶν
471 4938 696 4996 εἰκόνων
755 4941 1023 5015 ἀκούομεν
1083 4942 1304 5016 μέλλειν
1361 4941 1597 5015 ἔσεσθαι,
1649 4944 1902 5001 ἀλλὀὐκ

239 5028 331 5084 ἐπὶ
388 5035 492 5098 τῆς
556 5035 654 5098 σῆς
717 5031 1017 5107 βασιλείας.
1073 5033 1186 5089 Τοῦ
1243 5030 1300 5089 δὶ
1364 5030 1691 5109 βιασαμένου
1732 5034 1901 5090 εἰπεῖν

239 5115 330 5172 ἐπὶ
360 5117 542 5187 ποίας,
575 5116 676 5192 ἔφη
711 5120 740 5174 6
772 5118 949 5195 ἅγιος·
993 5122 1117 5176 Ἐπὶ
1170 5123 1447 5185 Κόνωνος.
1479 5123 1539 5180 Ὁ
1570 5120 1628 5178 δὲ
1659 5123 1899 5198 ἀποκρι-

241 5207 354 5269 θεὶς
411 5204 535 5284 ἔφη·
597 5209 809 5271 Ὄντως
865 5207 977 5285 ἐγώ
1035 5209 1170 5285 εἰμι·
1230 5213 1390 5266 τοῦτο
1440 5211 1540 5288 γαρ
1571 5211 1683 5267 ἰστι
1713 5213 1775 5268 τὸ
1811 5213 1904 5290 βα-

314 5324 362 5360 ²³
393 5325 563 5382 Zach.
598 5343 722 5394 XIII,
754 5331 807 5382 2.

2008 4767 2375 4823 exercituum
2396 4782 2408 4820 :
2433 4762 2784 4818 Exscindam
2812 4779 2842 4817 e
2871 4767 3027 4818 terra
3048 4762 3296 4818 nomina
3322 4763 3664 4819 simulacro-

2004 4873 2160 4916 rum.
2194 4870 2388 4926 neque
2434 4853 2556 4908 ulla
2606 4853 2666 4908 in
2715 4857 3018 4924 posterum
3054 4852 3165 4907 erit
3198 4869 3403 4908 eorum
3435 4868 3662 4908 memo-

2006 4945 2096 5000 ria
2117 4943 2185 4998 ”.
2219 4943 2510 4998 Craterum
2534 4955 2732 4996 sacras
2754 4955 2988 5012 quoque
3013 4939 3302 5011 imagines
3323 4940 3658 4995 audivimus

2008 5033 2296 5091 abolitum
2328 5032 2422 5098 iri,
2456 5047 2577 5086 non
2609 5035 2809 5086 tamen
2839 5035 2895 5086 te
2927 5030 3282 5100 imperante.
3316 5031 3386 5084 Et
3416 5034 3656 5086 coactus

2007 5125 2079 5181 ab
2102 5125 2480 5195 imperatore,
2501 5137 2636 5176 eum
2658 5120 2986 5183 nominare,
3014 5137 3129 5191 quo
3166 5135 3363 5174 rerum
3395 5117 3658 5190 potiente

2007 5213 2120 5270 hoc
2152 5217 2310 5268 esset
2363 5210 2631 5268 futurum
2660 5224 2674 5263 :
2734 5209 3059 5279 Cononem,
3092 5207 3257 5264 dixit.
3313 5208 3466 5264 Tum
3497 5207 3608 5264 Leo
3640 5220 3655 5260 :

1441 5420 1802 5476 XYLANDRI
1841 5422 1928 5476 ET
1965 5419 2179 5476 GOABI
2218 5417 2441 5472 ΝΟΤΑΞ.

237 5586 279 5639 G
286 5513 327 5638 ἐ
337 5514 426 5638 61:)
458 5510 818 5585 Ἰπποκόμος,
844 5518 943 5586 qui
968 5532 1231 5587 equorum
1264 5533 1450 5573 curam
1483 5521 1646 5588 gerit,
1674 5519 1903 5590 equiso.

324 5603 353 5638 Α
403 5625 414 5637 .

286 5600 425 5725 Οξίὃέᾗ
455 5657 713 5730 Apparet
733 5657 1072 5714 machinam
1103 5659 1187 5715 sic
1219 5675 1449 5729 vocare,
1474 5676 1604 5733 quae
1628 5677 1907 5735 magnum

488 5774 751 5837 ΡΑτιιῠι.
799 5776 909 5837 Gn.
956 5775 1162 5839 CXXI.

2016 5515 2276 5589 lapidem
2315 5511 2555 5589 funibus
2605 5515 2886 5589 contenta
2931 5515 3256 5589 torqueret.
3310 5513 3662 5589 Mangonem

2018 5582 2185 5643 vo'cat
2203 5584 2414 5640 Paulus
2433 5583 2743 5654 Diaconus,
2768 5583 2806 5637 1.
2831 5599 2946 5652 xxv,
2967 5599 3148 5654 prope
3171 5583 3245 5638 ad
3266 5583 3507 5639 verbum
3529 5582 3663 5654 hoc,

2019 5667 2085 5716 ut
2112 5659 2418 5732 pleraque,
2449 5653 2733 5710 referens.
2766 5655 2903 5710 XYL.
