4108 6300
349 402 471 462 8'77

1490 389 2044 454 HISTORIARUM
2087 391 2253 453 COM
2262 390 2655 457 PENDIUM.

3646 396 3767 456 878

358 535 574 610 σμὲνων
608 529 889 609 ἀριδήλως
947 527 1188 604 ἐλέγχει.
1230 527 1318 584 Ἐν
1378 523 1437 581 δὲ
1489 529 1560 601 τῇ
1611 524 1750 581 κατὰ
1806 524 2037 598 Συρίαν⁴

2148 527 2489 585 nathemate
2512 528 2690 593 feriit,
2713 527 3253 601 imperatoremque
3275 528 3479 585 multis
3501 530 3769 602 epistolis

359 627 634 697 Δαμασκῷ
660 622 928 691 Ἰωάννης
968 618 1211 694 μοναχὸς
1238 617 1327 672 καὶ
1387 610 1774 691 πρεσϐύτερος,
1818 616 1846 670 ὁ
1878 617 2017 690 γρυ-

362 713 597 790 σορῥόας
621 715 736 785 (68)
766 712 795 766 6
837 713 935 766 τοῦ
994 705 1274 780 Μανσοὺρ,
1324 706 1355 760 6'
1404 704 1754 781 ἑρμηνεύεται
1795 705 2019 782 Λέντρα-

363 799 486 869 6ος,
527 803 692 876 ὅνπερ
724 801 752 857 6
780 793 1045 869 δυσσεϐὴς
1075 798 1305 868 Μανζὴρ
1359 792 1645 868 Ἰουδαῖκῷ
1702 797 2013 872 φρονήματι

344 891 770 968 μετωνόμασεν.
803 889 977 951 Οὗτος
1008 888 1036 943 6
1069 885 1216 946 ὅσιος
1234 883 1488 955 Ἰωάννης
1511 884 1601 938 καὶ
1630 881 1880 958 μελῳδὸς
1903 886 2013 959 (69)

363 981 664 1054 ὠνομάσθη
699 977 835 1051 μετὰ
890 979 1084 1047 Κοσμᾶ
1123 971 1404 1045 ἐπισκόπῳ
1453 976 1550 1027 τοῦ
1610 977 1868 1046 Μαῖουμᾶ
1924 974 2015 1028 καὶ

368 1068 677 1148 Θεοφάνους
708 1061 947 1140 ἀδελφοῦ
978 1058 1262 1136 Θεοδώρου
1290 1063 1398 1115 τῶν
1448 1063 1727 1137 γραπτῶν’
1757 1064 1894 1133 (70),
1927 1057 2015 1116 διὰ

362 1159 431 1215 τὸ
454 1147 650 1219 αὖτοὺς
688 1150 1007 1229 μελῳδῆσαι
1033 1150 1101 1205 τὰ
1129 1148 1181 1205 ἐν
1233 1154 1352 1212 ταῖς
1395 1147 1709 1219 ἐκκλησίαις
1740 1154 1848 1205 τῶν
1882 1151 2017 1223 Χρι-

367 1252 600 1304 στιανῶν
657 1243 1007 1317 τετυπωμὲνα
1088 1238 1412 1314 ψάλλεσθαι’
1470 1239 1536 1308 ἧν
1620 1239 1721 1314 γὰρ
1780 1239 1808 1294 6
1866 1239 2017 1314 ἅγιος

361 1337 626 1405 Ἰωάννης
656 1334 822 1394 οὗτος
849 1334 930 1404 τῷ
957 1350 1015 1384 τε
1064 1330 1171 1404 βίῳ
1207 1329 1297 1383 καὶ
1348 1331 1428 1400 τῷ
1484 1326 1638 1402 λόγῳ
1689 1324 2018 1391 διδάσκαλος

360 1427 606 1505 ἄριστος,
661 1423 839 1494 πάσης
898 1422 1150 1496 γνώσεως
1199 1419 1345 1483 θείας
1399 1438 1457 1473 τε
1524 1418 1613 1472 καὶ
1673 1418 2019 1493 ἀνθρωπίνης

366 1512 847 1590 ἐμπεπλησμένος.
880 1508 1064 1568 Ἀλλᾶ
1090 1507 1367 1583 Γερμανὸν
1425 1508 1519 1581 μεν
1574 1506 1648 1569 ὡς
1718 1507 1806 1561 ὑπ’
1858 1507 2014 1563 αὐτὸν

363 1604 496 1663 ὅντα
527 1607 555 1661 6
589 1603 737 1660 Λέων
772 1598 1031 1657 ἐκϐάλλει
1084 1603 1185 1654 τοῦ
1234 1598 1455 1672 θρόνου,
1514 1596 1572 1661 ὅς
1626 1598 1689 1653 τὸ
1721 1596 2014 1676 ὡμότρορον

362 1699 420 1754 ἐν
449 1700 518 1771 τῇ
567 1692 690 1770 ἁγίᾳ
745 1690 986 1766 τραπὲζῃ
1051 1696 1146 1757 τῆς
1204 1686 1470 1764 Μεγάλης
1533 1686 1860 1758 Ἐκκλησέας
1908 1688 2016 1753 θεῖς

367 1785 672 1855 ἀπετάξατο
701 1786 771 1857 τῇ
799 1778 1065 1855 ἱερωσύνῃ
1120 1776 1210 1832 καὶ
1260 1777 1637 1857 ὑπεχώρησεν.
1688 1778 1749 1834 Ὀ
1782 1774 1839 1832 δὲ
1895 1780 2015 1833 θεο-

371 1876 553 1951 μάχος
578 1872 688 1928 ἀντ’
720 1871 883 1927 αὐτοῦ
908 1870 1214 1943 χειροτονεῖ
1266 1865 1618 1923 Ἀναστάσιον
1670 1867 1761 1922 τὸν
1811 1865 2013 1942 προλε-
2049 1904 2095 1969 Β

364 1966 566 2024 χθέντα
597 1961 926 2037 σῦγκελλον,
962 1957 1284 2032 συνθέμενον
1328 1960 1397 2031 τῇ
1430 1953 1613 2014 ἀσεϐεῖ
1640 1957 1803 2015 αὐτοῦ
1838 1959 2015 2033 βουλῇ

366 2056 460 2112 καὶ
491 2053 716 2130 αἱρέσει.
749 2051 811 2108 Ὀ
839 2047 897 2104 δὲ
946 2047 1097 2108 ὅσιος
1158 2047 1426 2120 Γερμανὸς
1485 2047 1571 2119 [Ρ.
1629 2048 1761 2120 457]
1809 2044 2023 2123 ἐξερχὸ.

375 2165 535 2220 μενος
580 2142 697 2217 μεθ’
754 2138 949 2214 ἐτέρων
1008 2132 1405 2191 διδισκαλικῶν
1465 2131 1651 2210 λόγων
1712 2130 1836 2211 ἔφη·
1897 2136 2023 2193 Ἐάν

370 2234 487 2307 εἶμι
520 2232 632 2308 ἐγὼ
664 2230 873 2299 Ἰωνᾶς,
909 2222 1143 2302 βάλλετὲ
1197 2243 1263 2296 με
1318 2222 1394 2284 εἰς
1448 2224 1548 2293 τὴν
1581 2221 1873 2287 θάλασσαν·
1907 2242 2021 2301 χω.

371 2325 458 2399 ρῖς
489 2322 596 2397 γὰρ
657 2317 1042 2391 οἱκουμενικῆς
1091 2309 1318 2368 συνόδου
1368 2319 1767 2399 καινοτομῆσαι
1824 2314 2029 2387 πίστιν,

373 2398 420 2467 ὦ
481 2407 732 2486 βασιλεῦ,
791 2403 1062 2461 ἆδυνατῶ.
1122 2401 1228 2457 Καὶ
1283 2398 1533 2464 ἀπελθὼν
1587 2398 1640 2456 ἐν
1687 2405 1766 2475 τῷ
1824 2406 2028 2478 γονικῷ

371 2500 539 2556 αὐτοῦ
571 2496 709 2570 οἴκῳ
737 2498 835 2551 τοῦ
868 2490 1167 2549 Πλατανίου
1197 2491 1494 2566 ἡσύχασεν,
1543 2487 1899 2568 ἀρχιερεῦσας
1928 2487 2024 2564 ἔτη

380 2587 449 2645 ιδ’
483 2594 654 2663 μῆνας
686 2586 723 2641 ε’
744 2582 954 2660 ἡμέρας

451 2858 545 2928 Τῷ
580 2851 646 2909 ιδ’
676 2846 805 2921 ἔτει,
861 2849 1247 2926 ἐπεστράτευσε
1290 2847 1599 2922 Μάσαλμας
1628 2854 1697 2925 τῇ
1726 2851 2030 2924 Ῥωμανίᾳ,

378 2943 472 3003 καί
505 2943 680 3000 ἐλθὼν
714 2941 790 3005 εἲς
824 2937 1212 2999 Καππαδοκίαν
1254 2933 1531 3017 παρέλαϐε
1574 2935 1726 3015 δόλῳ
1768 2940 1828 2995 τὸ
1883 2944 2031 3016 Χαρ-

382 3035 567 3091 σιανὸν
588 3035 844 3109 κάπρον.

362 3220 368 3226 .
456 3217 544 3287 Τῷ
580 3217 648 3277 ις’
678 3208 783 3267 ἔτει
815 3209 964 3265 Λέων
1015 3210 1043 3264 6
1088 3206 1344 3285 βασιλεὺς
1392 3209 1494 3277 τήν
1551 3208 1816 3287 θυγατέρα
1868 3209 2036 3289 χαγά-

377 3326 478 3360 νου
503 3306 602 3358 τοῦ
630 3306 739 3357 τῶν
793 3300 1010 3356 Σκυθῶν
1062 3294 1324 3354 δυνάστου
1380 3302 1458 3370 τῷ
1512 3299 1615 3371 υἱῷ
1647 3298 2037 3373 Κωνσταντῖνῳ

377 3391 772 3469 ἐνυμφεῦσατο,
804 3391 1041 3460 ποιήσας
1079 3388 1248 3458 αὐτὴν
1297 3390 1633 3465 Χριστιανὴν
1677 3389 1768 3445 καὶ
1830 3388 2032 3463 ὀνομά-

385 3504 481 3545 σας
538 3481 795 3555 Εἶρήνην·
856 3478 979 3548 ἣτις
1048 3476 1357 3552 ἐκμαθοῦσα
1403 3477 1469 3532 τὰ
1546 3479 1666 3553 ἱερά
1735 3479 2037 3555 Γράμματα

385 3571 672 3645 διέπρεψεν
732 3568 784 3622 ἐν
867 3561 1129 3638 εὐσεϐείᾳ,
1187 3568 1288 3636 τήν
1332 3571 1441 3621 τῶν
1499 3566 1667 3622 ἀθὲων
1728 3563 2035 3624 δυσσέϐειαν

386 3661 714 3735 ἐλέγχουσα.
751 3659 813 3715 Ὀ
843 3653 901 3711 δὲ
933 3653 1190 3732 βασιλεὺς
1236 3654 1487 3728 ἐμαίνετο
1547 3657 1683 3713 κατά
1731 3661 1828 3714 τοῦ
1884 3660 2038 3714 πάπα

385 3751 478 3805 καὶ
534 3755 632 3818 τῆς
679 3744 1030 3807 ἀποστάσεως
1069 3745 1297 3817 Ῥώμης
1352 3745 1445 3801 καὶ
1502 3745 1757 3817 Ἰταλίας,
1816 3748 1903 3802 καὶ
1955 3747 2037 3819 ἐξ·

387 3838 619 3902 οπλίσας
648 3834 846 3891 στόλον
881 3834 1046 3909 μὲγαν
1079 3832 1363 3890 ἀπέστειλε
1392 3841 1507 3890 κατ’
1533 3833 1732 3896 αὐτῶν,
1760 3837 2035 3913 ᾙσχόνθη

391 3928 450 3984 δὲ
481 3929 509 3983 ὁ
535 3927 761 4001 μάταιος
798 3925 1202 4000 ναυαγήσαντος
1234 3927 1330 3978 τοῦ
1390 3923 1590 3981 στόλου
1620 3924 1697 3988 εἰς
1721 3927 1783 3980 τὸ
1816 3924 2038 4001 Ἀδρια-

389 4019 544 4075 τικὸν
596 4015 855 4091 πὲλαγος.
910 4012 1191 4087 Ἐκμανεὶς
1245 4014 1340 4069 οὗν
1397 4013 1484 4070 ἐπὶ
1553 4017 1733 4088 τούτῳ
1768 4014 1951 4085 ,πλέον
2011 4017 2040 4072 ὁ

394 4107 679 4185 θεομάχος
712 4104 914 4183 φόρους
942 4102 1253 4181 κεφαλικῶς
1282 4108 1361 4175 τῷ
1405 4103 1573 4179 τρίτῳ
1606 4104 1756 4177 μέρει
1790 4103 2044 4171 Σικελίας

391 4196 484 4255 καὶ
516 4189 835 4269 Καλαϐρίας
889 4196 986 4248 τοῦ
1038 4196 1175 4247 Δ.αοῦ
1232 4190 1477 4262 ἐπέθηκε.
1538 4192 1618 4250 Τὰ
1666 4189 1724 4247 δὲ
1773 4191 2044 4267 λεγόμενα

392 4285 747 4361 πατριμώνια
776 4286 885 4338 τῶν
916 4281 969 4338 ἐν
1006 4283 1192 4357 Ῥώμῃ
1251 4287 1393 4337 ναῶν
1447 4287 1555 4338 τῶν
1603 4281 1770 4357 ἁγίων
1800 4282 1889 4337 καὶ
1949 4303 2046 4338 κο-

396 4375 637 4456 ρυφαίων
695 4372 1021 4429 ἀποστόλων
1103 4367 1335 4429 ἔκπαλαι
1403 4370 1727 4445 τελούμενα,
1804 4372 2044 4431 τάλαντα

2117 621 2175 671 et
2194 634 2228 673 a
2251 618 2456 672 multis
2483 617 2651 672 lectis
2679 617 2996 673 manifesto
3022 618 3343 691 redarguit.
3370 620 3640 677 Damasci
3672 621 3771 693 Sy-

2116 706 2219 761 rias
2249 706 2363 761 fuit
2390 707 2648 762 Joannes
2678 708 3006 762 monachus
3037 712 3097 763 et
3123 708 3453 781 presbyter,
3477 709 3769 782 Chrysor-

2118 797 2296 851 rboas
2327 801 2741 870 cognomento,
2783 797 3070 851 Mansuris
3129 796 3307 861 ﬁlius,
3366 798 3525 868 quod
3569 800 3765 856 Graece

2120 890 2293 941 sonat
2312 884 2685 945 Lentrabum.
2713 901 2890 955 quem
2916 885 3134 957 impius
3153 887 3391 942 Judaico
3420 904 3597 944 sensu
3612 892 3763 945 Man-

2119 992 2310 1030 zerem
2343 974 2677 1047 appellavit.
2711 973 2815 1028 Hic
2845 974 2899 1029 S.
2931 975 3209 1041 Joannes,
3238 991 3360 1031 una
3388 993 3523 1032 cum
3554 978 3768 1034 Cosma

2122 1063 2472 1136 Majumensi
2503 1063 2779 1135 episcopo
2811 1066 2868 1117 et
2896 1062 3249 1133 Theophane
3275 1063 3453 1119 fratre
3477 1066 3765 1121 Theodori

2123 1154 2474 1225 Graptorum
2510 1151 2793 1223 episcopi,
2853 1149 3069 1206 melodi
3128 1151 3247 1205 sive
3303 1157 3571 1208 cantores
3630 1160 3769 1209 sunt

2125 1242 2510 1315 agnominati,
2543 1256 2612 1296 eo
2645 1240 2803 1312 quod
2853 1239 3127 1295 melodiis
3177 1241 3772 1313 comprehendissent

2126 1347 2224 1386 eas
2250 1330 2580 1386 cantilenas
2606 1345 2736 1401 qua:
2783 1329 2845 1383 in
2883 1328 3151 1385 ecclesiis
3173 1330 3640 1387 Christianorum
3674 1332 3772 1389 ca-

2123 1427 2368 1488 nuntur,
2400 1424 2579 1493 prout
2602 1419 2674 1476 ab
2706 1419 2791 1474 eis
2823 1420 3166 1492 compositae
3194 1420 3582 1493 formataaque
3611 1429 3770 1481 sunt.

2126 1512 2264 1565 Erat
2295 1509 2453 1564 enim
2495 1510 2552 1565 S.
2585 1509 2680 1563 hic
2709 1510 2966 1563 Joannes
2997 1514 3054 1563 et
3083 1510 3202 1564 vita
3234 1516 3292 1564 et
3328 1512 3593 1568 oratione
3646 1530 3776 1569 ma-

2123 1600 2304 1671 gister
2331 1598 2611 1669 optimus,
2642 1597 2804 1651 omni
2827 1597 3024 1652 divina
3042 1598 3422 1672 humanaque
3439 1602 3776 1673 cognitione

2123 1687 2407 1758 repletus.
2442 1685 2553 1740 Sed
2583 1687 2941 1740 Germanum
2973 1685 3216 1756 quidem
3246 1688 3358 1743 Leo
3389 1694 3456 1743 ut
3499 1707 3619 1744 suas
3668 1708 3775 1761 po-

2123 1776 2322 1832 testati
2354 1775 2658 1831 subditum
2693 1774 3045 1847 patriarchas
3101 1776 3250 1831 solio
3299 1777 3536 1848 dejecit.
3597 1780 3772 1851 Isque

2125 1865 2432 1921 humerale
2454 1864 2516 1920 in
2547 1880 2713 1920 sacra
2744 1881 2951 1920 mensa
2989 1866 3176 1938 Magni
3205 1867 3430 1938 Templi
3463 1869 3771 1940 deponens

2128 1954 2445 2027 resignavit
2468 1969 2683 2008 munus
2702 1970 2874 2008 suum
2897 1959 3073 2025 atque
3104 1954 3392 2011 discessit.
3424 1957 3771 2029 Impiusque

2129 2044 2239 2100 Leo
2271 2044 2323 2099 ei
2356 2043 2591 2098 suﬂ'ecit
2616 2042 2995 2098 Anastasium
3027 2044 3356 2117 syncellum
3379 2046 3560 2118 impio
3584 2047 3773 2118 ipsius

2129 2132 2374 2189 consilio
2405 2137 2463 2187 et
2494 2132 2705 2187 haeresi
2735 2132 3232 2188 consentientem.
3266 2134 3609 2206 Digrediens
3639 2153 3774 2192 vero

2132 2223 2458 2277 Germanus
2484 2219 2641 2274 inter
2655 2219 2773 2274 alia
2793 2219 2868 2274 ad
2895 2219 3229 2275 docendum
3252 2223 3581 2292 composita
3599 2223 3779 2279 verba

2129 2311 2242 2366 hoc
2269 2325 2504 2380 quoque
2524 2308 2675 2363 dixit
2697 2326 2711 2363 :
2738 2308 2793 2362 Si
2817 2323 2923 2380 ego
2945 2324 3077 2363 sum
3096 2309 3295 2372 Jonas,
3329 2309 3484 2365 800
3505 2312 3778 2382 projicite

2131 2416 2226 2461 me
2253 2399 2315 2454 in
2336 2414 2499 2454 mare
2524 2413 2537 2450 :
2568 2413 2707 2451 nam
2726 2401 2894 2452 extra
2912 2397 3309 2453 universalem
3336 2398 3628 2470 synodum
3643 2401 3779 2455 novi

2133 2487 2360 2562 aliquid
2390 2486 2465 2542 de
2496 2485 2614 2541 flde
2656 2490 2915 2541 statuere
2967 2502 3223 2558 nequeo,
3255 2502 3289 2542 ο
3321 2486 3662 2559 imperator.
3696 2492 3778 2546 Ac

2135 2578 2433 2650 digressus
2463 2574 2714 2630 Platanii
2741 2574 2803 2629 in
2834 2574 3009 2630 domo
3042 2590 3149 2630 sua
3198 2576 3495 2648 gentilitia
3542 2579 3778 2649 quietus

2131 2667 2295 2733 vixit,
2329 2680 2463 2722 cum
2519 2663 2801 2736 gessisset
2855 2679 3156 2719 summum
3213 2665 3625 2736 pontificatum
3674 2682 3780 2722 an-

2134 2773 2245 2812 nos
2277 2757 2363 2823 14,
2395 2769 2630 2810 menses
2660 2756 2713 2821 5,
2745 2752 2872 2808 dies
2903 2756 2956 2808 ‘l.

2206 2846 2377 2900 Anno
2412 2845 2479 2896 14-
2508 2841 2818 2898 Masalmas
2850 2842 2912 2896 in
2943 2843 3268 2898 Romanam
3301 2843 3587 2899 ditionem
3620 2844 3776 2901 bello

2137 2934 2323 2998 illato,
2356 2947 2490 2987 cum
2521 2930 2583 2985 in
2615 2930 3045 3002 Cappadociam
3077 2930 3358 2999 venisset,
3390 2932 3777 2992 Charsianum

2139 3029 2400 3080 castrum
2429 3019 2637 3075 fraude
2668 3019 2846 3092 cepit.

2212 3223 2382 3277 Anno
2416 3219 2481 3273 16
2513 3217 2625 3273 Leo
2649 3215 2834 3272 ﬁliam
2854 3215 3111 3291 Chagani
3135 3218 3484 3290 Scytharum
3500 3223 3788 3297 principis

2144 3311 2267 3368 {ilio
2297 3326 2403 3364 suo
2429 3306 2821 3363 Constantino
2854 3307 3063 3379 nuptui
3090 3307 3272 3378 dedit,
3314 3327 3451 3367 cum
3506 3312 3792 3370 Christia—

2144 3416 2283 3455 nam
2306 3413 2437 3453 eam
2457 3395 2698 3451 fecisset
2715 3397 3066 3467 Irenamque
3096 3398 3486 3456 nominasset.
3505 3403 3585 3458 Ea
3606 3404 3789 3459 sacris

2147 3487 2380 3544 Litteris
2398 3484 2659 3542 studiose
2688 3484 2938 3557 cognitis
2961 3485 3212 3542 illustris
3240 3487 3458 3559 pietate
3481 3489 3612 3560 fuit,
3634 3492 3792 3549 refu-

2148 3578 2407 3649 tavitque
2438 3592 2472 3631 a
2508 3576 2626 3629 Deo
2656 3574 2987 3630 alienorum
3030 3576 3415 3646 impietatem.
3462 3580 3793 3651 Imperator

2147 3673 2345 3724 autem
2377 3669 2583 3720 contra
2613 3665 2831 3735 Papam
2862 3665 3182 3736 Romaeque
3214 3671 3273 3721 et
3298 3666 3484 3723 Italiae
3514 3666 3790 3725 defectio-

2148 3772 2286 3813 nem
2317 3754 2586 3818 saeviens,
2614 3757 2822 3807 contra
2852 3767 2953 3806 eos
2985 3753 3287 3825 ingentem
3319 3755 3570 3811 classem
3600 3774 3790 3815 arma-

2146 3847 2229 3901 vit
2256 3848 2433 3915 atque
2466 3841 2683 3897 emisit.
2716 3839 2826 3895 Sed
2849 3842 3101 3913 turpiter
3123 3859 3184 3898 se
3207 3842 3371 3900 dedit
3390 3861 3574 3902 vanus
3596 3846 3795 3919 homo,

2150 3936 2338 3992 classe
2369 3934 2431 3987 in
2461 3930 2761 3986 Adriatico
2812 3931 2963 3985 mari
3013 3931 3320 4006 naufragio
3365 3936 3604 3993 amissa.
3654 3938 3798 3994 Inde

2150 4025 2349 4081 furore
2378 4020 2637 4093 percitus
2669 4019 2897 4091 majore
2926 4020 3104 4076 homo
3135 4022 3416 4079 adversus
3447 4025 3633 4083 Deum
3688 4043 3801 4101 pu-

2153 4127 2360 4185 gnans,
2395 4108 2584 4164 tertias
2616 4107 2797 4164 Siculi
2827 4124 2895 4163 ac
2923 4108 3151 4165 Calabri
3181 4112 3384 4183 populi
3424 4114 3576 4183 parti
3620 4114 3805 4171 tribu-

2156 4208 2281 4257 tum
2312 4200 2371 4254 in
2403 4196 2640 4269 singula
2668 4196 2980 4253 hominum
3023 4198 3218 4270 capita
3255 4200 3556 4273 imposuit.
3612 4204 3804 4261 Patri-

2154 4288 2357 4346 monia
2384 4302 2622 4359 quoque
2654 4284 3018 4357 templorum
3045 4288 3247 4344 Romaa
3280 4289 3650 4361 principibus
3671 4308 3811 4364 apo-

2160 4377 2327 4434 stolis
2381 4379 2888 4443 cousecratorum,
2945 4392 3077 4447 quae
3159 4378 3413 4450 pecunia
3485 4382 3808 4452 quotannis

392 4450 518 4542 τρία
549 4463 750 4537 ἥμισυ,
781 4466 863 4535 τῷ
885 4458 1140 4537 δημοσίῳ
1172 4459 1323 4539 λόγῳ
1380 4460 1654 4527 τελεῖσθαι
1710 4462 2037 4537 προσέταξεν,

2161 4464 2489 4537 antiquitus
2520 4460 2892 4534 pendebatur
2922 4462 3288 4524 talentorum
3312 4467 3489 4523 trium
3506 4450 3713 4539 semis,
3746 4470 3810 4527 in

1604 4590 1964 4647 XYLANDR]
2002 4593 2090 4647 ET
2138 4590 2351 4647 GOARI
2389 4589 2612 4644 NOTIE.

475 4710 591 4780 (68)
622 4710 780 4780 Auro
811 4705 1026 4774 fluens,
1059 4706 1172 4780 hoc
1203 4709 1293 4780 est
1344 4721 1591 4780 aureum
1631 4705 1918 4780 orationis
1944 4706 2057 4780 ﬂu-

406 4776 549 4836 men
586 4779 848 4835 fundens
873 4794 1083 4842 ;quam
1115 4777 1352 4834 laudem
1384 4776 1684 4833 Aristoteli
1736 4777 1942 4834 tribuit
1973 4779 2062 4834 Ci-

408 4867 566 4907 cero.
599 4850 894 4906 Diaconus
923 4848 1312 4922 Chrysaoram
1333 4848 1530 4905 minus
1560 4853 1695 4922 apte
1726 4848 2063 4922 videturvo-

411 4937 568 4991 care,
602 4937 780 4978 aureo
811 4937 953 4978 ense
985 4920 1320 4977 armatum:
1354 4921 1587 4976 tametsi
1619 4920 1694 4977 ob
1724 4921 2061 4978 acremido-

408 4992 606 5049 lorum
636 4992 1040 5049 defensionem
1066 4992 1244 5047 videri
1272 4998 1451 5063 queat
1482 4992 1594 5047 hoc
1616 4991 1784 5047 titulo
1802 4993 2063 5049 cohone-

411 5069 620 5120 status.
655 5064 980 5146 Lentrabus
1028 5070 1229 5120 autem
1493 5062 1726 5146 Graecis
1749 5063 2061 5146 signiticet,

411 5152 547 5207 non,
567 5136 752 5207 magis
781 5136 952 5191 video
983 5151 1171 5207 quam
1211 5134 1355 5207 quid
1401 5137 1656 5207 Manzur.
1689 5135 1769 5190 De
1800 5134 1916 5205 quo
1954 5135 2067 5191 ali-

412 5206 555 5279 quid
586 5200 820 5280 poterat
856 5200 1096 5275 conjici,
1130 5206 1179 5261 si
1230 5200 1543 5275 λέντραὸος,
1576 5200 1843 5280 (ἔναλοιιῴ
1887 5211 2063 5280 esset.

411 5278 641 5335 Manzér
668 5280 919 5336 fortasse
933 5283 1024 5333 est
1054 5280 1302 5333 Momzer
1323 5289 1522 5345 11737:,
1546 5278 1697 5347 quod
1723 5282 1781 5330 et
1800 5278 1861 5331 in
1885 5278 2067 5333 sacris

412 5351 650 5406 Litteris
682 5357 741 5406 et
766 5351 827 5405 in
852 5350 1123 5422 Aramtea
1151 5349 1352 5422 lingua
1378 5350 1674 5422 Aspurium
1723 5347 2018 5422 significat
2049 5365 2064 5415 ;

408 5428 589 5492 atque
622 5438 692 5476 ea
724 5438 833 5477 vox
864 5425 955 5475 est
977 5418 1620 5492 iniliispanoidiomate
1638 5418 1890 5492 retenta.
1908 5420 2071 5492 Man:

409 5490 568 5551 suris
600 5493 793 5549 tilium
820 5492 997 5546 credo
1028 5490 1181 5546 di‘ci.’
1214 5493 1277 5547 ln
1308 5490 1456 5547 actis
1486 5491 1810 5562 Cpolitanm
1859 5491 2070 5560 synodi

411 5570 502 5619 est
522 5564 710 5620 fuisse
745 5566 1076 5620 Manzurem
1135 5563 1473 5633 ignominiaa
1523 5578 1703 5618 causa
1731 5578 1767 5616 a
1797 5563 2070 5618 Patribus

414 5635 495 5692 ibi
529 5635 777 5693 dictum.
837 5636 957 5690 Χγι.
1030 5634 1246 5689 Paulus
1296 5634 1623 5691 Diaconus:
1656 5640 1711 5689 et
1760 5648 1869 5702 pro
1917 5636 2073 5689 Man-

414 5719 530 5775 sur,
565 5706 719 5777 quod
746 5708 863 5779 ejus
888 5706 1094 5761 avitum
1118 5718 1312 5761 nomen
1343 5711 1440 5777 est,
1479 5705 1733 5776 quodque
1763 5703 2074 5776 redemptus

2166 4710 2598 4780 interpretatur,
2612 4777 2631 4780 _
2650 4719 2808 4759 sensu
2894 4706 3152 4780 Judaico,
3219 4723 3525 4780 novumque
3580 4711 3815 4767 ecclesia

2167 4777 2864 4856 magistrum-illamgon
2925 4778 3216 4856 (spurium
3294 4777 3547 4856 appone)
3596 4789 3816 4856 mutato

2168 4852 2389 4922 nomine
2404 4847 3171 4922 poeitabqt._Chrysorrhoas
3201 4847 3389 4907 sacris
3408 4847 3549 4907 viris
3577 4852 3817 4922 dicitur,

2172 4919 2498 5049 genomine
2517 4917 2681 4974 ﬂuvii
2697 4917 3050 4977 Damascum
3064 4923 3318 4993 patriam
3336 4917 3815 4994 praeterﬂuentis.

2220 5009 2347 5049 om.

2220 5009 2347 5049 OAR.

2242 5065 2353 5133 (69)
2410 5061 2751 5138 Hgmnorum
2819 5060 3305 5118 ecclesiasticarum
3388 5068 3579 5118 auctor
3661 5064 3819 5138 apud

2175 5137 2429 5191 Graecos.
2463 5134 2637 5194 (ἰοΑιι,
2811 5148 2817 5155 ο

2244 5206 2359 5277 (70)
2386 5201 2699 5277 Proprium
2726 5202 2962 5277 putavi;
2989 5209 3047 5258 et
3065 5204 3450 5275 Graptensem
3473 5207 3821 5277 episcopum

2173 5272 2308 5349 feci,
2342 5272 2506 5328 valde
2552 5272 2787 5349 dubius.
2844 5273 2954 5330 Sed
2995 5292 3089 5332 res
3145 5272 3265 5331 non
3323 5272 3553 5349 magna.
3585 5310 3651 5321 --
3681 5272 3819 5337 Χγι..

2174 5346 2268 5423 Nil
2299 5359 2576 5415 magnum
2607 5344 2890 5423 equidem
2923 5350 2981 5423 et
3004 5353 3309 5423 momento
3331 5344 3574 5423 dignum
3605 5351 3824 5423 Xylan.

2177 5419 2347 5490 drum
2375 5429 2633 5490 errasse;
2659 5420 2719 5490 et
2736 5416 2892 5490 tituli
2917 5419 3310 5490 inscriptorum
3330 5416 3475 5490 vice,
3498 5422 3571 5476 ob
3596 5416 3825 5479 iambos

2177 5489 2487 5564 utriusque
2527 5485 2743 5564 fiatris
2782 5487 2856 5541 ab
2912 5485 3100 5564 impio
3151 5485 3476 5564 Theophila
3532 5495 3828 5550 frontibus

2179 5556 2517 5636 inscriptos.
2550 5556 2922 5636 Theodorum
2979 5556 3341 5636 Graptorum‘,
3358 5567 3669 5636 episcopum
3719 5576 3843 5636 pro“

2180 5630 2614 5709 ingenticaptu
2642 5628 2996 5709 instituisse.
3027 5628 3112 5690 De
3144 5632 3276 5691 dira
3306 5628 3411 5692 illa
3438 5628 3827 5709 inscriptione

2181 5700 2387 5762 auctor
2416 5701 2478 5757 in
2504 5700 2807 5774 Theopilo.
2843 5702 3016 5760 Gou.
