4052 6316
418 264 539 330 883
1756 257 2069 326 GEORGII
2112 259 2457 327 CEDRENI
3702 257 3797 322 884

424 403 778 477 perterritus
807 417 961 472 equo
983 400 1289 456 Amorium
1310 399 1592 474 profugit,
1625 401 2024 474 Longinuch

2191 395 2372 473 φεύγει
2467 396 2545 460 είς
2599 398 2661 452 τὸ
2719 393 3024 472 ’Δμώριον.
3106 394 3384 467 Δεξιοῦται
3458 392 3517 451 δὲ
3569 401 3791 471 Λογγῖνον

429 493 822 551 Orientalium
854 490 1065 546 ducem
1085 492 1315 564 magnis
1345 490 1671 548 demeritus
1701 490 2029 564 pollicitatic

2192 486 2483 561 πρατηγὸν
2538 491 2646 541 τῶν
2716 483 3081 542 Ἀνατολικῶν
3142 486 3417 563 μεγάλαις
3487 485 3792 560 ὖποσχὲσεσι,

428 582 606 638 nibus
638 598 746 653 per
774 596 910 635 eum
945 579 1006 635 in
1055 587 1178 636 tuto
1208 580 1340 637 fuit.
1377 582 1524 637 Hinc
1560 580 2028 637 calamitosissim

2196 575 2271 630 ιαὶ
2310 578 2537 645 σώζεται
2597 581 2726 652 παρ’
2782 576 2970 631 αὐτοῦ.
3032 576 3302 633 Ἐντεῦθεν
3360 577 3541 649 μάχαι
3601 572 3796 629 δεινότα-

427 670 799 728 subditorum
830 668 1006 737 bella,
1040 675 1293 741 utroque
1323 670 1682 741 imperatore
1713 676 1932 726 creato.
1965 670 2027 724 Α]

2198 686 2267 721 ται
2328 671 2446 727 τοῖς
2504 666 2790 736 ὑπηκόοις,
2851 664 3115 740 ἐκατέρων
3180 664 3453 742 βασιλέων
3514 665 3798 739 ἀναγορευο-

432 759 711 816 tabasdus
748 758 960 814 urbem
994 760 1298 833 ingressus
1331 760 1533 815 statim
1560 760 1781 831 ubique
1810 776 1917 831 per
1946 775 2032 814 ea]

2195 753 2386 827 μένων.
2421 752 2659 825 Εἰσῆλθε
2717 753 2774 810 δὲ
2829 749 3201 831 Ἀρτάϐασδος
3256 753 3308 809 ἐν
3370 757 3443 828 τῇ
3501 751 3675 822 πόλει,
3725 756 3795 809 καί

425 867 624 907 sacras
690 849 957 921 reposuit
986 849 1293 923 imagines,
1329 867 1584 921 eumque
1616 849 1854 906 ordines
1894 850 2025 919 impt

2199 843 2424 919 ταρευθὺ
2465 844 2600 900 κατᾶ
2651 850 2823 900 πᾶσαν
2872 845 3044 914 αύτήν
3101 844 3197 907 τὰς
3254 844 3407 918 ἱερὰς
3465 841 3799 913 ἆνεστέλωσεν

424 944 683 994 ratorem
706 938 1058 994 salutarunt.
1084 945 1369 995 (tmterum
1394 939 1762 1003 Anastasius,
1795 938 1895 1009 qui
1927 937 2024 993 fals

2201 933 2422 996 εἰκόνας.
2454 933 2791 1008 ἀνηγορεύθη
2827 932 2884 989 δὲ
2911 935 3061 1009 παρὰ
3110 938 3217 990 τῶν
3268 934 3527 1007 θεμάτων
3563 933 3801 1009 βασιλεύς,

425 1028 665 1084 titulum
690 1027 1042 1099 patriarchae
1056 1028 1318 1101 gerebat,
1333 1034 1730 1084 manutenens
1744 1028 2025 1083 venerant

2201 1025 2536 1086 Αναστάσιος
2568 1020 2626 1078 δὲ
2655 1024 2683 1078 6
2739 1021 3096 1097 ψευδώνυμος
3153 1025 3532 1098 πατριάρχης,
3571 1024 3801 1097 κρατήσας

426 1121 605 1189 atque
635 1116 862 1173 viviﬂca
891 1117 1085 1173 crucis
1116 1117 1294 1190 ligna.
1333 1134 1469 1173 eum
1494 1118 1597 1189 qui
1628 1117 1701 1172 iis
1727 1116 1939 1173 afﬁxus
1959 1116 2021 1170 fu

2204 1114 2251 1169 τὰ
2277 1113 2436 1186 τίμια
2464 1113 2554 1168 καὶ
2586 1112 2834 1183 ζωοποιᾶ
2863 1111 3018 1183 ξύλα,
3055 1111 3239 1187 ὥμοσε
3265 1116 3346 1185 τῷ
3388 1111 3533 1184 λαῷ,
3572 1110 3650 1167 ὅτι
3680 1136 3703 1163 ‹‹
3731 1113 3804 1168 Μὰ

429 1214 522 1263 rat
538 1207 761 1278 juravit
783 1205 855 1261 ad
881 1206 1633 1279 populum,Copronymum
1654 1207 2029 1278 imperatore]

2202 1203 2277 1258 τὸν
2309 1201 2742 1272 προσηλωθέντα
2794 1200 2846 1257 ἐν
2898 1202 3106 1272 αὐτοῖς,
3149 1201 3320 1263 οὕτως
3368 1222 3467 1274 μοι
3527 1201 3642 1256 εἶπε
3683 1203 3802 1257 Κων-

424 1298 553 1352 haec
582 1296 695 1352 sibi
718 1297 895 1352 verba
911 1296 1162 1352 dixisse:
1193 1318 1221 1347 «
1255 1298 1440 1362 Quem
1468 1297 1647 1352 Maria
1667 1296 1898 1368 peperit
1914 1295 2024 1349 Chr

2203 1296 2465 1353 ττοιντῖνος
2497 1293 2526 1347 6
2562 1290 2841 1367 βασιλεὺς,
2871 1291 2956 1348 ’ὁτι
2988 1293 3075 1362 Μὴ
3126 1289 3321 1367 λογῖσῃ
3386 1291 3513 1346 Υἱὸν
3541 1294 3667 1346 eeo?)
3694 1292 3803 1345 εἶναι

425 1393 604 1451 stum,
636 1386 796 1442 hunc
854 1391 917 1441 tu
974 1385 1189 1442 Filium
1221 1387 1322 1442 Dei
1381 1402 1457 1441 ne
1507 1384 1835 1453 censueris,
1885 1400 2025 1455 neqt

2202 1381 2247 1437 iv
2270 1379 2416 1436 ἔτεκε
2447 1381 2654 1454 Μαρία,
2686 1383 2778 1436 τὸν
2826 1379 3126 1455 λεγόμενον
3160 1381 3419 1455 Χριστὸν,
3479 1378 3623 1434 ἀλλὰ
3672 1376 3802 1452 ψιλὸν

426 1476 753 1548 quidquam
782 1479 999 1546 prater
1054 1476 1396 1531 hominem:
1432 1475 1515 1531 ita
1562 1475 1711 1531 805
1749 1473 1911 1528 enim
1946 1489 2026 1527 eu‘

2196 1470 2494 1545 Ξὶνθρωπονο
2529 1472 2563 1540 ἠ
2616 1471 2718 1545 γὰρ
2780 1469 2969 1543 Μαρία
2999 1470 3174 1534 οὕτως
3230 1469 3397 1525 αὐτὸν
3442 1464 3613 1524 ἔτεκεν
3640 1468 3704 1530 ὡς
3728 1469 3796 1523 καὶ

427 1565 609 1620 Maria
635 1564 867 1635 peperit
896 1570 961 1619 ut
992 1570 1050 1619 et
1082 1581 1177 1620 me
1228 1570 1419 1620 mater
1463 1580 1596 1619 mea
1652 1564 1850 1618 Maria.
1887 1583 1914 1611 »
1963 1562 2027 1615 Η(

2200 1561 2286 1634 ἐμὲ
2316 1565 2350 1631 ἡ
2382 1563 2569 1638 μήτηρ
2605 1578 2713 1635 μου
2752 1562 2952 1637 Μαρία.
2989 1585 3017 1614 ››
3051 1562 3154 1618 Καὶ
3209 1565 3374 1616 τοῦτο
3410 1559 3721 1623 ἀκούσαντες
3758 1558 3800 1612 οἱ

428 1651 629 1708 audito
662 1649 917 1722 populus
958 1651 1342 1707 Constantino
1392 1650 1713 1722 imperium
1760 1648 2028 1722 abrogavi

1267 1668 1342 1707 no
1392 1650 1713 1722 imperium
1760 1648 2079 1722 abrogavit.
2190 1651 2314 1708 λαοὶ
2347 1651 2646 1727 ἀνέσκαψαν
2679 1651 2861 1708 αὐτόν.

502 1770 674 1825 Anno
698 1767 828 1838 ejus
853 1767 1088 1838 imperii
1108 1768 1366 1824 secundo
1398 1770 1625 1824 Isamus
1638 1768 1896 1824 Arabum
1919 1767 2086 1838 prin-

2258 1772 2350 1824 Τῶ
2384 1769 2431 1844 β’
2481 1762 2586 1824 ἔτει
2640 1767 2894 1840 τέθνηκεν
2945 1769 3101 1841 Ἰσᾶμ
3154 1768 3183 1822 6
3239 1772 3349 1823 τῶν
3408 1760 3656 1836 ’Δράϐων
3690 1763 3799 1838 ἆρχ-

438 1874 578 1929 ceps
614 1856 906 1911 ,moritur.
970 1857 1096 1924 Hic,
1151 1874 1288 1913 cum
1346 1858 1723 1913 sanctissima
1755 1856 2031 1912 Antiochi

2202 1856 2356 1930 ηγός.
2390 1856 2565 1920 Οὗτος
2627 1859 2730 1925 τήν
2764 1859 3072 1934 ἁγιωτάτην
3132 1854 3468 1926 Ἐκκλησίαν
3508 1852 3802 1926 Ἀντιοχείας

437 1946 702 2003 Ecclesia
721 1962 828 2019 per
858 1946 1250 2019 quadraginta
1278 1964 1467 2003 annos
1497 1947 1833 2019 patriarcha
1862 1946 2037 2002 carui:

2202 1946 2288 2001 ἐπὶ
2339 1947 2737 2019 τεσσαράκοντα
2801 1947 3036 2023 χρόνους
3086 1946 3459 2021 χηρεύουσαν,
3526 1941 3802 1998 κωλυόντων

441 2041 552 2101 set,
610 2034 889 2091 Arabilus
947 2036 1228 2092 constitui
1273 2037 1535 2108 aliquem
1566 2036 1922 2102 vetantibus,
1953 2052 2041 2091 cui

2200 2040 2307 2090 τῶν
2341 2029 2587 2109 Ἀράϐων
2640 2035 2989 2110 πατριάρχην
3048 2034 3291 2109 γενέσθαι
3369 2033 3427 2089 ἐν
3484 2031 3639 2105 αὐτῇ,
3689 2028 3800 2103 ἔχων

433 2125 681 2181 haberet
699 2125 945 2180 charum
971 2125 1083 2180 sibi
1116 2127 1328 2197 Syrum
1349 2126 1668 2197 quemdam
1688 2126 2033 2191 ,monachun

2204 2127 2321 2182 τινὰ
2375 2125 2658 2203 προσφιλῆ
2720 2126 2966 2200 μοναχὸν
3052 2125 3227 2199 Σύρον
3288 2125 3523 2196 ὀνόματι
3564 2120 3804 2200 Στέφανον,

437 2214 682 2269 nomine
710 2212 1100 2285 Stephanum,
1122 2214 1285 2285 pium
1309 2214 1613 2270 hominem
1641 2214 1745 2269 sed
1777 2213 2037 2269 rusticuu

2202 2215 2493 2291 ἄγροικον,
2528 2209 2732 2285 εὒλαϐῆ
2778 2212 2835 2270 δὲ
2867 2215 3051 2287 μόνον,
3096 2214 3188 2270 καὶ
3245 2212 3401 2288 εἴπερ
3462 2210 3660 2268 θέλοιεν
3708 2229 3802 2282 συγ·

434 2306 938 2361 Antiochensibus
967 2306 1342 2378 signiﬁcavit,
1377 2307 1673 2378 siquidem
1711 2308 1954 2377 cupiant
1977 2305 2034 2361 si?

2204 2307 2527 2380 χωρηθῆναι
2586 2303 2771 2367 αὐτοῖς
2831 2306 3179 2380 πατριάρχην
3262 2297 3435 2379 ἔχειν,
3521 2298 3804 2377 ψηφίσασθαι

435 2394 838 2467 patriarcham
858 2395 1128 2461 concedi,
1153 2401 1219 2450 ut
1240 2394 1301 2450 id
1332 2398 1600 2451 muneris
1624 2396 1761 2451 huic
1794 2395 2035 2467 Stephar

2203 2395 2361 2451 αὐτὸν
2410 2394 2504 2450 τὸν
2560 2395 2854 2472 Στέφανον.
2916 2394 3106 2458 Θεόθεν
3164 2397 3328 2448 τοῦτο
3409 2391 3704 2465 νομίσαντες
3745 2386 3803 2453 γί-

439 2483 836 2539 committant.
870 2485 911 2538 Ii
963 2484 1245 2539 divinitus
1276 2485 1387 2540 hoc
1418 2485 1544 2541 ﬁeri
1578 2486 1689 2541 rati
1728 2484 2039 2557 Stephanui

2200 2495 2379 2548 νεσθαι
2434 2488 2843 2559 χειροτονοῦσιν
2903 2482 3062 2538 αὐτὸν
3118 2482 3170 2538 ἐν
3239 2487 3321 2537 τῶ
3382 2482 3560 2556 θρόνῳ
3619 2475 3800 2533 Θεουπό-

443 2571 754 2643 Theopolis
779 2572 974 2627 throni
1006 2574 1403 2644 patriarcham
1427 2575 1752 2648 elegerunt.
1789 2576 1907 2630 Hoc
1933 2590 2043 2630 ann

2203 2573 2503 2646 λεως(78).
2562 2573 2752 2646 Τούτῳ
2809 2577 2890 2645 τῷ
2947 2568 3054 2628 ἔτει
3109 2570 3400 2628 ἀπέστειλε
3460 2571 3795 2626 Κωνσταντῖνος

441 2667 501 2716 et
529 2661 952 2716 Constantinus
982 2668 1042 2717 et
1071 2662 1431 2718 Artabasdus
1483 2681 1587 2736 per
1621 2664 1844 2735 legatos
1874 2663 2041 2718 auxili

2199 2664 2336 2738 πρὸς
2397 2662 2577 2736 Ἰσόιμ,
2607 2662 2867 2724 ὡσαύτως
2920 2663 3009 2717 καὶ
3073 2657 3473 2737 Ἀρτάϐασδος,
3532 2654 3789 2733 συμμαχίαν

435 2750 508 2806 ab
540 2752 730 2806 Isamo
784 2752 1103 2822 petierunt.
1140 2754 1344 2825 Magna
1375 2769 1571 2825 quque
1615 2753 1848 2809 siccitas
1892 2752 2035 2808 fuitl

2201 2751 2472 2813 αἰτοῦντες
2511 2750 2835 2827 ἀμφότεροι.
2869 2751 3058 2828 Γέγονε
3114 2749 3172 2806 δὲ
3226 2747 3474 2827 ἀϐροχία
3527 2746 3693 2813 πολλή
3729 2740 3787 2799 καὶ

434 2841 609 2896 multi
634 2847 803 2896 terra;
835 2848 1033 2897 motus
1069 2842 1239 2897 variis
1262 2843 1437 2907 locis;
1469 2843 1737 2915 adeoque
1769 2850 1828 2899 et
1856 2850 2034 2898 manu

2201 2839 2417 2913 σεισμοὶ
2448 2840 2584 2895 κατὰ
2613 2840 2836 2912 τόπους,
2869 2841 2943 2903 ὡς
2993 2840 3257 2905 ἐνωθῆναι
3317 2841 3424 2915 ὅρη
3485 2837 3614 2913 πρὸς
3663 2832 3782 2899 in?

434 2930 852 3003 insolitudiue
896 2931 1048 2986 Saba
1104 2933 1261 2987 inter
1316 2950 1378 2989 se
1434 2933 1759 2996 coiverunt,
1817 2938 1878 2988 et
1906 2949 2034 3004 pagi

2201 2927 2271 2985 λα
2298 2930 2436 2984 κατὰ
2462 2931 2561 2999 τήν
2603 2922 2810 3004 ἔρημον
2844 2924 3012 2999 Σαϐἆ,
3046 2929 3133 2984 καὶ
3191 2929 3397 3001 κώμην
3458 2927 3561 2982 ὑπὸ
3609 2930 3693 3000 γῆν
3722 2939 3773 2973 ια·

437 3025 596 3075 terra
625 3019 939 3091 absorptus
970 3025 1078 3074 est.
1121 3021 1343 3076 Eodem
1375 3038 1531 3077 anno
1562 3024 1805 3078 Cosmas
1837 3021 2037 3077 Alexai

2197 3024 2520 3087 ταποθῆναι.
2557 3020 2656 3090 Τῷ
2708 3015 2754 3072 δ’
2801 3018 2952 3091 αύτῷ
3004 3016 3109 3073 ἔτει
3149 3020 3373 3090 Κοσμᾶς
3434 3018 3464 3071 6
3511 3011 3783 3087 πατριάρχης

438 3109 583 3163 ἀνία)
615 3108 955 3181 patriarcha
978 3126 1114 3164 cum
1145 3110 1367 3165 civibus
1397 3110 1470 3165 ab
1502 3127 1701 3166 errore
1734 3111 2038 3166 Monothel‘

2200 3104 2614 3182 Ἀλεξανδρείας
2646 3104 2992 3182 ὡρθοδόεησε
3023 3109 3115 3163 σὺν
3145 3111 3214 3180 τῇ
3253 3105 3423 3162 πόλει
3458 3106 3619 3161 αὐτοῦ
3646 3100 3692 3155 ἐκ
3724 3102 3788 3163 τῆς

2242 3201 2267 3212 «-
2345 3197 2394 3212 ιι
2501 3197 2526 3212 Λ
2562 3195 2582 3212 \
2680 3201 2704 3212 «ι
2918 3193 2942 3212 h
2982 3197 3028 3212 bl
3177 3198 3223 3212 νη
3271 3196 3285 3212 Ι
3476 3200 3501 3210 ι-
3558 3188 3581 3212 N
3677 3186 3787 3212 I...L...

442 3204 636 3253 tarum
667 3197 740 3253 ad
768 3214 970 3253 veram
998 3197 1345 3271 religionem
1370 3200 1658 3257 transivit.
1692 3199 1911 3256 Eodem
1929 3216 2042 3254 ann

2200 3201 2308 3252 τῶν
2344 3195 2745 3267 Μονοθελητῶν
2774 3193 3111 3267 κακοδοξίας.
3177 3196 3370 3269 Τούτῳ
3435 3200 3513 3251 τῶ
3555 3188 3650 3249 ἔτει
3674 3186 3790 3251 ὲοάνη

438 3287 676 3359 signum
706 3287 770 3341 in
801 3286 947 3342 caelo
986 3287 1177 3342 visum
1211 3294 1318 3344 est.
1377 3289 1616 3345 Validus
1666 3296 1866 3345 autem
1917 3292 2038 3345 Pet:

2202 3291 2430 3360 σημεῖον
2462 3286 2515 3342 ἐν
2546 3292 2626 3342 τῶ
2678 3286 2887 3363 ούρανῶ
2943 3290 3072 3360 (79).
3127 3283 3337 3345 Ούαλῖδ
3396 3289 3515 3359 (80)
3549 3281 3603 3338 δὲ
3643 3280 3793 3351 Πέτρον

439 3373 816 3430 sanctissimo
847 3374 1119 3429 Damasci
1142 3376 1726 3448 metropolitae,quod
1754 3378 1805 3431 is
1829 3377 2039 3432 Arabul

2200 3376 2291 3431 τὸν
2362 3378 2664 3452 ἁγιώτατον
2718 3375 3135 3452 μητροπολίτην
3218 3379 3317 3432 τοῦ
3374 3373 3674 3447 Δαμασκοῦ,
3742 3364 3792 3452 ὡς

442 3469 502 3518 et
530 3462 991 3517 Manichaeorum
1027 3478 1258 3519 errores
1280 3471 1574 3538 argueret,
1596 3466 1858 3539 linguam
1883 3483 2038 3537 praac

2205 3464 2506 3542 ἐλέγχοντα
2560 3469 2659 3538 τὴν
2708 3472 2818 3522 τῶν
2873 3462 3117 3542 ’Λροὶϐων
3170 3465 3262 3522 καὶ
3322 3461 3636 3540 Μανιχαίων
3673 3450 3795 3512 x216-

438 3552 546 3614 dit,
580 3556 639 3606 et
687 3550 751 3606 in
801 3551 1076 3606 Arabiam
1124 3552 1381 3609 Felicem
1438 3554 1756 3626 relegavit;
1808 3553 1907 3610 ubi
1956 3572 2038 3610 οιι]

2203 3576 2374 3625 νοιαν,
2404 3552 2865 3629 ἒγλωσσοτόμησε
2893 3556 2982 3611 καὶ
3014 3555 3263 3630 ἐξώρισεν
3307 3553 3382 3616 εἷς
3417 3556 3519 3623 τήν
3549 3545 3795 3618 Εὐδαίμονα

442 3639 673 3695 Christo
701 3641 1109 3697 testimonium
1140 3643 1543 3714 perhibuisset
1570 3660 1638 3700 ac
1668 3643 1829 3700 clara
1849 3661 1987 3700 voce
2016 3644 2042 3699 1:

2203 3639 2483 3717 Ἀραϐίαν,
2515 3638 2640 3700 ἔνθα
2666 3645 2756 3699 καὶ
2777 3642 3081 3700 τελειοῦται
3129 3645 3486 3720 μαρτυρήσας
3517 3639 3640 3712 ὑπὲρ
3664 3637 3796 3706 ΧΡι⁵’

440 3733 695 3805 turgiam
752 3733 1087 3801 cecinisset,
1137 3734 1430 3807 supplicio
1476 3737 1723 3792 affectus
1764 3735 1929 3792 obiit.
1972 3737 2040 3791 Η(

2201 3736 2297 3787 τοῦ
2346 3732 2436 3788 καὶ
2491 3738 2699 3807 τρανῶς
2756 3732 3078 3812 ἐκφωνήσας
3131 3735 3232 3804 τήν
3283 3733 3429 3787 θείαν
3487 3721 3793 3812 λειτουργίιγι

441 3838 600 3877 anno
653 3822 849 3878 civilia
877 3822 1042 3878 fuere
1101 3822 1281 3894 bella,
1314 3823 1516 3895 qualia
1544 3842 1666 3881 non
1695 3831 1833 3881 ante
1866 3824 1939 3881 ab
1974 3842 2041 3879 or

2201 3819 2395 3895 Τούτῳ
2420 3826 2500 3877 τῶ
2539 3820 2646 3879 ἔτει
2677 3822 2963 3899 γεγόνασιν
2994 3822 3255 3897 ἐμφύλιοι
3284 3818 3528 3898 πόλεμοι
3582 3818 3676 3872 οἷοι
3719 3807 3793 3865 οὐκ

440 3911 575 3983 gine
601 3911 830 3968 mundi.

2205 3909 2457 3987 ἐγένοντο
2489 3912 2596 3968 ἀπὸ
2624 3908 2944 3984 καταϐολῆς
2981 3914 3213 3988 κόσμου.

515 4031 685 4083 Anno
716 4027 892 4083 tertio
922 4045 1126 4085 versus
1157 4029 1402 4086 Boream
1432 4030 1707 4103 apparuit
1735 4030 1991 4103 signum,
2025 4046 2093 4086 ac

2275 4032 2361 4104 [P.
2403 4034 2530 4105 461]
2557 4034 2648 4089 Τῶ
2676 4032 2724 4105 γ’
2781 4027 2889 4088 ἔτει
2942 4032 3081 4088 κατᾶ
3128 4028 3335 4106 Βοῤῥᾶν
3395 4027 3558 4109 ἐφάνη
3599 4021 3795 4094 σημεῖθνι

451 4117 684 4174 caelitus
737 4116 799 4173 in
831 4118 1103 4189 quaedam
1142 4119 1296 4176 806
1327 4120 1455 4176 loca
1484 4121 1673 4192 pulvis
1719 4120 1951 4177 delatus
1982 4137 2045 4176 es

2203 4127 2291 4183 καὶ
2325 4126 2478 4187 κόνις
2534 4120 2805 4194 κατῆλθεν
2854 4122 2931 4186 εἷς
2987 4123 3208 4185 τόπους.
3266 4116 3461 4196 Γέγονε
3490 4119 3545 4175 δὲ
3594 4112 3672 4170 καὶ
3718 4127 3796 4196 ait:

448 4208 629 4263 Terra
654 4223 892 4279 quoque
923 4208 997 4264 ad
1026 4209 1268 4281 Caspias
1297 4215 1493 4282 portas
1525 4214 1692 4265 motu
1723 4209 2048 4266 tremefacta

2210 4215 2353 4290 σμὸς
2383 4213 2459 4277 εἲς
2501 4214 2598 4276 τὰς
2653 4192 2896 4277 Κασπίας
2940 4212 3139 4275 πύλας”
3196 4212 3287 4268 καὶ
3344 4192 3577 4287 δινῃρέθη
3631 4192 3796 4261 Οὖαλὶδ

454 4299 524 4353 Et
556 4298 792 4354 Validus
809 4298 882 4354 ab
910 4298 1202 4356 Arabibus
1231 4306 1497 4371 necatus,
1531 4318 1666 4357 cum
1698 4318 1903 4357 eorum
1934 4301 2054 4373 pri:

2208 4305 2313 4361 ὑπὸ
2350 4308 2458 4359 τῶν
2519 4298 2790 4379 Ἀράϐων,
2846 4303 3006 4377 ἄρξας
3063 4298 3185 4367 ἔτος
3242 4308 3307 4360 α’.
3359 4300 3452 4356 καὶ
3508 4296 3676 4370 κρατεῖ
3723 4289 3795 4352 τῆξ

438 4402 577 4458 ceps
629 4402 813 4442 unum
872 4386 1082 4443 fuisset
1139 4404 1383 4446 annum.
1446 4391 1510 4444 Ei
1569 4390 1854 4446 successit
1903 4389 2038 4444 Ιῑὶάι

2205 4395 2386 4470 ἀρχῆς
2417 4390 2543 4466 ἰεῖδ
2601 4394 2629 4448 ὁ
2671 4393 2892 4468 Λειψός.
2953 4394 3150 4464 Τούτῳ
3188 4396 3267 4462 τῶ
3324 4387 3429 4446 ἔτει
3488 4390 3516 4445 δ
3562 4392 3796 4470 Κωνςταγ-

441 4475 704 4547 Leipsus.
738 4478 818 4531 Eo
846 4491 1004 4531 anno
1035 4477 1454 4534 Constantinus
1484 4496 1591 4551 per
1619 4479 1890 4552 Abydum
1920 4480 2031 4549 traj

2206 4489 2352 4548 τῖνος
2427 4486 2567 4557 περᾷ
2646 4481 2738 4538 διὰ
2811 4490 2912 4553 τῆς
2997 4477 3251 4550 Ἀϐύδου,
3311 4480 3403 4536 καὶ
3478 4482 3553 4535 τῶ
3603 4464 3794 4584 χερσξίφ

2273 4573 2286 4584 ι
2451 4579 2479 4584 .-
2601 4569 2640 4584 .λ
2997 4573 3040 4584 ,Α
3214 4569 3238 4584 λ
3274 4568 3322 4584 ιιι
3522 4564 3563 4584 R‘
3634 4561 3671 4584 κδ
3743 4565 3794 4584 .-ιβ

448 4565 548 4632 cit,
585 4571 644 4619 et
659 4565 816 4636 apud
833 4570 1178 4622 terrestrem
1213 4568 1407 4639 Cpolis
1428 4585 1668 4625 murum
1696 4575 1888 4624 castra
1907 4568 2048 4640 poni

2206 4573 2384 4651 τείχει
2412 4552 2515 4642 τῆς
2545 4552 2762 4635 πόλεως
2806 4573 3152 4648 παρεκάθισε,
3210 4568 3469 4645 διέδραμε
3517 4564 3570 4622 δὲ
3597 4552 3795 4651 ᾏᾳῖιεω(

453 4670 775 4709 excurrens
814 4654 993 4710 etiam
1042 4673 1228 4728 usque
1261 4657 1335 4713 ad
1364 4661 1615 4714 Auream
1645 4665 1901 4731 portam,
1934 4664 2001 4713 ut
2039 4675 2053 4713 ξ

2208 4644 2559 4736 τῆξ-Χρυσῆς
2600 4660 2831 4736 πόρτης,
2888 4644 3237 4717 ἐπιδεικνύων
3269 4660 3454 4716 ἑαυτὸν
3485 4659 3592 4716 τοῖς
3618 4644 3793 4736 δχλίζίῖ·

451 4743 820 4799 multitudini
882 4723 1227 4802 ostentaret.
1275 4723 1667 4803 Artabasdus-
1698 4753 1896 4802 autem
1954 4746 2051 4801 urt

2214 4723 2276 4806 ’ό
2308 4747 2366 4803 δὶ
2393 4723 2778 4824 ”Αρτᾶ6ασδοέ
2819 4723 3066 4820 ’ἐξελθὼν
3118 4756 3218 4818 τῆς
3278 4745 3494 4808 πόλεως
3525 4739 3605 4799 καὶ
3632 4723 3796 4805 ἀνμῦε-

446 4847 719 4905 egressus
778 4833 983 4906 praalio
1042 4836 1349 4892 commisso
1413 4836 1601 4891 victus
1664 4837 1952 4906 fususque
1992 4853 2046 4892 es

2224 4836 2336 4893 λὼν
2365 4835 2613 4911 πόλεμον
2642 4839 2856 4909 ἡττήθη
2910 4839 3048 4893 κατᾶ
3094 4839 3312 4911 κράτος.
3361 4839 3470 4892 Τοῦ
3516 4830 3568 4887 δὲ
3617 4828 3796 4911 Κοπριξθ-

437 4926 710 4994 Cumque
728 4905 1139 4996 coprouymus
1188 4925 1428 4981 navium
1471 4931 1628 4981 esset
1647 4905 1892 4997 potitus,
1913 4924 2033 4981 fam

2221 4925 2396 5000 νύμου
2425 4926 2492 4981 τὰ
2528 4924 2701 4983 πλοῖα
2751 4930 3116 5004 κρατήσαντος
3165 4926 3369 5003 ἐγένετο
3426 4922 3585 4998 λιμὸς
3619 4905 3796 5004 {duplic

471 5027 663 5085 ngens
687 5014 749 5068 in
776 5012 925 5069 urbe
952 5013 1198 5085 exstitit,
1230 5014 1313 5070 ita
1331 5020 1400 5070 ut
1428 5014 1662 5071 modius
1695 5013 2009 5070 hordei-ad
2042 5019 2064 5069 1

2223 5014 2277 5070 ἐν
2305 5020 2373 5090 τῇ
2407 5012 2590 5090 πόλει,
2621 5000 3080 5094 ὥστετπραθῆναι
3125 5000 3217 5073 τὸν
3271 5013 3460 5092 μόδιον
3513 5016 3605 5079 τῆς
3652 5000 3798 5077 κιοεθῖῖς

1653 5170 2013 5229 XYLANDRI
2052 5173 2140 5229 ET
2180 5173 2398 5231 GOARI
2435 5178 2662 5234 NOT/E.

506 5284 784 5365 (78‘)‘_Hoc
818 5293 907 5343 est
931 5291 1391 5365 cognomentum
1424 5304 1652 5365 magnae
1682 5290 2014 5365 Antiochia;
2050 5295 2116 5365 e_t
2300 5295 2412 5365 (80)
2444 5296 2572 5351 Hali
2603 5296 2700 5352 hic
2738 5300 2981 5352 vocatur
3007 5312 3042 5351 a
3071 5294 3328 5351 Diacono
3386 5292 3430 5349 l.
3478 5304 3583 5365 xz}!
3617 5286 3664 5339 θι
3687 5271 3799 5365 filii?

446 5342 1181 5441 appd'Nostrumhet‘alios
1214 5342 2119 5441 δεούξ
3618 5349 3700 5425 qui

442 5412 627 5514 πολιᾷ
649 5429 936 5514 .“scripsit
964 5439 1172 5514 auctor
1200 5433 1711 5514 annonJustiniani
1741 5436 1795 5489 2.
1821 5436 2031 5514 Gom._

2229 5412 3271 5514 3u39{0635§.1egitur,"
3298 5439 3348 5493 is
3403 5412 3694 5507 Βακτᾶγείος
3736 5412 3798 5470 05‘

511 5501 631 5567 (79)
661 5498 953 5583 Nimirum
984 5503 1201 5572 crucis,
1236 5503 1432 5575 qualis
1467 5506 1680 5578 Magno
1720 5506 2120 5574 Constantino
2229 5498 2388 5583 apud
2417 5498 2719 5569 Zeharam.
2752 5498 2889 5570 Χγϊ.

436 5575 812 5643 apparuerat.
842 5572 982 5631 XYL.

3927 3966 3929 4103 l
