4108 6300
305 385 434 448 885

1434 384 1983 451 HISTORIARUM
2028 386 2571 459 COMPENDIUM.

3600 394 3720 458 886

306 520 392 584 εἰς
419 518 734 593 νομίσματα
768 519 838 593 ιβ’
864 518 955 574 καὶ
981 518 1049 574 τὰ
1079 517 1249 574 λοιπὰ
1279 519 1511 592 ὁμοίως.
1563 525 1683 579 Τοῖ’)
1734 518 1792 577 δὲ
1821 520 1957 577 λαοῦ

2075 525 2434 584 nomismata
2470 526 2845 597 venderetur,
2895 527 3222 601 eademque
3269 532 3429 587 esset
3471 530 3718 604 reliquas

313 613 646 681 θνήσκοντος
671 609 762 665 καὶ
792 606 1183 681 ἀπολλυμένου
1215 610 1533 687 ἠναγκάσθη
1585 606 1959 686 Ἀρτάϐασδυς

310 700 581 756 ἀπολύειν
639 700 798 755 αὐτῗιν
865 698 958 754 καὶ
1014 700 1324 778 ἐξὲοχεσθαι
1396 699 1504 755 ἀπὸ
1556 708 1658 769 τῆς
1722 699 1959 762 πόλεως.

311 792 564 860 Νικήτας
593 786 651 844 δὲ
680 790 708 844 ὀ
739 788 857 850 υἱὸς
887 781 1258 862 Ἀρταϐασδου
1301 787 1621 863 ἔπισυνάξας
1678 787 1811 844 λαὸν
1839 790 1963 844 ἱκα-

304 882 401 936 νὸν
434 879 603 949 ἦλθεν
656 875 760 940 ἕως
821 875 1255 952 Χρυσουπόλεως
1310 880 1445 951 (81).
1499 880 1600 935 Καὶ
1638 877 1875 953 περάσας
1931 879 1960 933 ὁ

304 968 684 1045 Κοπρώνυμος
715 965 929 1038 ἐδίωξεν
979 967 1144 1023 αὐτὸν
1200 967 1288 1022 καὶ
1343 963 1667 1024 καταλαϐὼν
1726 967 1963 1044 ἐχειρώ-

303 1078 460 1115 σατο.
494 1057 598 1114 Καὶ
626 1060 820 1113 τοῦτον
857 1053 1119 1126 πεδήσας,
1187 1055 1363 1111 ἐλθὼν
1420 1057 1509 1113 διὰ
1563 1062 1660 1113 τοῦ
1713 1057 1958 1132 τείχους,

297 1154 386 1223 τῷ
439 1148 604 1225 πατρὶ
662 1145 1025 1203 ἐπιδείκνυσιν
1080 1147 1121 1204 ³.
1181 1151 1375 1227 Ἄφνω
1459 1145 1518 1203 δὶ
1580 1147 1963 1222 παραταξάμε-

296 1262 398 1303 νος
431 1239 521 1296 διὰ
550 1244 647 1296 τοῦ
694 1236 954 1315 χερσαίου
1008 1236 1232 1313 τείχους
1285 1240 1385 1307 τήν
1442 1237 1606 1294 πόλιν
1660 1232 1957 1316 παρέλαϐε,

291 1331 392 1386 καὶ
427 1329 837 1407 χειρωσάμενος
868 1323 1242 1400 Ἀρταϐασδοθ
1299 1329 1390 1384 καὶ
1446 1328 1575 1390 τοὺς
1633 1329 1726 1383 σὺν
1783 1329 1958 1399 αὐτῷ,

287 1425 497 1477 τοῦτον
533 1422 628 1494 μὶν
659 1418 751 1473 σὺν
782 1423 901 1482 τοῖς
939 1415 1088 1472 δυσὶν
1118 1417 1285 1474 αὐτοῦ
1332 1418 1477 1482 υἱοῖς
1532 1416 1833 1498 ἐτύφλωσε,
1865 1419 1957 1473 τὸν

292 1509 362 1566 δὲ
393 1513 716 1586 Βάκταγμον
750 1510 1160 1583 χειροκοπήσας
1215 1506 1267 1563 ἐν
1326 1513 1406 1564 τῶ
1464 1509 1726 1586 Κυνηγίῳ
1766 1509 1957 1564 ἀπεκι-

298 1600 528 1680 φάλισε,
593 1596 846 1659 πολλοὺς
905 1595 963 1652 δὶ
1016 1597 1107 1653 καὶ
1167 1594 1375 1659 ἄλλους
1437 1602 1545 1652 τῶν
1600 1597 1958 1673 προύχόντων

299 1688 514 1755 ἀνεῖλε,
556 1689 647 1743 καὶ
703 1689 801 1749 τὰς
858 1685 1043 1749 οὐσίας
1101 1686 1278 1741 αὐτῶν
1338 1683 1652 1758 ἐδήμευσεν.
1713 1687 1956 1743 Ἱππικὸν

301 1778 367 1835 δὲ
392 1780 627 1849 ποιήσας
658 1776 914 1851 ε’σγςγαγε
942 1776 1033 1830 τὸν
1067 1770 1434 1851 Ἀρτάϐασδον
1488 1776 1582 1831 σὺν
1637 1781 1759 1837 τοῖς
1816 1775 1958 1838 υἱοῖς

2070 634 2321 674 annonas
2353 621 2587 675 caritas.
2622 622 2902 677 Moriente
2925 638 3062 694 ergo
3086 630 3145 678 et
3164 626 3450 694 pereunte
3474 622 3714 694 populo,

2070 712 2309 763 coactus
2339 714 2429 764 est
2449 709 2809 765 Artabasdus
2833 726 2902 765 eo
2936 710 3180 766 dimisso
3212 711 3375 782 Cpoli
3407 709 3716 769 excedere.
3746 736 3750 739 ·

2073 796 2184 852 Sed
2209 797 2369 853 ﬁlius
2389 797 2520 870 ejus
2539 798 2771 854 Nicetas
2789 798 3035 854 collecto
3054 815 3176 854 non
3201 799 3539 871 paenitendo
3555 816 3718 856 exer—

2071 884 2192 939 citu
2218 902 2406 956 usque
2463 884 2537 940 ad
2595 884 2984 957 Chrysopolin
3041 888 3327 958 pervenit.
3387 890 3456 942 Et
3497 891 3717 960 Copro-

2070 989 2287 1044 nymus
2317 974 2439 1029 suis
2469 973 2655 1045 copiis
2688 974 2948 1044 trajectis
2979 991 3115 1030 eum
3144 976 3495 1049 proﬂigavit,
3531 977 3714 1048 inque

2070 1062 2205 1131 fuga
2235 1063 2392 1135 cepit
2421 1070 2479 1118 et
2509 1063 2896 1134 compedibus
2920 1064 3181 1120 vinctum
3225 1065 3301 1120 ad
3348 1082 3586 1122 murum
3617 1084 3715 1140 ag-

2070 1167 2308 1225 gressus
2335 1153 2486 1224 patri
2519 1153 2798 1209 ostendit.
2833 1153 3157 1225 Subitoque
3189 1169 3224 1209 a
3247 1155 3513 1210 terrestri
3544 1173 3716 1212 muro

2070 1240 2312 1297 adortus
2332 1242 2540 1297 urbem
2570 1242 2747 1313 cepit.
2780 1244 2866 1298 Ita
2905 1242 3233 1299 Artabasdo
3262 1243 3325 1299 in
3351 1260 3519 1300 suam
3550 1251 3718 1316 pote-

2071 1335 2283 1386 statem
2312 1331 2576 1393 redacto.
2608 1338 2668 1387 et
2696 1332 2771 1387 iis
2803 1333 2904 1404 qui
2939 1348 3076 1388 eum
3116 1331 3575 1401 comitabantur,
3603 1333 3718 1406 ipsi

2071 1419 2418 1492 duobusque
2451 1421 2580 1493 ejus
2612 1421 2753 1476 filiis
2784 1421 2989 1477 oculos
3023 1421 3265 1489 eil'odit;
3314 1422 3719 1495 Bactagmum,

2070 1509 2348 1565 manibus
2378 1510 2542 1580 prius
2572 1511 2914 1582 amputatis,
2946 1511 3009 1565 in
3038 1511 3294 1583 Cynegio
3323 1511 3516 1584 capite
3554 1517 3724 1568 trun-

2073 1597 2245 1655 cavit.
2287 1597 2498 1654 Multos
2526 1616 2761 1671 quoque
2813 1616 3085 1671 proceres
3133 1602 3164 1656 e
3212 1602 3331 1657 vita
3377 1601 3620 1656 sustulit
3662 1605 3725 1657 et

2072 1705 2276 1744 eorum
2302 1689 2457 1746 bona
2477 1690 2969 1761 publicavitJnde
2995 1696 3301 1761 equestres
3324 1690 3496 1747 ludos
3517 1691 3722 1760 edens,

2072 1776 2467 1832 Artabasdum
2501 1778 2778 1849 ﬁliosque
2809 1784 2868 1832 et
2897 1779 3119 1834 amicos
3151 1779 3279 1850 ejus
3300 1778 3526 1834 vinctos
3543 1779 3723 1835 intro-

297 1869 471 1925 αὐτοῦ
500 1866 591 1922 καὶ
615 1871 733 1928 τοῖς
765 1865 951 1943 φίλοις
976 1861 1283 1939 δεδεμένοις
1312 1862 1424 1939 ἄμα
1488 1864 1832 1938 Ἀναστασίῳ
1868 1869 1952 1936 τῷ

2074 1864 2205 1922 duci
2232 1866 2435 1936 jussit,
2466 1883 2587 1922 una
2615 1883 2750 1922 cum
2780 1868 3110 1937 Anastasio,
3159 1868 3261 1938 qui
3313 1884 3374 1924 se
3423 1868 3571 1923 falso
3616 1884 3723 1940 pro

295 1954 649 2031 ψευδωνῦμῳ
712 1955 1028 2029 πατριάρχῃ
1078 1954 1329 2032 τυφθὲντι
1388 1951 1673 2027 δημοσίως
1728 1953 1818 2010 καὶ
1866 1952 1953 2009 ἐπὶ

302 2043 423 2120 ϐνῳ
473 2045 846 2124 ἀντιστρόοως
901 2043 1267 2117 καθεζομένῳ.
1363 2048 1497 2107 Τοῖς
1554 2041 1614 2099 δὶ
1669 2044 1761 2098 σὺν
1819 2043 1968 2099 αὐτῶ

304 2135 558 2193 ἐλθοῦσιν
616 2133 895 2207 ἐξωτικοῖς
956 2131 1231 2189 ἐκέλευσεν
1318 2131 1635 2209 εἷσὲρχεσθα
1709 2132 1784 2194 εἷς
1836 2132 1968 2195 τοὺς

309 2221 504 2287 οἷ’κους
531 2223 622 2279 καὶ
654 2220 970 2299 διαρπάζειν
999 2223 1094 2287 τὰς
1135 2221 1321 2287 οὐσίας
1365 2228 1475 2279 τῶν
1534 2220 1802 2279 πολιτῶν.
1860 2222 1966 2278 Τὸν

310 2312 370 2370 δὲ
402 2312 759 2389 ψευδώνυμον
795 2315 1145 2389 πατριάρχην
1178 2313 1254 2375 ὡς
1311 2312 1591 2391 ὁμόφρονα
1639 2311 1827 2377 αὐτοῦ,
1875 2308 1967 2365 ἐκ-

297 2399 549 2482 φοϐήσας
603 2402 697 2458 καὶ
757 2400 1063 2473 δουλώσας,
1120 2399 1286 2457 πάλιν
1351 2400 1405 2456 ἐν
1467 2406 1549 2474 τῷ
1625 2400 1801 2476 θρόνῳ
1859 2406 1963 2469 τῆς

302 2495 611 2567 ἱερωσύνης
645 2491 1069 2561 ἀποκατέστησε.

379 2582 473 2652 Τῷ
505 2578 552 2635 δ’
607 2578 711 2636 ἔτει
766 2578 929 2658 ἐφάνη
960 2584 1220 2654 κομήτης
1283 2581 1450 2657 μὲγας
1506 2580 1643 2636 κατᾶ
1693 2581 1794 2649 τὴν
1854 2586 1961 2635 Συ-

310 2670 454 2739 ρίαν,
482 2668 573 2724 καῗ
603 2670 874 2742 Μαρουᾶμ
900 2674 1009 2725 τῶν
1071 2664 1317 2743 Ἀράϐων
1362 2666 1645 2744 ἐκράτησε,
1702 2668 1793 2723 καὶ
1851 2688 1959 2723 πα-

2077 1946 2414 2018 patriarcha
2468 1947 2730 2019 gerebat,
2792 1952 2851 2003 et
2888 1953 3031 2003 tunc
3084 1947 3322 2019 publice
3378 1947 3723 2004 verberatus

2076 2036 2244 2092 asino
2294 2042 2655 2109 praepostere
2714 2037 3030 2109 impositus
3089 2037 3351 2094 sedebat.
3410 2037 3757 2113 Extraneisr

2076 2141 2226 2196 quos
2256 2126 2405 2180 807
2444 2142 2645 2181 secum
2676 2125 3024 2194 adduxerat,
3056 2126 3356 2182 mandavit
3403 2132 3470 2182 ut
3513 2126 3723 2182 domos

2074 2214 2287 2270 civium
2302 2214 2649 2285 diriperent.
2674 2214 2787 2271 Sed
2809 2215 3202 2287 patriarcham
3216 2215 3385 2271 illum
3401 2214 3492 2270 sui
3505 2214 3726 2270 erroris

2076 2309 2453 2369 sectatorem,
2484 2304 2756 2359 territum
2797 2309 2976 2375 atque
3007 2303 3339 2374 subactum,
3386 2320 3625 2360 rursum
3655 2304 3721 2360 in

2074 2391 2327 2464 pristino
2366 2392 2515 2447 solio
2546 2392 2877 2448 collocavit.

2145 2589 2312 2639 Anno
2343 2583 2464 2638 4in
2517 2581 2687 2654 Syria
2734 2597 2982 2654 magnus
3030 2586 3264 2638 cometa
3304 2582 3599 2655 apparuit,
3660 2586 3722 2638 et

2068 2675 2406 2729 Maruamus
2437 2673 2500 2727 in
2540 2671 2762 2727 Arabes
2812 2671 3129 2743 imperium
3175 2671 3350 2743 cepit.
3402 2671 3506 2727 Hic
3553 2670 3722 2726 Chri-

302 2758 573 2835 ρακλησει
602 2762 712 2813 τῶν
768 2756 821 2813 ἐν
879 2763 949 2834 τῇ
1011 2758 1160 2831 Ἑῴᾳ
1217 2761 1556 2833 Χριστιανῶν
1604 2756 1959 2832 συνεχώρησε

2074 2762 2402 2818 stianorum
2434 2761 2536 2833 qui
2568 2777 2677 2832 per
2704 2759 3006 2816 Orientem
3037 2766 3175 2816 sunt
3209 2760 3718 2816 cohortationibus

303 2849 766 2925 χειροτονηθῆναι
827 2847 1206 2925 Θεοφύλακτον
1260 2843 1627 2923 πρεσϐύτερον
1667 2843 1954 2917 Ἐδεσηνὸν

2074 2866 2406 2923 persuasus,
2439 2849 2736 2906 concessit
2763 2855 2829 2904 ut
2854 2849 3326 2921 Theophylactus
3381 2849 3718 2905 Edessenus

304 2936 655 3013 πατριάρχην
688 2936 1050 3011 Ἀντιοχείας,
1097 2934 1461 3010 κοιμηθέντος
1520 2932 1816 3011 Στεφάνου.
1852 2934 1954 2990 Καὶ

2074 2940 2373 3012 presbyter
2447 2938 2778 2995 Antiochia:
2863 2937 3276 3010 designaretur
3352 2938 3712 3010 patriarcha,

300 3029 499 3081 τοῦτον
583 3024 875 3102 γράμμασι
948 3023 1263 3089 καθολικῶς
1316 3024 1581 3097 τιμᾶσθαι
1658 3025 1804 3101 παρὰ
1843 3024 1951 3078 τῶν

2074 3034 2294 3085 mortuo
2346 3033 2474 3084 tum
2528 3028 2850 3098 Stephano,
2911 3043 3166 3097 eumque
3221 3025 3458 3099 publico
3518 3025 3710 3083 edicto

296 3117 361 3171 Ἀ
374 3110 556 3187 ράϐων
584 3113 894 3190 προσέταξε,

2074 3119 2236 3183 iussit
2263 3117 2335 3173 ab
2369 3116 2664 3172 Arabibus
2695 3117 2756 3171 in
2785 3116 3010 3171 honore
3035 3115 3263 3172 haberi.

364 3206 457 3274 Τῷ
512 3204 550 3258 ε’
608 3198 714 3258 ἔτει
772 3202 958 3259 ἄδειαν
1025 3204 1196 3278 εὑρὼν
1252 3204 1280 3258 ὁ
1332 3203 1708 3277 Κοπρώνυμος
1765 3201 1819 3258 ἐν
1874 3206 1945 3276 τῇ

2137 3209 2307 3262 Anno
2341 3208 2372 3260 5
2404 3206 2811 3277 Copronymus
2840 3210 3052 3261 nactus
3093 3221 3467 3261 occasuonem
3517 3205 3604 3261 rei
3651 3205 3717 3261 in

286 3292 567 3364 Ἀνατολῇ
600 3293 674 3354 ὡς
704 3298 813 3348 τῶν
844 3287 1097 3367 Ἀράϐων
1147 3294 1285 3367 πρὸς
1344 3291 1633 3362 ἀλλήλους
1690 3292 1948 3368 μαχομέ-

2074 3299 2299 3355 )riente
2329 3295 2620 3368 gerendas.
2653 3296 2813 3351 inter
2840 3296 3063 3352 Arabes
3084 3296 3242 3352 civili
3271 3296 3502 3368 vigente
3530 3296 3712 3366 bello,

288 3406 426 3452 νων,
465 3382 846 3459 Γερμανίκειαν
902 3386 1013 3455 (82)
1069 3377 1490 3457 παραλαμϐάνει
1545 3383 1636 3436 καὶ
1687 3380 1952 3456 ἐπιστρα-

2074 3385 2493 3443 Germaniciam
2532 3384 2762 3456 recipit.
2797 3385 3243 3456 exercitumque
3273 3385 3347 3441 ad
3379 3385 3715 3442 Dulichiam

287 3471 440 3527 τε·5ει
490 3469 760 3546 Δουλιχίᾳ
812 3473 924 3543 (83)
979 3473 1070 3526 καὶ
1119 3470 1398 3547 Ἀσσυρίᾳ.
1461 3468 1839 3545 Προσελάϐπο
1898 3467 1955 3526 δὶ

2074 3482 2121 3531 et
2149 3476 2213 3530 in
2248 3474 2545 3545 Assyriam
2576 3473 2759 3528 ducit.
2791 3474 2991 3529 Matris
3021 3490 3257 3546 quoque
3289 3491 3411 3530 sua;
3433 3482 3716 3548 cognatos

242 3629 246 3632 γ
290 3559 555 3622 καὶτοὺς
611 3561 749 3635 πρὸς
813 3561 1022 3635 μητρὸς
1079 3566 1373 3637 συγγενεῖς,
1413 3559 1504 3615 καὶ
1562 3560 1616 3615 ἐν
1673 3561 1954 3633 Βυζαντίῳ

2074 3562 2173 3616 sibi
2207 3559 2505 3626 adsciscit,
2547 3566 2606 3615 et
2635 3560 2971 3631 Byzantium
3005 3577 3108 3615 eos
3139 3561 3439 3630 transfert,
3472 3562 3714 3618 multos-

430 3651 442 3672 ,
660 3651 673 3667 ι
791 3650 805 3664 .
881 3655 903 3667 ..
990 3648 1014 3668 σι
1170 3652 1184 3671 .
1432 3649 1446 3667 ς
1594 3651 1607 3669 1

303 3671 594 3725 μετῳκισε,
626 3671 718 3704 συν
747 3670 932 3711 αυτοις
987 3651 1044 3705 οὲ
1097 3670 1185 3706 και
1245 3648 1491 3711 πολλους
1539 3657 1744 3724 Συρους
1776 3651 1956 3705 Μονο-

2074 3666 2177 3721 que
2208 3665 2341 3704 cum
2378 3648 2470 3703 his
2519 3649 2716 3719 Syros,
2769 3648 3002 3703 Christo
3057 3649 3296 3705 unicam
3353 3650 3708 3722 afﬁngentes

300 3740 550 3813 φυσίτας.
584 3737 781 3815 Γέγονε
811 3737 867 3794 δὲ
896 3739 1004 3795 ἀπὸ
1037 3740 1069 3794 ι’
1116 3737 1433 3815 Αὐγούστου
1487 3734 1593 3802 ἕως
1637 3739 1693 3794 ιε’
1750 3741 1943 3801 σκέτος

296 3825 643 3904 ὁμιχλῶδες.

369 3921 453 3993 [Ρ.
489 3920 616 3992 462]
645 3922 737 3973 Τῶ
767 3920 811 3983 ς’
841 3913 947 3974 ἔτει
980 3918 1183 3995 ἐγένετο
1218 3918 1442 3991 σεισμὸς
1464 3919 1633 3994 μὲγας
1660 3917 1713 3973 ἐν
1744 3916 1952 3973 Παλαι-

304 4010 454 4083 στίνῃ
484 4009 573 4063 καὶ
604 4008 660 4062 ἓν
688 4011 772 4080 τῷ
803 4005 1051 4083 Ἰορδάνῃ
1083 4006 1172 4063 καὶ
1204 4005 1256 4062 ἐν
1286 4015 1431 4083 πασῃ
1464 4010 1534 4081 τῇ
1595 4006 1785 4083 Συρίᾳ,
1822 4005 1954 4081 μηνί

297 4099 620 4172 Ἰανουαρίῳ
658 4095 735 4158 εἷς
760 4098 861 4166 τήν
894 4103 985 4166 ιη’,
1008 4092 1126 4171 ὥρᾳ
1165 4095 1231 4166 δ’,
1288 4097 1382 4151 καὶ
1437 4095 1806 4170 ἀναρίθμητοι
1852 4117 1953 4168 μυο

304 4184 488 4264 ριάδες
516 4188 857 4256 τεθνήκασιν,
890 4185 1181 4257 ἐκκλησίαι
1236 4207 1296 4242 τε
1333 4185 1424 4242 καὶ
1484 4187 1822 4259 μοναστήρια
1859 4205 1953 4240 πε-

303 4278 575 4346 πτώκασι,
605 4276 696 4330 καὶ
745 4273 981 4348 μάλιστα
1035 4275 1171 4331 κατὰ
1223 4276 1351 4344 τὴν
1380 4268 1588 4350 ἔρημον
1642 4280 1745 4344 τῆς
1803 4273 1954 4351 ἁγίας

293 4364 536 4428 πόλεως.
569 4367 666 4437 Τῷ
702 4362 852 4437 αὖτῷ
882 4361 986 4420 ἔτει
1024 4362 1317 4439 λοιμώδης
1374 4365 1600 4428 θάνατος
1659 4363 1765 4419 ἀπὸ
1799 4369 1957 4418 Σικε-

2059 3744 2336 3794 naturam
2391 3737 2491 3808 qui
2548 3736 2829 3792 dicuntur
2876 3737 3317 3809 Monophysitm.
3347 3739 3395 3792 A
3428 3740 3494 3793 10
3521 3755 3711 3810 usque

2059 3827 2135 3883 ad
2166 3828 2232 3880 15
2263 3825 2421 3881 diem
2453 3823 2700 3896 Augusti
2733 3823 2991 3879 tenebrae
3022 3824 3263 3880 fuerunt
3289 3824 3648 3897 caliginosa.

2131 3916 2302 3969 Anno
2324 3919 2490 3968 sexto
2511 3929 2760 3985 magnus
2783 3912 2887 3967 fuit
2901 3913 2962 3967 in
2977 3911 3293 3968 Palmstina
3303 3917 3477 3969 terra:
3489 3919 3707 3984 motus,

2062 4011 2122 4061 et
2149 4005 2223 4060 ad
2272 4004 2587 4060 Iordanem
2645 4019 2868 4075 perque
2917 4003 3257 4059 universam
3297 4004 3550 4075 Syriam,
3610 4003 3706 4059 die

2059 4094 2284 4149 mensis
2304 4092 2566 4147 Januarii
2592 4093 2670 4156 l8,
2692 4092 2839 4146 hora
2854 4094 2907 4156 4,
2938 4091 3373 4163 innumeraque
3393 4092 3709 4148 hominum

2061 4181 2385 4253 perierunt
2400 4178 2608 4247 millia,
2641 4186 2993 4236 corruerunt
3009 4179 3231 4251 templa
3250 4186 3309 4235 et
3323 4181 3707 4249 monasteria,

2062 4272 2321 4328 maxime
2343 4287 2450 4341 per
2466 4270 2852 4326 solitudinem
2866 4270 3032 4327 urbis
3062 4270 3530 4327 sanctaa.Eodem
3550 4286 3709 4326 anno

2060 4361 2268 4434 pestis,
2300 4360 2373 4416 ab
2405 4359 2605 4416 Sicilia
2639 4365 2698 4415 et
2725 4359 2997 4417 Calabria
3026 4365 3262 4432 sumpto
3292 4359 3483 4425 initio,
3528 4358 3710 4415 veluti

302 4454 428 4517 λίας
468 4455 562 4510 καὶ
608 4448 926 4529 Καλαϐρίας
966 4454 1263 4529 ἀρξάμενος
1320 4452 1436 4509 οἷόν
1502 4474 1557 4508 τι
1611 4455 1719 4530 πῦρ
1777 4451 1957 4508 ἐπινε-

2074 4450 2216 4521 ignis
2248 4448 2521 4520 proxima
2549 4448 2876 4520 corripiens
2904 4448 3366 4505 Monembasiam
3420 4464 3610 4519 usque
3651 4452 3712 4505 et

310 4544 548 4620 μόμενον
577 4542 667 4598 ἐπὶ
697 4543 798 4612 τήν
831 4537 1211 4616 Μονεμϐασίαν
1265 4544 1354 4598 καὶ
1409 4539 1653 4600 Ἐλλάδα
1720 4540 1810 4597 καὶ
1859 4541 1956 4602 τὰς

2074 4539 2128 4593 in
2160 4538 2443 4593 Graeciam
2476 4552 2607 4593 sese
2638 4539 2978 4611 propagavit
3006 4537 3351 4610 insulasque
3390 4537 3713 4610 circumja-

305 4640 707 4707 παρακειμένας
734 4632 934 4701 νήσους
963 4630 1105 4700 ἦλθε
1135 4628 1205 4685 δι’
1237 4629 1377 4700 ὅλης
1406 4636 1506 4699 τῆς
1556 4626 1620 4685 ιδ’
1678 4627 1954 4685 ἶνδικτιῶ-

2074 4630 2286 4683 centes.
2319 4628 2431 4682 Per
2450 4626 2644 4683 “totam
2673 4626 2828 4683 808
2859 4627 3246 4683 indictionem
3278 4627 3344 4682 14
3369 4631 3429 4684 et
3453 4627 3623 4684 initio
3647 4630 3709 4683 l3

308 4744 422 4784 νος.
454 4725 537 4797 Τῇ
567 4720 624 4778 δὲ
682 4723 740 4777 ιε’
786 4721 1014 4794 ἤρξαντο
1045 4719 1096 4775 ἒν
1129 4725 1198 4796 τῇ
1256 4716 1492 4795 βασιλίδι
1541 4717 1701 4775 πόλει
1754 4717 1957 4797 α’ίφνης

2074 4718 2230 4790 Cpoli
2264 4718 2458 4774 subito
2490 4724 2550 4773 et
2576 4717 2703 4774 visu
2740 4734 2861 4774 non
2910 4719 3258 4775 observante
3300 4719 3590 4776 exsistere
3645 4719 3709 4776 in

312 4811 557 4881 ἀοράτως
587 4810 827 4885 γίνεσθαι
854 4807 910 4865 ἓν
940 4831 999 4865 τε
1028 4815 1145 4873 τοῖς
1193 4814 1304 4865 τῶν
1355 4808 1654 4882 ἀνθρώπων
1712 4808 1958 4881 ἱματίοις

2074 4807 2377 4863 hominum
2428 4807 2688 4863 vestibus
2739 4813 2800 4863 et
2860 4807 2922 4863 in
2978 4808 3244 4864 ecclesiae
3302 4808 3714 4881 suppellectile

305 4896 395 4952 καὶ
428 4895 482 4951 ἐν
511 4902 628 4959 τοῖς
684 4901 794 4953 τῶν
846 4896 1171 4968 ’ἐκκλησιῶν
1232 4893 1486 4955 ἐπίπλοις
1543 4898 1654 4968 (84)
1732 4894 1955 4967 σταυρία

2074 4896 2336 4969 plurimaa
2369 4913 2596 4964 cruces,
2637 4897 2806 4967 quasi
2856 4914 2925 4952 ex
2974 4897 3102 4953 oleo
3148 4897 3339 4966 factas,
3386 4903 3711 4970 coeperunt.

305 4983 552 5056 ἐλαιώδη
581 4984 828 5043 πλεῖστα.
855 4984 1100 5063 ἰειγένετο
1132 4985 1224 5040 οὗν
1281 4983 1517 5040 ἐντεῦθεν
1568 4988 1687 5047 τοῖς
1744 4985 1951 5059 ἀνθρώ-

2074 4987 2188 5051 Quo
2220 4987 2385 5059 signo
2418 4984 2561 5057 quid
2589 4985 3063 5057 portenderetur,
3112 5002 3248 5042 cum
3286 4986 3560 5041 homines
3590 5001 3711 5043 non

1484 5165 1847 5222 XYLANDRI
1884 5166 1972 5220 ET
2011 5165 2225 5221 GOABI
2265 5166 2489 5222 NOTAE.

2058 5333 2376 5389 Ptolemaao
2406 5333 2582 5390 dicta.
2615 5335 2789 5391 Goxn.

2131 5407 2253 5476 (84),
2275 5402 2589 5472 Ἑπίπλοκ,
2612 5408 2794 5476 peplis
2818 5413 2876 5476 et
2899 5408 3032 5463 velis
3060 5409 3250 5464 sacris.
3280 5407 3516 5465 Simeon
3537 5410 3709 5467 Thes-

2064 5469 2172 5555 sal.
2230 5475 2303 5532 de
2360 5469 2583 5555 templo
2612 5469 2782 5555 ’ἱερὸν
2849 5469 3082 5532 ἕπιπλον
3147 5481 3248 5555 τῆς
3304 5478 3456 5555 ἁγίας
3508 5476 3709 5555 τραπέ-

2064 5550 2163 5675 Et):
2194 5556 2362 5605 vocat
2408 5548 2614 5605 altaris
2669 5548 3107 5622 indumentum,
3163 5551 3225 5608 id
3282 5548 3373 5608 est
3426 5548 3705 5628 mappam.

2110 5635 2239 5675 om.

2110 5635 2239 5679 OAIL

368 5342 482 5414 (8|)
515 5337 918 5414 ChrySOpolis,
952 5335 1096 5414 urbs
1130 5334 1282 5414 Asiae
1318 5340 1479 5414 tra_ns
1508 5335 1951 5414 Propontidem,

297 5430 328 5468 e
361 5407 605 5485 regione
635 5407 906 5493 Cpoleos,
947 5409 1357 5493 Scutrtridnunc
1379 5407 1590 5493 ‘Turcis
1618 5407 1803 5493 dicta,
1816 5424 1956 5488 _per-

299 5478 505 5611 geram
533 5500 569 5539 a
599 5478 960 5554 quibusdam
978 5495 1112 5534 cum
1144 5478 1513 5535 Chalcedone
1543 5479 1951 5534 confunditur.

351 5572 478 5611 om.

402 5626 492 5699 82)
523 5621 936 5699 I‘epnavixuav,
968 5621 1158 5699 Syria;
1179 5620 1409 5699 urbem.
1435 5620 1730 5699 _(Ptolem.)
1747 5622 1952 5699 ﬁgas.

402 5626 492 5699 82)
523 5626 936 5698 Γερμανίκειαν,
968 5626 1150 5694 Syris
1179 5626 1409 5678 urbem.
1438 5626 1730 5692 (Ptolem.)
1778 5626 1952 5678 GGAR.

378 5626 494 5774 (83)
550 5694 818 5753 Δουλιχια
884 5694 1074 5752 altera
1126 5692 1309 5767 Syria
1360 5692 1503 5749 urbs
1558 5699 1667 5763 est,
1739 5693 1957 5751 Doliche
2024 5714 2029 5717 ’
