4108 6300
495 379 610 440 887

1847 376 2167 441 GEORGII
2211 374 2551 440 CEDRENI

3751 382 3840 442 888

498 517 979 582 assequerentur,
1012 513 1073 566 in
1099 528 1376 582 magnum
1399 527 1713 568 mcerorem
1736 515 1913 581 atque
1934 509 2131 565 sollici‘

2258 527 2381 570 ποις
2413 505 2562 578 λύπη
2613 505 2702 563 καὶ
2734 504 2938 578 ἀθυμία
2966 504 3155 575 πολλὴ
3214 510 3280 580 τῇ
3336 509 3433 560 τοῦ
3487 511 3720 562 τοιοῦτου
3771 533 3850 581 ση-

497 599 766 654 tudinem
821 599 1177 658 inciderunt.
1235 600 1346 656 Sed
1391 606 1448 655 et
1499 601 1660 656 varia
1709 600 1864 654 mala
1914 599 2010 653 Dei
2064 598 2152 653 ira

497 688 764 743 immissa
793 688 1078 758 populum
1111 687 1428 744 confertim
1460 688 1873 755 absumebant,
1926 704 2045 742 non
2088 688 2150 742 in

495 777 641 830 urbe
677 777 874 840 modo,
910 778 1014 832 sed
1045 778 1105 832 in
1139 779 1415 833 universa
1445 779 1676 834 vicinia.
1733 779 1866 832 Visa
1915 793 2149 848 quoque

493 865 838 921 hominibus
853 866 1051 922 oblata
1075 868 1326 938 sunt,ita
1346 873 1412 923 ut
1436 868 1607 922 multi
1626 868 1932 922 hominum
1949 872 2148 920 mente

493 955 814 1011 abalienati
846 963 1128 1028 putarent
1161 976 1223 1013 se
1257 975 1390 1014 cum
1422 958 1751 1030 peregrinis
1793 957 2147 1028 quibusdam

495 1051 553 1100 et
582 1046 836 1101 terribili
868 1047 1030 1102 vultu
1072 1047 1338 1118 praeditis
1377 1047 1718 1103 hominibus
1768 1048 1882 1101 iter
1932 1045 2147 1113 facere,

490 1134 593 1206 qui
611 1141 992 1190 occurrentes
1020 1137 1135 1191 sibi
1165 1143 1448 1207 tanquam
1472 1137 1694 1192 amicos
1717 1135 2150 1207 compellarent

487 1232 664 1297 atque
697 1244 832 1282 cum
858 1227 930 1284 iis
955 1228 1485 1298 colloquerentur;
1514 1246 1582 1284 ac
1603 1245 1739 1284 cum
1763 1231 2149 1283 annotassent

490 1333 620 1388 quae
648 1317 722 1371 ab
757 1317 830 1371 iis
862 1316 1234 1383 dicebantur,
1275 1323 1398 1374 tum
1446 1317 1684 1374 demum
1735 1323 2145 1383 narraverunt,

489 1424 625 1462 cum
649 1423 720 1463 ea
741 1407 869 1478 jam
909 1409 1099 1463 exitus
1132 1409 1592 1480 comprobasset.
1630 1408 1918 1464 Videbant
1948 1413 2145 1462 autem

491 1513 592 1551 eos
622 1497 684 1552 in
715 1497 872 1552 aedes
935 1497 1181 1563 intrare,
1231 1498 1501 1569 aliosque
1549 1499 1712 1554 intus
1760 1497 2144 1568 suspendere,

491 1587 641 1641 alios
672 1586 864 1658 gladio
896 1586 1094 1642 ferire.
1129 1589 1382 1643 Eventus
1414 1588 1696 1659 pleraque
1723 1589 1796 1643 ab
1823 1587 1967 1658 ipsis
1991 1586 2148 1641 dicta

491 1693 628 1731 vera
664 1676 943 1731 ostendit.
999 1678 1190 1732 Verno
1244 1684 1508 1748 tempore
1558 1679 1765 1749 primae
1805 1675 2146 1731 indictionis

493 1765 710 1820 malum
772 1765 959 1838 magis
1014 1782 1142 1821 sese
1202 1766 1475 1826 intendit.
1509 1783 1872 1838 prorsusque
1929 1765 2146 1820 exarsit

490 1860 713 1921 testate,
746 1856 892 1910 adeo
924 1861 989 1910 ut
1020 1862 1078 1912 et
1111 1862 1244 1912 tota)
1277 1857 1489 1912 domus
1533 1857 2051 1921 concluderentur,
2086 1859 2145 1909 et

2259 598 2417 669 μείου
2459 596 2681 671 ἀπορίᾳ.
2745 595 2989 670 Ἐγένετο
3045 592 3102 650 δὲ
3141 595 3232 650 καὶ
3287 594 3556 665 θεομηνία
3633 597 3846 655 ποικίλων

2254 688 2461 757 παθῶν,
2510 684 2748 760 ἀφειδῶς
2777 686 2902 749 τοὺς
2961 683 3128 746 λαοὺς
3188 683 3574 757 ὀλοθρεύουσα,
3613 687 3666 741 οὐ
3721 690 3844 758 μόνοι

2259 773 2386 837 τοὺς
2419 773 2471 829 ἐν
2501 778 2571 849 τῇ
2597 774 2787 843 πόλει,
2820 773 2966 829 ἀλλὰ
2995 773 3083 828 καὶ
3112 772 3254 847 πάσῃ
3307 777 3379 846 τῇ
3413 775 3712 851 περιχώρῳ.
3739 777 3846 853 Ἐγέ-

2258 884 2414 920 νοντο
2451 861 2507 918 δέ
2537 864 2627 918 καὶ
2686 864 2995 942 φαντασίαι,
3027 863 3101 924 ὡς
3131 860 3380 925 πολλοὺς
3438 867 3543 916 τῶν
3599 863 3844 937 ἀνθρώπων

2261 951 2314 1008 ἐν
2344 952 2584 1010 ἐκστάσει
2613 955 2929 1030 γινομένους
2959 952 3202 1026 νομίζειν
3231 952 3399 1022 ξένοις
3441 952 3550 1006 τισὶ
3601 953 3683 1007 καὶ
3727 955 3846 1028 βρια-

2253 1047 2370 1114 ροῖς
2420 1042 2742 1118 προσώποις
2801 1039 3128 1113 συνοδεύειν,
3190 1042 3279 1096 καὶ
3365 1040 3495 1104 τοὺς
3555 1041 3847 1106 ἀπαντῶντας

2261 1135 2446 1197 αὐτοῖς
2477 1136 2552 1197 ὡς
2584 1133 2746 1206 δῆθεν
2773 1135 2970 1211 φίλους
3018 1135 3524 1210 προσαγορεύοντας
3579 1136 3663 1189 καὶ
3708 1134 3848 1192 διαλε-

2257 1226 2544 1298 γομένους.
2605 1223 3002 1298 Σημειούμενοι
3061 1221 3120 1278 δὲ
3185 1224 3251 1279 τά
3295 1226 3427 1297 παρ’
3475 1224 3642 1279 αὐτῶν
3694 1224 3848 1280 λαλού-

2259 1333 2388 1384 μενα
2419 1311 2649 1389 ἔσχατον
2722 1314 3006 1386 ἐξηγοῦντο
3062 1313 3339 1385 γινόμενα.
3404 1315 3620 1388 Ἐώρων
3659 1312 3707 1368 δὲ
3752 1314 3847 1376 τοὺς

2257 1401 2450 1465 αὐτοὺς
2535 1403 2610 1466 εἰς
2687 1404 2870 1465 nixos:
2930 1403 3376 1478 εἰσερχομένους,
3457 1404 3546 1458 καὶ
3614 1403 3726 1466 τοὺς
3776 1408 3844 1477 μὲν

2255 1496 2356 1546 τοῦ
2408 1492 2560 1548 οἷ’κου
2616 1498 2954 1566 κρεμῶντας,
3011 1494 3136 1555 τοὺς
3183 1491 3240 1546 δὲ
3297 1493 3438 1568 ξίφει
3480 1494 3844 1566 τιτρώσκοντας,

2253 1576 2540 1637 Συνέϐαινε
2571 1580 2628 1636 δὲ
2657 1582 2724 1636 τὰ
2753 1581 2980 1638 πλεῖστα
3009 1587 3114 1636 τῶν
3169 1584 3293 1656 παρ’
3357 1582 3535 1636 αὐτῶν
3587 1581 3841 1656 λεγομένων

2259 1670 2500 1745 γίνεσθαι
2533 1670 2704 1733 οὕτως
2735 1670 2916 1732 καθὼς
2947 1667 3100 1740 ᾖδον.
3124 1670 3213 1742 Τῷ
3244 1667 3301 1724 δὲ
3334 1669 3531 1742 ἐαρινῷ
3570 1675 3726 1742 καιρῷ
3771 1680 3846 1739 τῆς

2260 1758 2484 1832 πρώτης
2541 1756 2879 1822 ἰνδικτιῶνος
2934 1758 3164 1814 ἐπέτεινε
3221 1759 3508 1831 μειζόνως.
3552 1761 3637 1830 Τῷ
3689 1756 3735 1813 δὲ
3781 1773 3841 1823 θε-

2259 1845 2392 1921 ρινῷ
2423 1847 2674 1919 ἐξεκαύθη
2707 1847 2948 1917 εἰσάπαξ,
3009 1848 3147 1903 ὥστε
3196 1849 3287 1902 καὶ
3345 1846 3680 1922 ὁλοκλήρους
3706 1849 3845 1911 οῗκους

486 1943 765 1999 deessent
804 1945 905 2015 qui
965 1945 1249 2003 cadavera
1317 1947 1655 2015 humarent,
1712 1962 1906 2016 neque
1958 1945 2131 1999 etiam

2255 1937 2571 2004 κλεισθῆναι
2604 1936 2906 2006 παντελῶς,
2939 1937 3028 1991 καὶ
3082 1938 3158 2011 μὴ
3217 1937 3354 1992 εἶναι
3401 1937 3528 1998 τοὺς
3584 1937 3844 2016 ὀφείλοντας

491 2033 634 2088 satis
695 2039 850 2088 esset
905 2034 1282 2106 grabatorum
1338 2036 1412 2090 ad
1492 2051 1562 2091 ea
1645 2033 1964 2100 efTerenda,
2034 2032 2137 2087 sed

483 2122 758 2193 jumenta
790 2123 864 2178 ad
896 2123 1006 2178 hoc
1038 2129 1096 2177 et
1141 2123 1411 2179 vehicula
1465 2124 1912 2191 adhiberentur,
1965 2128 2142 2192 atque

485 2211 591 2266 illa
622 2212 682 2266 in
713 2213 1195 2283 propugnaculis,
1230 2212 1550 2278 suburbiis,
1581 2213 1856 2268 cisternis
1903 2212 2140 2267 siccatis

493 2316 559 2354 ac
591 2300 836 2355 lacubus
884 2303 1321 2371 sepelirentur;
1370 2302 1584 2373 quibus
1642 2302 1904 2373 impletis
1951 2301 2135 2356 vineae

486 2405 723 2459 quoque
756 2395 815 2443 et
844 2389 996 2443 horti
1030 2392 1226 2445 effossi
1259 2391 1354 2446 vix
1384 2391 1733 2462 obtegendis
1755 2390 2138 2446 cadaveribus

495 2477 856 2531 suffecerint.
881 2479 1120 2533 Interim
1150 2482 1575 2551 Copronymus,
1600 2480 1876 2535 omnibus
1903 2486 2142 2550 propter

484 2563 677 2635 ipsius
708 2565 1070 2635 impietatem
1103 2567 1344 2623 familiis
1377 2569 1675 2632 evastatis,
1709 2585 1915 2623 omnes
1959 2568 2138 2639 Oppi-

489 2653 779 2708 danorum
811 2655 1120 2711 facultates
1153 2657 1305 2712 809
1340 2659 1589 2712 corrasit
1619 2659 1798 2729 inque
1851 2657 2137 2728 palatium

485 2744 799 2814 congessit.
823 2746 1225 2816 Agarenorum
1259 2763 1493 2817 quoque
1513 2763 1583 2802 ea
1603 2752 1951 2818 tempestate
1979 2745 2137 2800 clas—

489 2832 570 2886 sis
601 2832 675 2887 ad
727 2834 982 2905 Cyprum
1027 2835 1272 2907 appulit.
1325 2838 1461 2892 Erat
1511 2836 1591 2890 ibi
1650 2838 1914 2893 Romana
1960 2836 2136 2890 etiam

484 2920 714 2988 classis,
749 2924 921 2993 cujus
975 2924 1186 2978 ductor
1242 2931 1447 2996 portus
1505 2925 1774 2982 faucibus
1835 2925 2136 2995 occupatis

479 3009 672 3064 subito
732 3012 972 3067 adortus
1029 3013 1228 3068 hostes
1285 3014 1594 3071 occidione
1649 3015 1884 3081 delevit,
1946 3013 2134 3068 tribus

480 3103 713 3152 tantum
747 3100 1010 3155 dimissis
1043 3102 1143 3172 qui
1171 3102 1460 3160 indicium
1491 3104 1844 3175 perferrent.

2267 2027 2485 2084 θάπτειν
2505 2027 2631 2090 τοὺς
2657 2025 2902 2102 νεκροὺς,
2966 2023 3106 2082 ὥστε
3159 2029 3234 2098 μὴ
3299 2025 3534 2102 ἐξαρκεῖν
3586 2030 3698 2090 τοὺς
3720 2023 3844 2102 κραϐ·

2261 2109 2460 2178 ϐάτους
2520 2113 2595 2178 εἰς
2651 2118 2751 2185 τήν
2807 2115 3012 2170 τούτων
3087 2113 3415 2187 ἐκκομιδὴν,
3473 2114 3612 2172 ἀλλᾶ
3661 2117 3738 2171 καὶ
3785 2114 3848 2170 διὰ

2257 2203 2475 2280 ἀλόγων
2531 2205 2620 2259 καὶ
2687 2203 2778 2260 διὰ
2833 2207 3051 2279 ἁμαξῶν
3113 2205 3356 2284 ἐκφέρειν
3416 2208 3539 2269 τοὺς
3584 2209 3842 2276 τεθνεῶτας,

2251 2295 2416 2349 καὶέν
2443 2300 2562 2356 τοῖς
2611 2295 3042 2369 προτειχίσμασι
3098 2296 3187 2350 καὶ
3243 2296 3592 2369 προαστείοις
3646 2296 3722 2350 καὶ
3762 2316 3841 2349 xw-

2256 2385 2498 2460 στέρναις
2556 2384 2808 2458 ἀνύδροις
2876 2385 2965 2440 καὶ
3041 2384 3265 2448 λάκκοις
3325 2386 3612 2450 θάπτεσθαι
3670 2385 3838 2453 αὐτοὺς,

2255 2476 2327 2528 ὧν
2382 2472 2784 2550 πληρωθέντων
2843 2476 2972 2536 τοὺς
3029 2473 3362 2548 ἀμπελῶνας
3416 2475 3506 2530 καὶ
3561 2476 3742 2544 κήπους
3787 2472 3840 2526 ει-

2250 2564 2534 2633 έσκαπτον,
2588 2564 2678 2618 καὶ
2738 2564 2900 2637 μόλις
2955 2565 3180 2626 τούτους
3259 2563 3492 2640 ἴσχυσαν
3550 2562 3834 2636 ἐπικαλύψας.

2258 2656 2459 2717 Παντὸς
2493 2652 2550 2709 δὲ
2579 2654 2733 2710 οἷ’κου
2765 2653 3148 2729 διαφθαρέντος
3200 2653 3289 2712 διὰ
3349 2659 3450 2726 τήν
3503 2650 3718 2711 ἀσέϐειαν
3760 2657 3831 2708 τοῦ

2260 2742 2664 2816 Κοπρωνόμου,
2722 2746 2892 2799 πάντα
2942 2745 3033 2800 ’.ὸν
3118 2743 3362 2800 πλοῦτον
3423 2750 3528 2800 τῶν
3593 2743 3825 2816 οἰκητόρων

2256 2841 2358 2901 τῆς
2390 2833 2606 2897 πόλεως
2636 2833 2953 2905 εἰσκομίσας
2984 2832 3033 2887 ἐν
3065 2837 3145 2905 τῷ
3179 2833 3436 2907 παλατίῳ
3468 2834 3691 2889 ἀπέθετο.
3726 2839 3823 2884 Κατ-

2261 2917 2424 2977 έλαϐε
2454 2919 2627 2977 δὲκαὶ
2661 2922 2687 2976 ὀ
2755 2927 2864 2977 τῶν
2920 2924 3234 2997 Ἀγαρηνῶν
3290 2922 3492 2985 στόλος
3555 2923 3652 2977 ἀπὸ
3696 2917 3817 2985 Ἀλεξ-

2256 3007 2502 3084 ανδρείας
2567 3010 2641 3071 εἰς
2698 3010 2934 3084 Κύπρον,
2988 3010 3112 3066 ἔνθα
3175 3011 3242 3080 ἦν
3322 3014 3352 3066 ὁ
3412 3012 3698 3085 Ῥωμαϊκὸς
3743 3005 3820 3060 ctri-

2248 3098 2369 3162 λος⁶
2406 3098 2672 3154 ἐπιπεσὼν
2703 3096 2759 3153 δὲ
2791 3099 2936 3172 αὐτῷ
2969 3101 2996 3154 ὁ
3048 3104 3154 3154 τῶν
3214 3102 3512 3174 Ῥωμαίων
3571 3097 3825 3176 στρατηγὸς,

482 3183 573 3239 καὶ
649 3185 711 3240 τὸ
772 3187 949 3260 στόμα
1003 3192 1100 3242 τοῦ
1159 3187 1384 3261 λιμένος
1441 3192 1735 3267 κρατήσας,
1807 3186 1976 3266 ἄρδην
2037 3186 2288 3243 ἀπώλεσε
2348 3189 2570 3257 πάντας,
2637 3194 2783 3263 τρεῖς
2851 3191 3052 3261 μόνους
3101 3187 3472 3260 ἐλευθερώσας
3531 3189 3613 3245 διὰ
3660 3185 3710 3242 τὸ
3752 3187 3828 3257 μή·

484 3294 650 3346 νυμα.

555 3367 731 3419 Anno
762 3365 1134 3421 Constantini
1174 3385 1330 3424 nono
1361 3371 1696 3425 Maruamus
1728 3385 1764 3425 a
1791 3369 2131 3440 Mauropho-

2311 3369 2478 3438 Tfpe'
2510 3365 2614 3423 ἔτει
2671 3365 3066 3424 καταδιώκεται
3100 3370 3380 3444 Μαρουὰμ
3431 3370 3532 3426 ὑπὸ
3593 3372 3688 3424 τῶν
3714 3371 3824 3420 Μαυ-

487 3453 593 3518 ris,
627 3454 728 3523 qui
759 3461 815 3508 et
843 3456 1294 3526 Chrysaronitaa,
1328 3458 1641 3524 invaditur,
1665 3459 2130 3530 gravissimaque

489 3542 808 3598 commissa
839 3561 1034 3616 pugna
1078 3547 1385 3603 occiditur.
1441 3548 1543 3603 Die
1595 3549 1874 3602 vicesima
1924 3549 2132 3619 quinta

484 3632 746 3686 Januarii
808 3635 1029 3689 mensis
1086 3637 1472 3691 Constantino
1531 3653 1598 3692 ex
1656 3638 1908 3692 Chazara
1965 3639 2130 3692 lrena

485 3720 641 3776 ﬁlius
659 3725 944 3792 nascitur,
969 3726 1062 3780 cui
1092 3727 1266 3781 Leoni
1300 3744 1518 3783 nomen
1548 3727 1705 3783 fecit.
1739 3727 1957 3782 Eodem
1995 3735 2130 3782 tem-

483 3827 625 3882 pore
650 3812 710 3866 in
741 3813 906 3884 Syria
926 3816 1116 3887 gravis
1146 3821 1320 3871 terra)
1352 3823 1545 3872 motus
1595 3817 1891 3872 terribiles
1943 3817 2128 3871 edidit

477 3901 704 3964 ruinas,
737 3904 1092 3973 quibusdam
1126 3906 1372 3961 urbibus
1395 3924 1659 3978 prorsus,
1684 3907 2037 3977 quibusdam
2051 3906 2125 3961 ad

476 3991 733 4044 mediam
757 3999 985 4063 partem
1009 3997 1338 4065 prostratis,
1373 3997 1682 4052 nonnullis
1703 3997 1879 4051 etiam
1903 4013 1937 4051 a
1955 4013 2122 4050 mon-

478 4077 633 4132 tanis
664 4079 726 4134 in
758 4080 1054 4151 subjectae
1086 4084 1362 4154 planities
1393 4101 1526 4140 cum
1558 4086 1744 4140 muris
1771 4091 1828 4139 et
1857 4085 2123 4139 aedificiis

472 4167 697 4238 absque
719 4169 842 4224 ullo
866 4169 1082 4226 damno
1107 4172 1370 4244 trajectis
1392 4192 1580 4246 usque
1601 4174 1674 4230 ad
1696 4191 1797 4229 sex
1820 4174 2119 4229 milliaria.

470 4257 654 4312 Porro
684 4257 746 4312 in
795 4261 1219 4332 Mesopotamia
1276 4268 1434 4318 terra
1479 4264 1541 4318 in
1589 4263 1831 4335 longum
1881 4263 1954 4318 ad
2004 4263 2118 4318 duo

472 4347 661 4401 millia
693 4363 973 4418 passuum
1008 4356 1181 4422 rupta
1229 4357 1336 4418 est,
1381 4368 1568 4422 exque
1615 4356 1744 4424 ejus
1792 4353 1911 4408 imo
1961 4358 2119 4408 terra

471 4435 778 4492 albissima
809 4444 985 4510 atque
1019 4457 1269 4495 arenosa
1321 4448 1536 4513 egesta,
1589 4442 1660 4497 de
1705 4443 1874 4513 cujus
1918 4443 2114 4498 medio

469 4525 690 4579 animal
721 4527 860 4580 muli
886 4528 1076 4582 forma
1097 4529 1388 4598 ascendit,
1415 4531 1674 4590 humana
1703 4548 1837 4587 voce
1867 4531 2115 4602 loquens

467 4618 527 4665 et
585 4614 911 4682 praedicens
970 4617 1254 4687 populum
1336 4621 1653 4689 quemdam
1703 4638 1733 4676 e
1791 4621 2112 4676 solitudine

465 4699 527 4754 in
559 4703 782 4757 Arabas
842 4704 1245 4762 incursionem
1303 4707 1640 4765 facturum:
1703 4710 1971 4779 quod-et
2029 4710 2111 4764 sic

471 4791 683 4847 eveniL

536 4884 707 4937 Anno
736 4886 1028 4954 sequenti.
1066 4893 1292 4959 quartae
1323 4888 1665 4944 indictionis
1715 4889 1842 4960 ipso
1895 4892 2110 4946 Pente-

461 4977 640 5028 costae
670 4973 820 5030 festo
854 4975 969 5040 die,
1003 4978 1339 5035 Caballinus
1397 4979 1585 5034 ﬁlium
1631 4996 1802 5034 suum
1855 4981 2108 5036 Leonem

462 5061 715 5135 imperio
748 5065 1134 5140 inauguravit,
1170 5085 1448 5124 coronam
1482 5069 1531 5124 ei
1564 5071 1904 5141 imponente
1949 5075 2108 5128 Ana-

460 5155 662 5225 stasio,
693 5155 843 5212 falso
873 5159 1208 5229 patriarcha
1248 5166 1306 5213 et
1335 5159 1493 5214 socio
1524 5159 1848 5230 impietatis
1885 5162 2034 5233 ejus.

528 5319 683 5375 810
717 5323 882 5377 Anno
914 5322 1166 5393 lO__diem
1201 5339 1374 5378 suum
1415 5323 1564 5379 obiit
1615 5325 2107 5398 Theophylactus,

458 5415 869 5470 sanctissimus
900 5414 1229 5470 Antiochiae
1255 5414 1613 5486 patriarcha.

2239 3457 2489 3532 ροφόρων
2520 3460 2628 3512 τῶν
2672 3457 2984 3535 λεγομένων
3016 3461 3454 3534 Χρυσαρωνιτῶν
3485 3464 3612 3532 (85).,
3640 3454 3713 3510 καὶ
3756 3454 3826 3527 βα·

2242 3545 2473 3619 ρυτάτου
2511 3543 2761 3618 πολέμου
2819 3548 3173 3616 κροτήθέντος
3223 3551 3511 3604 κτείνεται.
3569 3551 3637 3617 Τῇ
3682 3541 3729 3598 δὲ
3773 3537 3829 3594 κε’

2235 3632 2332 3686 τοῦ
2365 3633 2698 3709 Ἰανουαρίου
2735 3635 2906 3706 μηνὸς
2937 3641 3182 3710 γεννᾶται
3223 3641 3301 3705 τῲ
3363 3632 3543 3692 ἀσεϐεῖ
3595 3637 3825 3690 Κωνσταν·

2235 3721 2365 3793 τίνῳ
2397 3723 2511 3786 υἱὸς
2542 3721 2599 3776 ἐκ
2628 3731 2727 3792 τῆς
2785 3725 3036 3799 Χαζάρας
3094 3724 3355 3801 Εἰρήνης,
3415 3727 3473 3780 ὅν
3530 3720 3826 3792 ἐπωνόμασαν

2235 3810 2452 3865 Λέοντα.
2499 3814 2586 3885 [Ρ.
2635 3815 2762 3886 463]
2818 3817 2907 3884 Τῷ
2958 3813 3104 3868 αὐτῶ
3165 3815 3360 3892 χρόνῳ
3420 3815 3604 3891 γέγονε
3652 3806 3827 3877 σεισμὸς

2234 3897 2286 3953 ἐν
2318 3898 2490 3971 Συρίᾳ
2517 3902 2606 3955 καὶ
2642 3901 2857 3976 μεγάλη
2893 3903 2984 3956 καὶ
3042 3899 3246 3980 φοϐερὰ
3279 3909 3507 3975 πτῶσις,
3538 3901 3648 3956 ὅθεν
3676 3897 3721 3951 αἱ
3758 3893 3826 3965 μὲν

2231 3993 2339 4042 τῶν
2399 3988 2616 4044 πόλεων
2671 3989 3003 4066 ὁλοκλήρως
3055 3991 3452 4069 ἠφανίσθησαν,
3500 3993 3552 4046 αἱ
3597 3987 3648 4044 δὲ
3669 3986 3826 4060 μέσωςο

2228 4081 2445 4152 Ἒτεραι
2505 4078 2611 4133 ἀπὸ
2653 4083 2762 4133 τῶν
2825 4081 3046 4155 ὀρεινῶν
3107 4081 3181 4144 εἷς
3231 4082 3298 4136 τά
3361 4080 3676 4149 ὑποκείμενα
3699 4069 3824 4127 πεδία

2231 4167 2326 4220 σὺν
2358 4172 2477 4231 τοῖς
2501 4167 2707 4242 τείχεσι
2735 4167 2828 4223 καί
2882 4175 3002 4232 τοῖς
3060 4169 3354 4244 οἰκήμασιν
3412 4164 3824 4244 ὁλόκληροισῶαὶ

2232 4255 2561 4329 μετέστησαν
2596 4257 2669 4320 ὡς
2700 4257 2804 4312 ἀπὸ
2854 4257 3058 4333 μιλίων
3115 4255 3189 4330 ἓξ.
3250 4261 3336 4317 Ἐν
3394 4253 3760 4324 Μεσοποταμίᾳ
3783 4243 3824 4299 δὲ

2227 4345 2302 4408 εἷς
2329 4353 2505 4418 μῆκος
2542 4345 2702 4420 μίλια
2732 4343 2832 4401 δύο
2863 4346 3066 4424 ἐρράγη
3096 4350 3130 4418 ἡ
3165 4355 3262 4423 γῆ,
3313 4349 3405 4404 καὶ
3469 4347 3526 4403 ἐκ
3574 4346 3662 4400 τοῦ
3693 4337 3820 4414 βυθοῦ

2225 4434 2391 4504 αὐτῆς
2443 4435 2662 4510 ἀνήχθη
2722 4443 2792 4512 γῆ
2854 4435 3154 4508 λευκοτάτη
3217 4439 3308 4492 καὶ
3366 4433 3649 4512 ἀμμώδης,
3700 4424 3820 4496 ἦςέκ

2227 4523 2392 4597 μέσου
2425 4524 2632 4593 ἀνῆλθε
2660 4530 2800 4594 ζῶον
2829 4525 3093 4597 μουλικὸν
3125 4525 3379 4593 ἄσπιλον,
3439 4525 3633 4582 λαλοῦν
3661 4519 3821 4589 ἀνθρω-

2222 4612 2349 4687 πίνῃ
2379 4616 2554 4690 φωνῇ,
2587 4614 2911 4688 προμηνῦον
2929 4609 3113 4677 ἔθνους
3137 4613 3443 4691 ἐπιδρομὴν
3459 4617 3516 4671 ἐκ
3537 4619 3630 4682 τῆς
3652 4607 3817 4682 ἐρήμου

2221 4703 2358 4757 κατὰ
2385 4706 2490 4756 τῶν
2523 4697 2792 4776 Ἀράϐων·
2829 4704 2858 4757 ὅ
2888 4705 2976 4758 καὶ
3005 4703 3218 4780 γέγονε.

2290 4879 2385 4953 Τῷ
2425 4877 2481 4936 δέ
2513 4881 2762 4956 ἑπομένῳ
2791 4882 2978 4958 χρόνῳ
3008 4890 3106 4952 τῆς
3141 4881 3184 4939 δ’
3237 4881 3571 4942 ἰνδικτιῶνος
3599 4880 3659 4950 τῇ
3686 4868 3812 4944 ἑορτῇ

2215 4975 2315 5037 τῆς
2377 4976 2778 5042 Πεντήκοστῆς,
2837 4967 3052 5046 ἔστεψεν
3114 4974 3140 5027 ὁ
3197 4969 3466 5040 δυσσεϐὴς
3513 4961 3813 5026 Καϐαλλῖνος

2216 5061 2310 5113 τὸν
2338 5058 2452 5112 υἱὸν
2493 5059 2654 5114 αὐτοῦ
2693 5062 2898 5115 Λέοντα
2954 5061 3028 5124 εἰς
3092 5061 3316 5136 βασιλέα
3375 5061 3462 5117 διὰ
3516 5047 3812 5115 Ἀναστασίου

2216 5151 2314 5202 τοῖι
2371 5145 2725 5222 ψευδωνύμου
2808 5151 3153 5226 πατριάρχου
3239 5154 3328 5207 καὶ
3399 5154 3687 5227 σύμφρονος
3737 5135 3814 5190 αὖ·

2217 5256 2334 5295 του.

2293 5327 2389 5398 Τῷ
2425 5325 2592 5382 ι’τέτει
2651 5328 2922 5400 ἐκοιμήθη
2958 5329 3337 5411 Θεοφῦλακτος
3379 5331 3407 5386 ὁ
3437 5327 3713 5406 ἁγιώτατος
3736 5332 3812 5370 πα·

2217 5415 2494 5491 τριάρχης
2527 5417 2887 5493 Ἀντιοχείας.

1661 5540 2019 5597 XYLANDRI
2058 5543 2146 5598 ET
2182 5542 2399 5599 GOARI
2429 5544 2650 5599 NOTAE.

528 5657 641 5732 (85)
675 5657 1025 5714 Chrosanitas
1053 5658 1346 5715 Diaconus
1374 5664 1542 5715 vocat
1565 5657 1602 5714 l.
1639 5674 1776 5728 χχιι,
1810 5659 2091 5732 populum
2125 5662 2434 5720 orientalis
2465 5661 2744 5721 Persidis.
2777 5663 2918 5722 XYL.
