4052 6316
415 361 530 434 891

1735 365 2136 432 GEORGlGll
2185 373 2528 443 CEDRENI

3735 391 3843 454 892

417 495 514 550 tis.
548 496 750 566 Itaque
782 512 943 550 mare
975 497 1246 568 protinus
1277 503 1448 556 terrm
1476 499 1629 558 8I2
1681 503 1907 573 aequale
1939 504 2072 572 fuit,

2188 506 2391 582 ηὐξήθη
2433 509 2521 568 ἐπὶ
2552 513 2728 579 ἂλλας
2775 518 2826 573 κ’
2874 518 3101 593 πήχεις,
3155 515 3299 575 ὥστε
3364 527 3843 598 συμμορφωθῆναι

419 584 796 655 pedestrique
821 584 1018 640 itineri
1051 587 1382 657 hominum,
1406 589 1669 645 ferarum
1703 609 1769 646 ac
1791 593 2072 647 domesti-

421 690 622 727 corum
666 674 1014 729 animalium
1072 677 1289 748 glacies
1337 679 1532 735 locum
1585 682 1770 749 dedit,
1805 700 1836 738 a
1865 684 2076 739 Zachia

421 779 608 832 usque
639 763 709 818 ad
749 765 1078 821 Danubium
1113 773 1171 822 et
1201 771 1462 840 Uupham
1490 771 1733 826 lluvium
1754 790 1820 828 ac
1851 775 2073 828 Danas-

421 853 536 906 trin
568 859 625 907 et
664 856 959 926 Dauaprin
994 864 1054 911 ct
1080 859 1402 930 Necropyla
1443 863 1860 934 reliquumque
1907 865 2072 919 littus

419 959 606 1013 usque
667 945 739 998 ad
799 947 1209 1003 Mesemtriam
1269 957 1329 1004 et
1382 953 1660 1007 MtI'Slam.
1754 954 2070 1009 Februario

418 1049 622 1087 mense
653 1034 871 1105 glacies
903 1035 1015 1090 ista
1049 1038 1144 1091 Dei
1171 1038 1347 1109 jussu
1380 1042 1436 1095 in
1473 1042 1731 1113 plurima
1777 1043 2069 1097 montium

415 1122 630 1176 similia
648 1122 868 1178 frustra
890 1125 1319 1198 discessit,quz:e
1341 1137 1646 1186 ventorum
1664 1133 1714 1185 vi
1739 1133 1811 1186 ad
1831 1133 2069 1186 Hierum

413 1213 637 1280 (fanum
677 1215 898 1285 Latine)
931 1216 1127 1272 delata
1158 1219 1295 1273 inde
1320 1239 1424 1292 per
1439 1224 1742 1294 angustias
1764 1223 1837 1278 ad
1859 1223 2068 1277 urbem

420 1301 807 1370 devenerunt,
828 1304 1112 1376 littusque
1141 1325 1315 1364 omne
1333 1311 1406 1365 ad
1433 1312 1856 1382 Pr0pontidem
1878 1328 2068 1381 usque

419 1394 477 1443 et
500 1389 766 1461 Abydum
791 1398 848 1446 et
873 1393 1098 1450 insulas
1123 1396 1685 1454 obtexerunt.Erant
1708 1400 1778 1455 iis
1797 1401 2070 1454 immixta

413 1479 670 1534 ferarum
702 1487 758 1535 et
788 1483 1082 1539 circurum
1116 1487 1466 1544 animalium
1501 1489 1804 1544 cadavera.
1833 1490 2068 1544 Licebat

415 1570 587 1622 veluti
643 1571 702 1624 in
764 1578 920 1627 terra
985 1575 1233 1644 pedibus
1292 1579 1404 1632 iter
1461 1579 2066 1649 facereaSOphianis

417 1676 605 1730 usque
637 1661 710 1715 ad
741 1663 946 1716 urbem
981 1671 1041 1719 et
1097 1683 1131 1720 a
1181 1668 1530 1740 Chrysopoli
1591 1686 1778 1739 usque
1836 1669 1909 1724 ad
1949 1670 2062 1723 divi

415 1751 723 1803 Mamantis
756 1758 814 1804 et
843 1753 1095 1808 Galatas.
1135 1757 1322 1812 Unum
1357 1757 1428 1812 de
1460 1759 1551 1812 his
1590 1759 1795 1814 frustis
1826 1759 2064 1814 allisum

415 1840 566 1892 arcis
600 1839 768 1894 scalae
829 1858 958 1896 eam
1005 1845 1311 1917 confregit.
1371 1847 1548 1902 Aliud
1598 1865 1766 1902 muro
1818 1848 2061 1902 allisum

413 1928 794 1984 vehementer
813 1947 948 1986 eum
971 1936 1290 2002 concussit,
1322 1937 1718 1992 sentientibus
1741 1943 2058 1992 tremorem

414 2016 485 2070 iis
517 2018 694 2072 etiam
719 2020 818 2089 qui
858 2020 1018 2076 intus
1046 2023 1411 2080 habitabant.
1439 2027 1577 2081 lnde
1601 2027 1661 2081 in
1682 2033 1801 2080 tres
1824 2031 2064 2097 ruptum

420 2110 616 2176 partes
650 2107 859 2164 urbem
891 2111 1093 2171 cinxit.
1128 2129 1161 2168 a
1191 2115 1491 2186 Manganis
1522 2133 1710 2186 usque
1735 2115 1809 2170 ad
1849 2120 2068 2186 Bospo-

418 2195 594 2261 rium,
639 2197 952 2255 altitudine
997 2218 1196 2257 muros
1246 2221 1553 2276 superans.
1607 2205 1812 2260 Martio
1863 2220 2067 2259 mense

420 2285 731 2340 confertim
765 2288 952 2343 stella:
984 2290 1056 2344 de
1087 2292 1233 2346 c0310
1265 2294 1628 2359 ceciderunt,
1658 2294 1737 2348 ita
1787 2298 1851 2346 ut
1897 2294 2067 2365 vulgo

421 2374 716 2428 dicvretur
749 2377 883 2431 finis
916 2381 1119 2435 mundi
1153 2383 1472 2453 appetiisse
1509 2401 1521 2439 :
1575 2383 1919 2452 siccitasque
1959 2382 2071 2436 fuit

427 2465 658 2536 ingens,
692 2483 807 2536 qua
840 2475 897 2522 et
926 2469 1118 2526 fontes
1146 2478 1206 2526 et
1236 2475 1486 2529 ﬂumina
1517 2478 1892 2529 exaruerunt.
1929 2473 2068 2537 Quae

425 2553 644 2624 impius
677 2555 777 2610 ille
810 2575 1061 2614 cernens
1090 2568 1265 2631 atque
1291 2563 1626 2630 inaudiens,
1660 2579 1779 2618 non
1823 2563 2008 2617 sensit
2037 2578 2074 2617 a

423 2650 542 2698 Deo
576 2643 682 2698 has
714 2645 952 2701 immitti
987 2649 1188 2720 plagas
1219 2651 1404 2722 ipsius
1426 2670 1460 2708 a
1481 2653 1745 2724 profanis
1763 2651 2072 2706 conatibus

421 2735 721 2788 avertendi
759 2738 964 2806 gratia.
1001 2740 1290 2804 Quinimo
1323 2750 1590 2798 vocatum
1622 2742 1695 2796 ad
1728 2757 1787 2796 se
1821 2741 2073 2812 patriar-

423 2822 594 2876 cbam
630 2823 1044 2898 interrogavit:
1079 2851 1105 2877 ‹‹
1140 2831 1362 2900 Ecquid
1393 2832 1534 2886 mali
1568 2831 1738 2885 nobis
1768 2829 1909 2885 inde
1939 2830 2072 2897 erit,

425 2913 474 2965 si
509 2929 612 2983 pro
645 2914 896 2985 Deipara
924 2917 1344 2990 christiparam
1376 2921 1647 2976 dicamus
1668 2920 1695 2974 εἰ
1726 2941 1754 2969 ››
1787 2919 1939 2974 813
1970 2920 2076 2972 Pa-

429 3001 684 3057 triarcba
713 3005 1131 3076 imperatorem
1166 3010 1514 3081 amplexus:
1565 3033 1592 3059 ‹‹
1625 3011 1919 3077 Miserere,
1970 3009 2073 3076 ait:

425 3091 687 3162 domine,
722 3111 914 3166 neque
947 3097 1058 3152 hoc
1088 3098 1150 3152 in
1181 3099 1450 3154 animum
1487 3105 1652 3154 tuum
1671 3099 1870 3154 venire
1894 3097 2077 3168 patia-

425 3181 526 3236 ris.
564 3184 768 3238 Nonne
801 3186 961 3240 enim
1006 3188 1166 3242 vides
1225 3189 1440 3258 quibus
1494 3187 1973 3244 damnationibus
2019 3189 2079 3240 et

2182 599 2282 665 τὴν
2341 599 2614 664 θάλασσαν
2659 611 2728 680 τῇ
2771 603 2932 682 δηρᾷ,
2991 608 3080 662 καὶ
3131 613 3579 681 πεζοπορεῖσθαι
3629 606 3842 682 ὕπερθεν

2180 691 2276 741 τοῦ
2306 693 2502 763 κρύους
2530 695 2674 768 παρά
2701 717 2759 750 τε
2798 698 3097 770 ἀνθρώπων
3147 698 3238 753 καὶ
3299 699 3470 768 ζώων
3524 697 3750 772 ἡμέρων
3793 721 3844 755 τε

2181 779 2271 832 καὶ
2301 779 2502 854 ἀγρίων
2529 784 2590 838 τὸ
2623 785 2884 860 πέλαγος,
2917 787 3025 842 ἀπὸ
3053 808 3113 842 τε
3141 787 3374 863 Ζικχίας
3410 791 3536 860 (89)
3557 788 3728 863 μέχρι
3757 798 3846 844 Δα-

2182 863 2422 932 νοῦϐεως
2453 875 2669 928 καὶτοῦ
2705 876 2888 954 Κοῦφη
2934 881 3187 951 ποταμοῦ
3233 881 3334 932 τοῦ
3389 878 3752 952 Δανάστρεώς
3793 899 3846 933 τε

2179 958 2269 1011 καὶ
2303 960 2626 1036 Δανάπρεως
2656 964 2884 1020 καὶτῶν
2933 964 3304 1041 Νεκροπύλων
3361 967 3458 1022 καὶ
3503 975 3607 1035 τῆς
3651 967 3847 1032 λοιπῆς

2179 1046 2345 1117 ἀκτῆς
2435 1052 2603 1127 μέχρι
2688 1049 3050 1130 Μεσημϐρίας
3135 1057 3224 1111 καὶ
3311 1053 3595 1126 Μηδείας.
3656 1062 3742 1128 Τῷ
3794 1055 3844 1112 δὲ

2179 1133 2533 1214 Φεϐρουαρίῳ
2567 1143 2695 1214 μηνὶ
2726 1148 2824 1199 τοῦ
2875 1145 3128 1201 τοιούτου
3174 1147 3356 1223 πάγου
3404 1147 3552 1202 κατά
3603 1145 3840 1202 κὲλευσιν

2178 1230 2311 1280 Θεοῦ
2378 1228 2453 1291 είς
2509 1230 2742 1288 πλεῖστα
2809 1233 3080 1312 ὀρεοφανῆ
3133 1237 3411 1310 τμήματα
3455 1233 3835 1310 διαιρεθέντος,

2175 1315 2266 1369 καὶ
2295 1320 2362 1391 τῇ
2394 1323 2502 1374 τῶν
2535 1320 2746 1394 ἀνέμων
2781 1322 2875 1398 βίᾳ
2914 1323 3002 1377 ἐπὶ
3051 1324 3115 1378 τὸ
3172 1324 3339 1398 Ἱερὸν
3392 1325 3834 1403 κατενεχθέντος,

2177 1400 2265 1458 διὰ
2295 1411 2392 1461 τοῦ
2422 1413 2608 1464 στενοῦ
2653 1412 2742 1466 ἐπὶ
2803 1414 2902 1482 τήν
2971 1410 3135 1467 πόλιν
3197 1407 3458 1492 ἔφθασεν,
3524 1413 3620 1468 καὶ
3680 1413 3835 1487 μὲγρι

2173 1495 2270 1564 τῆς
2305 1498 2676 1570 Προποντῖδος
2701 1502 2789 1556 καὶ
2834 1506 2942 1556 τῶν
2995 1503 3174 1572 νήσων
3230 1501 3323 1557 καὶ
3380 1497 3633 1558 Ἀϐύδου
3673 1509 3831 1557 πᾶσαν

2173 1584 2273 1651 τὴν
2305 1586 2570 1661 παραλίαν
2629 1588 2979 1665 ἐπλήρωσαν,
3037 1591 3088 1645 ἐν
3151 1593 3234 1652 οἷς
3294 1591 3531 1666 ὑπῆρχε
3583 1592 3677 1646 καὶ
3735 1597 3834 1660 ζῶα

2175 1672 2332 1750 ἅγριά
2358 1698 2417 1732 τε
2447 1679 2536 1733 καὶ
2593 1676 2775 1756 ἥμερα
2830 1685 3117 1745 τεθνεῶτα.
3181 1687 3290 1746 [lic
3339 1681 3403 1737 ἐξ
3435 1683 3466 1736 ὁ
3504 1680 3830 1756 βουλόμενος

2175 1766 2279 1821 ἀπὸ
2313 1774 2587 1844 Σοφιανῶν
2627 1768 2733 1834 ἕως
2781 1779 2882 1841 τῆς
2938 1772 3156 1835 πόλεως
3205 1774 3293 1828 καὶ
3341 1774 3454 1828 ἀπὸ
3519 1775 3831 1848 Χρυσουπὸ-

2182 1852 2320 1918 λεως
2352 1855 2453 1920 ἔως
2485 1863 2582 1915 τοῦ
2613 1860 2798 1933 Ἀγίου
2829 1863 3118 1936 Μάμαντος
3150 1863 3240 1917 καὶ
3269 1866 3383 1916 τῶν
3425 1860 3688 1917 Γαλατῶν
3727 1865 3827 1934 (90)

2176 1941 2474 2008 ἀκωλύτως
2505 1949 2579 2011 ὡς
2623 1947 2710 2004 ἐπὶ
2760 1950 2926 2024 ξηρᾶς
2971 1946 3238 2020 ἐϐάδιζον.
3291 1951 3392 2007 Ἕν
3443 1947 3505 2005 δὲ
3556 1948 3606 2021 ἐξ
3658 1951 3822 2004 αὐτῶν

2173 2035 2484 2112 προσφάξαν
2515 2040 2584 2110 τῇ
2614 2044 2714 2107 τῆς
2742 2034 3098 2113 ἀκροπόλεως
3127 2039 3305 2111 σοιάλᾳ
3351 2045 3470 2112 (9i)
3522 2041 3821 2114 συνέτριψεν

2173 2122 2366 2194 αὐτήν.
2442 2126 2660 2199 Ἕτερον
2733 2123 2790 2182 δὲ
2853 2133 2933 2201 τῷ
3006 2129 3181 2204 τείχει
3273 2129 3595 2206 προσραγὶν
3673 2131 3821 2183 τοῦτο

2178 2211 2435 2289 μεγάλως
2483 2211 2753 2286 ἐδόνησεν,
2813 2217 2887 2279 ὡς
2942 2217 3031 2272 καὶ
3085 2217 3214 2279 τοὺς
3271 2215 3495 2274 ἔνδοθεν
3557 2217 3826 2278 οἰκοῦντας

2178 2310 2584 2379 συμμετασχεῖν
2633 2309 2729 2361 τοῦ
2787 2305 2980 2362 σάλου.
3040 2307 3134 2368 Εἰς
3179 2306 3307 2381 τρία
3353 2305 3416 2362 δὲ
3473 2308 3635 2383 ῥαγέν
3674 2304 3824 2377 ἔζωσε

2173 2395 2274 2462 τήν
2303 2393 2464 2449 πόλιν
2499 2396 2604 2450 ἀπὸ
2660 2401 2769 2451 τῶν
2830 2397 3132 2473 Μαγγάνων
3189 2396 3292 2463 ἕως
3343 2403 3446 2455 τοῦ
3509 2397 3822 2467 Βοσπορίου,

2179 2483 2390 2546 οὗτινος
2463 2486 2527 2541 τὸ
2596 2486 2732 2561 ὕψος
2800 2488 3055 2563 ὑπερεῖχε
3120 2495 3220 2558 τῆς
3288 2487 3543 2551 πόλεως.
3621 2491 3713 2560 Τῷ
3773 2483 3824 2539 δὶ

2180 2573 2408 2646 Μαρτίῳ
2452 2576 2582 2648 μηνὶ
2639 2575 2855 2649 ἀστέρες
2904 2577 3117 2652 ἀθρόως
3171 2577 3232 2633 ἐκ
3285 2583 3387 2632 τοῦ
3444 2577 3674 2654 οὐρανοῦ
3716 2573 3823 2630 ἔπι-

2178 2682 2334 2730 πτον,
2369 2663 2442 2726 ὡς
2476 2662 2656 2740 λεγειν
2686 2667 2884 2728 πάντας
2919 2666 3223 2722 συντέλειαν
3281 2669 3454 2724 εἶναι.
3514 2664 3737 2745 Αὖχμός
3769 2683 3818 2718 τε

2179 2749 2354 2812 πολὺς
2384 2754 2601 2826 γέγονεν
2635 2754 2710 2816 ὡς
2768 2757 3098 2830 ξηρανθῆναι
3150 2756 3334 2829 πηγὰς
3395 2758 3487 2812 καὶ
3541 2751 3814 2827 ποταμούς.

2181 2843 2261 2915 [Ρ.
2295 2845 2421 2916 465]
2454 2849 2646 2901 ’Ἀτινα
2695 2844 2913 2920 βλέπων
2963 2847 3050 2902 καὶ
3106 2845 3320 2901 ἀκούων
3390 2849 3420 2904 ὁ
3469 2845 3678 2905 ἀνόσιος
3725 2843 3808 2897 οὐκ

2180 2931 2438 3006 ᾐσθάνετο
2473 2935 2733 3010 μάστιγας
2791 2936 2924 2990 εἶναι
2983 2939 3080 2991 τοῦ
3129 2940 3262 2992 Θεοῦ
3313 2939 3460 3010 πρὸς
3510 2933 3803 3008 ἐπιστροφὴν

2179 3025 2287 3075 τῶν
2345 3017 2602 3096 βεϐήλων
2656 3023 2821 3078 αὐτοῦ
2872 3024 2962 3079 καὶ
3019 3025 3319 3100 αἰσχίστων
3380 3026 3648 3100 πράξεων,
3695 3016 3797 3075 ἀλλ’

2185 3110 2399 3186 ἀγαγὼν
2437 3111 2652 3184 μᾶλλον
2709 3114 2800 3169 τὸν
2859 3115 3210 3190 πανριάρχην
3271 3113 3426 3191 λέγει
3489 3113 3652 3185 αὐτῷ’
3705 3105 3806 3162 «Τί

2181 3201 2329 3273 ἡμᾶς
2369 3201 2622 3276 βλάπτει,
2682 3201 2770 3256 ἐὰν
2813 3199 3063 3276 λέγωμεν
3115 3205 3216 3273 τήν
3273 3203 3550 3260 Θεοτᾶκου
3604 3203 3810 3275 Χριστο-

426 3273 903 3330 anathematibus
964 3277 1202 3333 infamis
1251 3280 1324 3334 ab
1387 3281 1650 3335 aniversa
1702 3279 1966 3334 Ecclesia
2000 3277 2076 3331 sit

2188 3265 2340 3344 τέκον
2414 3292 2471 3348 'O
2516 3287 2574 3344 δὲ
2609 3265 3092 3364 ’περιπτυξάμῖενος
3149 3265 3312 3348 αὐτὸν
3373 3292 3544 3366 λέγει·
3585 3316 3612 3343 ‹‹
3640 3265 3812 3353 ’.Ελέηο

420 3363 610 3417 factus
661 3365 1014 3421 Nestorius?
1044 3389 1073 3416 »
1133 3369 1283 3422 Tum
1332 3369 1756 3424 Constantinus
1804 3365 2072 3422 discendi

421 3469 600 3506 causa
632 3469 692 3506 se
717 3455 1059 3522 quaasivisse
1091 3457 1192 3523 ait,
1228 3457 1586 3528 mandatque
1619 3475 1694 3513 ne
1744 3458 1903 3511 hunc
1951 3472 2072 3510 ser-

427 3557 664 3594 monem
699 3542 801 3597 ulli
834 3543 1142 3599 hominum
1176 3547 1422 3616 aperiat.
1459 3546 1660 3618 Neque
1709 3546 1894 3601 multo
1942 3549 2076 3616 post

429 3631 666 3701 dignam
735 3649 770 3686 a
823 3649 884 3688 se
941 3635 1262 3690 constituto
1321 3637 1671 3706 patriarcbm
1738 3633 2074 3691 mercedem

429 3721 724 3792 rependit,
756 3729 822 3778 ut
858 3723 1035 3795 paulo
1066 3724 1316 3781 inferius
1347 3725 1752 3782 ostendemus.

496 3998 668 4053 Anno
697 4002 765 4054 24
795 4000 1221 4059 Constantinus
1252 4019 1395 4075 pace
1427 4019 1564 4059 cum
1595 4005 1828 4076 Pagano
1862 4001 2077 4075 Bulga-

425 4103 629 4142 rorum
661 4089 928 4162 principe
949 4091 1104 4148 facta
1134 4094 1327 4149 subito
1357 4099 1448 4149 est
1477 4093 1547 4148 ab
1579 4093 1722 4148 urbe
1757 4109 1892 4148 cum
1915 4108 2080 4148 exer-

429 4176 548 4232 citu
580 4179 916 4249 profectus;
950 4181 1344 4255 claustrisque
1392 4183 1734 4239 custodibus
1765 4182 1840 4237 ob
1872 4198 2078 4254 pacem

431 4265 718 4323 nimirum
750 4269 924 4325 istam
954 4270 1396 4328 fraudulentam
1442 4273 1638 4328 vacuis
1686 4272 1966 4340 inventis,
2017 4272 2082 4327 in

437 4355 770 4427 Bulgariam
803 4360 1104 4416 Tumtzam
1136 4378 1326 4432 usque
1355 4377 1724 4434 progressus,
1749 4360 1999 4433 tuguriis
2018 4360 2082 4414 in

2184 3399 2299 3444 σον,
2361 3375 2622 3448 δέσποτα,
2686 3377 2828 3452 μηδὲ
2885 3381 2962 3442 εἷς
3001 3378 3206 3437 ἔννοιάν
3263 3403 3364 3438 σου
3427 3381 3560 3456 ἔλθῃ
3618 3373 3812 3438 οὗτοςὁ

2183 3465 2370 3540 λόγος.
2407 3469 2534 3544 Οὐχ
2576 3469 2705 3540 ὁρᾷς
2763 3470 2863 3524 ὅσα
2921 3471 3297 3540 στηΛιτεύεται
3361 3471 3454 3528 καὶ
3513 3463 3816 3540 ἀναθεματί-

2187 3560 2330 3624 ζεται
2365 3556 2654 3630 Νεστόριος
2710 3556 2814 3612 ὑπὸ
2869 3558 3046 3627 πάσης
3102 3565 3202 3626 τῆς
3251 3557 3626 3630 Ἐκκλησίαν;
3661 3579 3687 3605 »
3725 3549 3814 3608 Καὶ

2185 3644 2213 3696 ὁ
2247 3641 2524 3718 βασιλεὺς,
2559 3668 2587 3696 (ί
2622 3645 2764 3718 Ἐγὼ
2835 3647 3021 3718 μαθεῖν
3079 3643 3254 3710 θὲλων
3312 3647 3602 3720 ἠρώτησα,
3648 3637 3811 3719 φησῖνι

2181 3728 2287 3793 ἓως
2319 3729 2376 3786 δὲ
2409 3736 2504 3787 σοῦ
2543 3729 2680 3787 ἔστω
2727 3733 2754 3787 ὁ
2813 3731 3001 3808 λόγος.
3033 3756 3060 3788 ι
3115 3733 3191 3792 Οὐ
3251 3733 3398 3790 πολὺ
3449 3735 3512 3790 τὸ
3555 3731 3604 3787 ἐν
3661 3725 3813 3802 μέσῳ,

2183 3819 2274 3874 καὶ
2333 3817 2452 3890 ἄξια
2509 3819 2586 3883 εἷς
2655 3821 2750 3875 τὸν
2825 3821 3276 3895 χειροτονηθέντα
3361 3823 3454 3880 ὑπ’
3517 3821 3678 3876 αὐτοῦ
3719 3834 3813 3869 πα-

2181 3908 2455 3984 τριάρχην
2487 3907 2824 3984 διεπράξατο,
2858 3909 3008 3966 ἅτινα
3041 3912 3155 3985 μετ’
3187 3910 3380 3989 ὀλίγον
3407 3909 3651 3982 ὲροῦμεν.

2257 4001 2354 4071 Τῷ
2384 3995 2465 4053 κδ’
2499 3995 2603 4054 ἔτει
2663 3998 2876 4072 ἀγάπην
2929 3997 3088 4068 δῆθεν
3137 4003 3373 4072 ποιήσας
3426 4000 3558 4076 μετά
3588 3993 3810 4071 Παγάνου

2185 4092 2283 4144 τοῦ
2313 4088 2504 4162 κυρίου
2564 4088 2922 4164 Βουλγάρων,
2981 4089 3234 4167 ἐξαίφνης
3289 4089 3522 4164 ἐξελθὼν
3580 4092 3674 4154 τῆς
3725 4078 3816 4136 πό-

2190 4176 2331 4238 λεως
2363 4177 2452 4232 καὶ
2483 4175 2830 4255 ἀφυλάκτους
2876 4178 3049 4251 εὑρὼν
3100 4180 3195 4241 τάς
3236 4181 3558 4254 κιιεισούρας
3607 4173 3689 4230 διὰ
3724 4170 3810 4237 τήν

2190 4267 2481 4338 ἀπατηλήν
2539 4265 2784 4340 εἰρήνην,
2852 4267 3099 4338 εἰσῆλθεν
3190 4268 3266 4333 εἷς
3331 4266 3668 4345 Βουλγαρίαν
3722 4257 3814 4318 ἓως

2190 4357 2473 4430 Τούμτζας
2542 4360 2676 4427 (92),
2741 4356 2832 4410 καὶ
2903 4355 3086 4429 βαλὼν
3146 4363 3253 4435 πῦρ
3346 4358 3422 4422 εἷς
3486 4359 3583 4418 τὶς
3665 4346 3812 4407 αὐλὰς

1613 4459 1981 4514 XYLANDRI
2018 4458 2105 4512 ET
2144 4457 2362 4513 GOARI
2398 4458 2621 4513 ΝΟΤιΕ.

493 4553 600 4623 (89)
634 4556 890 4640 Apparet
913 4555 1076 4640 ﬂuvii
1106 4573 1326 4640 nomen
1350 4556 1757 4640 esse_Zu§x-Ia<..
1793 4556 2075 4640 E_t_multo
2109 4558 2154 4622 D

431 4623 540 4708 boc
569 4623 945 4708 emendatius
969 4629 1076 4708 legi
1103 4637 1242 4708 puto
1270 4645 1444 4708 quam
1479 4623 1706 4699 Lyciam
1733 4630 2074 4708 in_Diacono

434 4696 585 4748 hanc
617 4696 803 4771 ipsam
836 4696 1146 4754 historiam
1181 4696 1421 4755 totidem
1459 4696 1635 4771 prope
1694 4700 1887 4754 verbis
1927 4701 2082 4753 refe-

439 4773 603 4842 rente
641 4771 657 4820 ι
713 4785 848 4822 xxn.
882 4773 1169 4825 Caaterum
1203 4789 1272 4825 ex
1305 4773 1414 4826 hoc
1444 4771 1572 4826 loco
1604 4773 1789 4826 lector
1842 4771 1900 4824 in
1950 4786 2086 4842 per-

439 4837 761 4893 multorum
780 4843 1154 4912 propriorum
1169 4844 1476 4897 nominum
1497 4843 1764 4897 notitiam
1781 4837 2085 4912 pervenire

439 4916 650 4985 potest,
685 4913 901 4982 quibus
936 4915 1064 4969 loca
1093 4915 1256 4985 tLpoli
1290 4915 1479 4968 vicina
1508 4921 1811 4985 notantur,
1845 4920 1902 4967 et
1954 4930 2084 4984 quae

439 4981 500 5056 in
522 4981 621 5056 bis
653 4981 916 5038 historiis
949 4981 1167 5056 passim
1199 4992 1535 5041 occurrunt.
1572 4984 1731 5040 ldem
1755 5002 1858 5056 pro
1883 4981 2088 5056 Cupba

438 5054 617 5128 habet
648 5054 964 5127 Euphraml
997 5057 1303 5112 Danastris
1334 5063 1391 5112 et
1423 5059 1708 5128 Danapris
1738 5054 2087 5110 mentio'su-

440 5143 545 5209 pra
573 5126 845 5209 facﬁtaJesl
874 5130 1350 5209 “inﬁtiinotmeto
1377 5145 1414 5209 ε¹
1437 5145 1557 5182 non
1590 5126 1812 5209 procul
1863 5127 2087 5209 Euripo

439 5200 626 5279 Ponto
657 5199 840 5281 fuisse
869 5200 1008 5254 inde
1041 5201 1244 5270 liquet.
1263 5201 1613 5284 ‘Masiamex
1637 5200 1897 5284 piacono
1924 5199 2091 5284 vicis-

440 5270 550 5322 sim
583 5271 832 5341 sumpsi,
876 5288 1010 5328 cum
1037 5269 1205 5327 meus
1263 5273 1479 5327 habeat
1531 5271 1801 5338 Mediam,
1851 5269 2084 5339 Μηδίας-

441 5341 582 5393 XYL.

511 5415 622 5479 (90)
649 5413 841 5470 Galata
873 5414 1012 5470 urbs
1045 5415 1525 5470 nominatissima
1555 5431 1622 5470 ex
1673 5415 1915 5470 adverso
1951 5430 2090 5484 por-

446 5484 646 5558 tusth
703 5502 773 5558 ex
805 5503 972 5554 cuius
1004 5493 1166 5557 parte
1199 5495 1366 5542 erant
1417 5487 1636 5558 palatia
1684 5487 2000 5557 Sophiaua,
2024 5491 2092 5558 et

447 5552 517 5630 ab
553 5552 625 5608 iis
653 5555 787 5630 gelu
818 5552 966 5612 mari
997 5552 1324 5630 compacto,
1358 5552 1512 5614 sicut
1541 5575 1610 5612 ex
1637 5552 1908 5630 opposita
1936 5557 2090 5612 Asia

445 5624 1349 5706 ChrysopolL_transitus't‘acilis
1380 5637 1526 5706 erat,
1558 5624 1745 5706 usque
1775 5628 1851 5685 ad
1884 5630 1946 5685 D.
1974 5630 2089 5684 Ma-

445 5695 646 5751 nantis
676 5695 738 5752 in
769 5699 874 5754 ΟΡ.
905 5700 1115 5756 intimo
1147 5717 1330 5756 cornu
1358 5695 1558 5757 situm.
1593 5695 1766 5756 Goan.

2255 4556 2368 4626 (91)
2403 4552 2589 4609 Σκάλα
2617 4557 2896 4632 οιίηιαοεηι
2927 4557 3168 4632 quidem
3203 4563 3267 4632 et
3290 4559 3508 4632 gradus
3535 4561 3810 4632 quoscupf

2186 4617 2301 4698 que
2350 4619 2779 4702 nonnunquam
2829 4617 3165 4702 sign'iﬁcat:
3211 4617 3324 4685 hic?
3365 4617 3626 4702 autema
3655 4617 3806 4702 scala?

2195 4695 2373 4754 sensu
2397 4695 2765 4754 deturbanda
2787 4695 3093 4756 estdictio.
3119 4708 3178 4756 et
3199 4702 3388 4758 navali
3421 4717 3523 4756 seu
3544 4698 3593 4752 ei
3627 4695 3807 4766 portus

2195 4773 2322 4824 loco
2336 4770 2409 4824 ad
2425 4788 2598 4842 quem
2625 4788 2654 4825 e
2677 4773 2919 4826 navibus
2939 4789 3168 4827 morces
3183 4776 3511 4830 efferuntur
3523 4777 3581 4825 et
3595 4767 3808 4842 descgn'

2195 4842 2343 4916 dunt
2373 4833 2564 4916 na'utze
2597 4843 2911 4916 afﬁgende,
2959 4844 3169 4916 Ὀρμον
3219 4846 3475 4916 proprie_
3501 4843 3661 4916 vocat
3707 4833 3806 4916 Μῦς

2196 4915 2536 5001 schopulus,
2569 4915 2630 4967 τὸ
2663 4896 2827 5001 μῖρος
2860 4896 3356 5001 τθῆλίελέήνοςξκείςτ
3381 4917 3408 4969 ὅ
3435 4896 3807 5001 ἑλκέμεναιηιξῑξ

2194 4991 2317 5051 νῆες
2343 4970 2608 5059 δέδενται,
2641 4970 2674 5040 (ί
2702 4970 2754 5059 οᾷδι
2791 4970 2973 5059 κοινοὶ
3005 4970 3231 5042 catilsz
3251 4984 3486 5059 λὲγουσι.
3535 4970 3609 5038 De
3658 4970 3810 5059 ξοᾶιιίξ

2198 5039 2515 5130 maritimis
2544 5039 2661 5130 Cl).
2688 5057 2953 5129 pluribus
2985 5039 3371 5115 Pancirollu's'
3395 5039 3598 5130 iopusc.
3649 5048 3715 5102 de
3759 5039 3813 5094 14

2197 5129 2362 5182 urbis
2392 5127 2660 5201 ejusdem
2689 5127 3049 5201 regionibus.
3097 5131 3270 5186 Goan.
3441 5127 3456 5130 “
3551 5196 3564 5201 _
3653 5189 3673 5201 ,
3739 5183 3749 5194 ,

2269 5203 2376 5272 (92ι
2411 5189 2552 5272 Ζὶισε
2583 5189 3104 5264 ῒιοὺεινῡὶειοοηυε,
3142 5208 3210 5272 et
3266 5202 3392 5258 haec
3435 5196 3603 5272 paulo
3640 5189 3814 5272 fusius

2198 5271 2397 5346 refert.
2456 5271 2558 5327 Ubi
2604 5272 2781 5346 quod‘
2807 5273 3025 5346 legitur
3071 5263 3235 5346 misso
3290 5263 3516 5346 igne-in
3572 5263 3808 5346 (chortis.

2200 5342 2486 5418 mendum
2519 5335 2648 5399 est}
2685 5343 2825 5415 quid
2857 5335 3016 5399 enim
3049 5351 3140 5418 est
3167 5335 3361 5418 ignem
3395 5335 3814 5418 cohorjiblfﬁli‘:

2195 5413 2430 5489 jicere?
2471 5423 2661 5485 potest
2703 5400 2901 5471 autem
2945 5400 3222 5489 corrigi,”
3241 5418 3289 5472 si
3349 5434 3452 5489 pro
3497 5400 3810 5489 cobortibﬂs

2200 5481 2358 5559 legas
2390 5481 2602 5541 corios:
2645 5505 2779 5541 nam
2812 5490 3031 5559 Noster
3054 5481 3223 5547 αὖλάς
3256 5481 3440 5551 vocat,
3461 5500 3562 5559 nos
3583 5481 3806 5559 tactu}:-

2201 5547 2565 5632 Stépbanum
2598 5559 2955 5632 monachum
2979 5557 3099 5612 νέον
3123 5567 3312 5629 vocat,
3337 5547 3491 5632 quod
3511 5547 3802 5626 epitheta!!!

2200 5628 2358 5700 apud
2387 5629 2538 5686 alios
2567 5630 2755 5686 abest.
2789 5631 2927 5685 ΧΠ..
