4108 6300
248 274 372 335 893

1388 258 1925 326 HISTORIARUM
1967 257 2505 330 COMPENDIUM.

3538 264 3659 325 891

253 404 319 467 ἅς
378 403 523 479 εὗρε,
585 395 719 475 μετᾶ
774 392 949 477 φόϐου
1008 392 1324 471 ὑπέστρεψε,
1414 392 1584 468 μηδὶν
1659 398 1944 473 γενναῖονλ

2055 413 2145 452 uss
2203 398 2504 456 incidebat
2564 399 2845 471 incensis,
2904 403 3178 456 metuens
3232 397 3344 453 sibi
3416 395 3660 453 domum

253 494 494 563 ποιήσας
505 536 519 549 .

320 583 422 655 ,Τῷ
475 581 553 635 κε’
603 576 708 634 ἔτει
766 576 1008 650 ἐκμανῆς
1055 572 1353 652 γενόμενος
1384 575 1413 629 ὁ
1460 569 1725 641 δυσσεϐἠς
1751 576 1912 649 βασι-

259 671 393 734 λεὺς
445 667 581 725 κατᾶ
632 667 830 726 παντὸς
885 659 1228 742 φοϐουμένου
1277 665 1369 719 τὸν
1425 663 1578 731 Θεὸν,
1645 661 1911 730 Στέφανον

261 763 358 819 τὸν
389 761 507 815 νεον
537 754 818 831 αἰδέσιμον
852 750 977 810 ὄντα
1003 760 1120 816 τοῖς
1171 758 1301 808 πᾶσι
1369 752 1459 808 διὰ
1494 753 1557 808 τὸ
1614 750 1667 808 ἐν
1698 751 1914 824 ἀρεταῖς

261 848 546 911 ποικίλαις
580 844 883 920 ἐκλάμπειν
916 843 1195 917 (ἐξήκοντα
1234 844 1338 920 γὰρ
1397 842 1627 918 χρόνους
1658 840 1912 909 ἐποίησεν

259 941 314 998 ἐν
369 944 459 997 τῶ
528 936 708 1013 βουνῶ
782 938 880 990 τοῦ
962 934 1123 1009 ἁγίου
1211 933 1500 1004 Αὐξεντὶου
1581 930 1915 1007 ἔγκλειστος)

266 1028 542 1092 ποικίλως
620 1023 1088 1099 τιμωρησάμενος
1169 1022 1466 1077 ἀπέκτεινε.
1552 1020 1786 1077 Πολλῶν
1860 1018 1920 1075 δὶ

268 1118 556 1196 ἀρχόντων
584 1116 676 1170 καὶ
735 1117 1082 1190 στρατιωτῶν
1136 1107 1542 1183 διαϐληθέντων
1596 1115 1916 1186 προσκυνεῖν

263 1210 367 1270 τὰς
394 1205 606 1269 εἰκόνας
659 1200 942 1279 διαφόροις
992 1200 1287 1277 τιμωρίαις
1336 1199 1564 1262 τούτους
1618 1196 1917 1256 ἀνάλωσεν.

264 1305 474 1377 ’Όρκον
535 1295 593 1353 δὲ
657 1295 952 1351 καθολικον
997 1292 1199 1355 πάντας
1247 1290 1377 1358 τοὺς
1437 1292 1542 1348 ὑπὸ
1596 1292 1698 1361 τήν
1757 1289 1920 1346 αὐτοῦ

265 1386 550 1468 βασιλείαν
609 1381 769 1448 ὄντας
828 1382 1129 1460 ἀπῄτησεν,
1186 1382 1355 1438 εἰκόνι
1416 1383 1491 1456 μὴ
1550 1380 1921 1457 προσκυνῆσαί

269 1467 406 1537 τινι.
465 1479 598 1535 Μεθ’
649 1476 725 1530 ὧν
782 1474 874 1529 καὶ
935 1476 1336 1529 Κωνσταντῖνον
1390 1472 1484 1528 τὸν
1565 1467 1919 1545 ψευδώνυμον

274 1566 627 1644 πατριάρχην
662 1563 750 1620 ἐπὶ
791 1557 1049 1635 ἄμϐωνος
1080 1562 1322 1626 ἀνελθεῖν
1377 1560 1464 1617 καὶ
1511 1562 1800 1635 ὑψώσαντα
1856 1559 1924 1613 τά

272 1658 438 1731 τίμια
458 1654 591 1730 ξύλα
623 1654 819 1726 ὀμόσαι
851 1651 1150 1724 πεποίηκεν
1209 1651 1283 1714 ὡς
1332 1651 1430 1707 οὐκ
1480 1648 1591 1706 ἔστι
1621 1656 1729 1707 τῶν
1761 1667 1926 1724 προσ-

2015 489 2213 553 rediit,
2246 492 2414 546 nullo
2445 492 2728 563 prmclaro
2760 492 3023 548 facinore
3054 490 3232 547 edito.

2088 583 2258 635 Anno
2289 584 2356 634 25
2388 581 2622 637 insania
2649 589 2858 638 contra
2895 598 3102 637 omnes
3150 582 3335 637 Deum
3383 579 3663 635 timentes

2018 672 2300 744 percitus,
2320 672 3665 745 Stephanumjuniorem,omnibusobillustres

2018 765 2267 821 virtutes
2311 767 2537 822 cultum
2594 768 2924 839 (sexaginta
2963 768 3123 822 enim
3178 783 3365 822 annos
3404 764 3664 820 inclusus

2022 854 2301 912 claustro.
2337 856 2494 927 quod
2526 862 2616 910 est
2646 857 2707 910 in
2738 856 2893 911 colle
2924 855 3111 911 sancti
3134 854 3431 913 Anxentii.
3453 869 3663 925 exege—

2021 945 2328 1013 rat),varie
2352 945 2753 1001 excruciatum
2774 951 2966 999 necat.
3002 943 3212 999 Multos
3255 943 3431 998 etiam
3464 958 3666 1014 proce-

2021 1048 2156 1087 rum
2196 1038 2375 1104 atque
2432 1034 2688 1090 militum
2747 1033 3057 1106 suppliciis
3113 1032 3362 1088 diversis
3410 1031 3668 1099 sustulit,

2022 1120 2251 1177 delatos
2278 1123 2436 1194 quod
2466 1123 2826 1196 imaginibus
2855 1122 3316 1194 supplicassent.
3350 1120 3670 1192 Exegitque

2024 1209 2096 1265 ab
2124 1210 2403 1267 omnibus
2437 1228 2544 1267 suo
2596 1211 2848 1283 imperio
2908 1210 3193 1282 subjectis
3236 1209 3669 1280 juramentum,

2027 1315 2144 1370 quo
2175 1300 2604 1357 conﬁrmarent
2631 1301 2780 1357 nulli
2812 1316 2874 1357 se
2924 1299 3168 1373 imagini
3212 1298 3674 1370 supplicaturas.

2025 1389 2180 1454 Quos
2234 1390 2394 1445 inter
2446 1391 2587 1447 fecit
2643 1392 2819 1448 etiam
2888 1397 2953 1446 ut
3040 1389 3468 1446 Constantinus
3524 1386 3674 1441 falso

2026 1480 2364 1551 patriarcha
2394 1480 2587 1537 dictus
2618 1487 2955 1552 suggestum
2986 1479 3434 1548 conscenderet,
3487 1476 3675 1532 eleva-

2026 1569 2220 1641 tisque
2254 1571 2604 1626 venerandis
2634 1572 2826 1627 crucis
2859 1570 3034 1641 lignis
3061 1569 3431 1625 adoratorem
3464 1565 3676 1638 imagi—

2026 1675 2169 1714 num
2203 1676 2330 1716 sese
2353 1660 2893 1731 essejurejurando
2921 1659 3271 1732 interposito
3294 1657 3673 1712 difﬁteretur.

269 1749 581 1804 κυνούντων
638 1744 734 1806 τὰς
801 1742 1029 1805 εἷκόνας·
1079 1741 1169 1797 καὶ
1250 1745 1442 1797 τοῦτον
1499 1740 1745 1817 παραυτὰ
1801 1758 1922 1794 ate-

2054 1749 2356 1820 itatimque
2387 1749 2541 1805 814
2589 1750 2727 1805 huic
2775 1748 3071 1822 persuasit
3120 1753 3187 1803 ut
3227 1763 3334 1819 pro
3383 1744 3674 1800 monacho

264 1836 500 1918 φανίτην
579 1836 693 1908 (93)
758 1831 895 1918 ἀντὶ
954 1834 1205 1906 μοναχοῦ
1275 1827 1453 1918 ἔπεισε
1533 1829 1777 1907 γενέσθαι
1832 1828 1923 1884 καὶ

274 1916 454 2002 κρεῶν
487 1916 921 1998 μεταλαμϐάνειν
952 1921 1042 1976 καὶ
1101 1917 1424 1996 κιθαρῳδῶν
1478 1921 1593 1995 (94)
1637 1919 1923 1995 ἀνέχεσθαι

273 2017 333 2072 ἐν
361 2017 430 2089 τῇ
461 2011 726 2090 βασιλικῇ
753 2009 993 2086 τραπέζῃ
1036 2013 1168 2083 (95).
1205 2007 1369 2069 Ἀλλ’
1423 2010 1523 2065 οὐκ
1579 2008 1656 2071 εἷς
1720 2009 1926 2083 μακρὰν

270 2109 308 2177 ἡ
344 2102 470 2174 δίκη
503 2106 695 2158 τοῦτον
724 2106 844 2161 ταῖς
895 2103 990 2155 τοῦ
1022 2099 1314 2178 μιαιφόνου
1345 2098 1502 2175 χερσὶ
1554 2096 1924 2174 παραδέδωκε.

280 2192 484 2257 Μαθὼν
506 2191 607 2267 γὰρ
667 2191 696 2245 ὁ
745 2189 999 2265 ἀλάστωρ
1059 2190 1142 2245 δτι
1202 2189 1231 2244 ὁ
1286 2189 1637 2268 πατριάρχης
1682 2186 1928 2249 πολλοὺς

276 2280 736 2360 ἐπληροφόρησεν
768 2280 936 2335 εἰπεῖν
984 2280 1074 2334 τὸν
1139 2279 1363 2354 βασιλεα
1419 2280 1556 2354 πρὸς
1615 2276 1797 2347 αὐτὸν,
1846 2277 1929 2332 ὅτι

281 2374 402 2433 Οὐκ
432 2369 541 2427 ἔστι
570 2372 699 2431 Θεὸς
758 2370 786 2424 ὁ
843 2369 1094 2445 Χριστὸς,
1149 2368 1239 2423 καὶ
1299 2365 1388 2423 διὰ
1433 2372 1594 2423 τοῦτο
1653 2365 1778 2423 οὐδὲ
1831 2369 1933 2437 τὴν

287 2465 501 2540 μητέρα
551 2461 716 2517 αὐτοῦ
774 2458 890 2536 ἔχω
944 2460 1230 2527 Θεοτόκον,
1298 2458 1525 2532 ἐξεμάνη
1585 2461 1704 2513 κατ’
1767 2458 1932 2513 αὐτοῦ

288 2553 369 2614 ὠς
397 2551 461 2607 τό
495 2553 793 2625 μυστήριον
849 2549 1014 2604 αὐτοῦ
1069 2542 1555 2623 θριαμϐεύσαντος.
1597 2546 1699 2604 Καὶ
1730 2545 1932 2608 ἐπιθεθς

293 2639 445 2713 αὐτῷ
501 2638 715 2703 πολλὰς
771 2637 998 2715 πληγὰς
1080 2632 1462 2714 ἐθριάμϐευσεν
1523 2637 1574 2692 ἐν
1632 2638 1711 2709 τῷ
1767 2639 1934 2692 ἱππο-

295 2728 493 2808 δρόμῳ
549 2727 923 2801 ἐμπτυόμενον
975 2729 1065 2784 καὶ
1115 2728 1431 2803 συρόμενον.
1520 2728 1657 2784 Εἶτα
1710 2724 1940 2805 ἀσφαλι-

293 2821 530 2893 σάμενος
549 2823 654 2891 (96)
673 2818 831 2873 αὐτὸν
862 2815 1191 2873 ἀποστέλλει
1221 2817 1357 2892 πρὸς
1388 2816 1550 2872 αὐτὸν
1594 2813 1937 2889 πατρικίους,

295 2909 391 2966 καί
419 2925 571 2986 φησιο
607 2932 634 2961 ‹‹
666 2908 726 2962 Τί
761 2905 936 2982 λέγεις
993 2905 1113 2983 ἄρτι
1162 2906 1287 2981 περὶ
1341 2913 1442 2976 τῆς
1498 2905 1730 2967 πίστεως
1781 2906 1939 2978 ἡμῶν

290 2998 385 3055 καὶ
424 3001 520 3067 τῆς
555 2995 783 3053 συνόδου
812 2997 879 3066 ἧς
909 2996 1245 3070 ἐποιήσαμεν
1280 3015 1293 3066 ;
1324 3021 1344 3047 ι
1397 2996 1455 3050 '0
1500 2992 1556 3051 δὲ
1609 2993 1938 3068 ματαιωθεὶς

280 3092 443 3149 ταῖς¹
484 3086 694 3163 φρεσὶν,
766 3086 1015 3160 οἰόμενος
1098 3086 1259 3142 αὐτὸν
1353 3083 1521 3140 πάλιν
1608 3083 1942 3157 ἐξευμενισά-

281 3189 432 3246 σθαι,
461 3178 544 3250 [Ρ.
576 3178 704 3249 466]
761 3175 1076 3250 ἀποκριθεὶς
1131 3175 1272 3229 εἶπ’
1335 3197 1364 3226 «
1425 3172 1625 3237 Καλῶς
1681 3171 1943 3240 ἐποίησας

285 3268 393 3336 τήν
427 3261 675 3334 σύνοδον,
707 3265 799 3319 καὶ
842 3263 1027 3327 καλῶς
1080 3263 1371 3325 πιστεύεις.
1435 3286 1464 3315 ››
1522 3264 1585 3317 Οἱ
1644 3259 1702 3318 Si
1756 3261 1943 3337 ἐπιγε-

294 3354 558 3416 Αάσαντες
590 3354 744 3409 εἷπον
802 3354 937 3429 πρὸς
981 3352 1164 3408 αὐτόν’
1222 3376 1252 3406 ‹‹
1299 3353 1492 3424 Ἡμεῖς
1555 3355 1718 3407 τοῦτο
1779 3352 1943 3424 μόνον

289 3443 566 3518 ἠθέλομεν
596 3444 822 3499 ἀκοῦσαι
872 3442 1019 3519 παρᾶ
1071 3447 1168 3499 τοῦ
1210 3446 1408 3518 μιαροῦ
1439 3462 1534 3498 σου
1569 3443 1861 3514 στόματος,
1917 3463 1948 3494 ››

296 3534 395 3589 καὶ
447 3541 794 3609 παραχρῆμα
861 3532 1204 3609 ἐξαγαγόντες
1289 3531 1445 3588 αὐτὸν
1526 3531 1948 3610 ἀπεκεφάλισαν,

295 3622 395 3679 καὶ
448 3623 510 3677 τὸ
562 3626 721 3695 σῶμα
777 3622 946 3677 αὐτοῦ
995 3619 1219 3697 ἔρριψαν
1271 3621 1347 3684 εἷς
1403 3619 1465 3677 τὸ
1523 3619 1785 3694 πέλαγος,
1826 3614 1952 3676 ἔνθα

295 3716 524 3787 πρῶτον
569 3712 815 3787 ὑπῆρχεν
872 3712 900 3766 ὁ
947 3713 1049 3780 τῆς
1093 3709 1282 3788 Ἀγίας
1336 3708 1607 3784 ΙΙελαγίας
1649 3711 1762 3785 (97)
1800 3711 1952 3782 ναὸς,

293 3802 361 3857 ’ὸν
441 3801 469 3855 ὁ
534 3801 799 3874 θεομισής
849 3798 1189 3860 κατακλύσας
1246 3798 1338 3855 καὶ
1393 3798 1564 3877 τάφον
1646 3796 1951 3855 καταδίκων

300 3891 546 3961 ποιήσας
602 3887 825 3945 ἐκάλεσε
898 3889 963 3944 τὸ
1018 3886 1311 3966 Ῑῐελάγιον.
1387 3888 1846 3964 Ἀντιχειροτονεῖ
1897 3885 1957 3944 δὲ

297 3979 653 4057 πατριάρχην
682 3980 921 4050 Νικήταν
955 3977 1220 4057 εὐνοῦχον
1274 3976 1366 4033 καὶ
1421 3973 1693 4037 Σθλάϐον.
1760 3976 1956 4034 Ὠσαῦ-

299 4090 417 4133 τως
477 4066 537 4125 δὲ
580 4069 668 4125 καὶ
729 4069 930 4143 Πέτρον
983 4068 1078 4124 τὸν
1153 4068 1297 4142 ἱερὸν
1380 4067 1473 4123 καὶ
1529 4067 1623 4123 τὸν
1697 4068 1956 4145 θεοφόρον

2032 1839 2370 1910 stephanita
2408 1838 2597 1908 fieret,
2647 1855 2825 1895 carne
2874 1843 3231 1906 vesceretur,
3289 1836 3471 1906 inque
3520 1834 3681 1906 regia

2032 1944 2237 1983 mensa
2266 1927 2535 1984 fidicines
2563 1928 2768 1985 audire
2801 1928 3141 1984 sustineret.
3175 1926 3287 1982 Sed
3316 1941 3438 1981 non
3493 1922 3677 1978 multo

2031 2022 2167 2089 post
2194 2017 2393 2074 divina
2421 2017 2677 2074 vindicta
2705 2018 2865 2074 hunc
2894 2019 2957 2073 in
2988 2033 3201 2073 manus
3232 2014 3464 2071 cruenti
3495 2011 3690 2068 homi-

2033 2106 2179 2161 cidae
2209 2107 2475 2163 tradidit.
2508 2107 2740 2163 Etenim
2771 2107 3217 2167 Constantinus,
3256 2106 3474 2160 certior
3494 2102 3685 2157 factus

2034 2195 2430 2267 patriarcham
2455 2196 2656 2252 multis
2670 2196 3011 2252 hominibus
3023 2212 3129 2268 pro
3145 2201 3304 2251 certo
3319 2191 3687 2266 persuasisse

2037 2286 2457 2357 imperatorem
2489 2286 2599 2342 sibi
2630 2287 2873 2355 dixisse,
2903 2302 2965 2342 se
2993 2287 3292 2341 Christum
3345 2300 3450 2355 pro
3483 2284 3601 2336 Deo
3634 2284 3693 2334 et

2037 2376 2288 2448 proinde
2337 2378 2579 2433 Matrem
2637 2378 2768 2450 ejus
2829 2395 2934 2449 pro
3000 2377 3253 2449 Deipara
3309 2389 3690 2445 nequaquam

2040 2465 2281 2536 habere,
2340 2466 2537 2521 furore
2585 2465 2865 2521 adversus
2915 2482 3073 2526 eum.
3124 2470 3193 2520 ut
3239 2463 3341 2535 qui
3393 2467 3689 2519 secretum

2040 2554 2228 2626 ipsius
2253 2555 2616 2626 publicatum
2630 2555 3014 2616 traduxisset.
3043 2555 3320 2611 incensus
3343 2558 3448 2608 est.
3487 2552 3693 2621 Itaque

2041 2644 2249 2699 multis
2272 2644 2617 2700 verberibus
2646 2645 2964 2700 multatum
2996 2644 3057 2698 in
3090 2642 3390 2715 triumpho
3440 2657 3546 2714 per
3578 2640 3695 2694 cir-

2043 2749 2177 2788 cum
2204 2733 2339 2788 duci
2370 2735 2615 2799 curavit,
2639 2740 2993 2805 consputum
3019 2738 3197 2804 atque
3224 2728 3696 2803 raptatum.lnde

2045 2841 2181 2880 cum
2213 2840 2349 2880 eum
2381 2824 2443 2880 in
2478 2824 2809 2880 custodiam
2862 2824 3147 2891 dedisset,
3203 2822 3388 2878 mittit
3433 2821 3507 2877 ad
3560 2836 3697 2875 eum

2046 2913 2348 2986 patricios,
2382 2914 2482 2986 qui
2515 2914 2873 2970 scitarentur
2888 2913 3176 2984 quidnam
3199 2911 3392 2967 adhuc
3414 2910 3486 2965 de
3509 2909 3699 2981 impe-

2046 3002 2261 3058 ratoris
2292 3002 2576 3074 relig'one
2606 3017 2674 3057 ac
2706 3001 2932 3073 synodo
2963 3001 3034 3057 ab
3064 3000 3193 3072 ipso
3230 2998 3529 3054 celebrata
3560 3013 3698 3052 senc

2050 3091 2207 3146 tiret.
2241 3094 2317 3147 At
2344 3108 2527 3146 vanus
2565 3091 2749 3147 animi
2789 3091 2912 3157 ille,
2968 3106 3216 3162 sperans
3265 3089 3375 3144 hoc
3417 3092 3588 3160 pacto
3637 3101 3700 3141 se

2056 3179 2477 3251 imperatorem
2525 3179 2920 3251 placaturum,
2980 3177 3309 3249 respondit,
3361 3181 3521 3231 recte
3565 3191 3701 3230 eum

2052 3267 2424 3323 instituenda
2456 3267 2683 3341 synodo
2715 3269 2925 3341 egisse,
2958 3272 3236 3338 recteque
3276 3265 3349 3321 de
3400 3264 3514 3321 fide
3566 3281 3704 3319 sen-

2056 3358 2190 3413 tire.
2222 3357 2331 3423 Qui
2357 3357 2521 3413 missi
2549 3362 2738 3425 erant,
2762 3357 3082 3413 irridentes
3105 3356 3439 3417 hominum,
3472 3355 3703 3425 hocque

2057 3464 2243 3503 unum
2274 3464 2335 3504 se
2369 3465 2437 3503 ex
2495 3448 2729 3520 impuro
2786 3447 2974 3520 ipsius
3030 3464 3130 3503 ore
3187 3446 3443 3503 voluisse
3502 3443 3708 3499 audire

2059 3537 2348 3605 dicentes,
2407 3537 2606 3592 statim
2663 3537 2941 3593 eductum
3000 3536 3191 3609 capite
3261 3537 3705 3598 truncaverunt,

2060 3626 2425 3697 cadaverque
2456 3626 2519 3682 in
2537 3625 2840 3699 Pelagium
2863 3624 3494 3697 projecerunt.Fanum
3518 3622 3711 3678 fuerat

2062 3721 2279 3771 sanctas
2310 3715 2598 3789 Pelagise:
2631 3715 2691 3770 id
2722 3715 3145 3770 Constantinus
3175 3712 3489 3768 demolitus
3510 3710 3710 3783 sepul-

2060 3809 2210 3860 turaa
2256 3804 2467 3876 capitis
2523 3803 2942 3859 damnatorum
2993 3802 3320 3858 destinarat
3357 3800 3712 3873 Pelagioque

2062 3909 2281 3949 nomen
2312 3894 2551 3949 fecerat.
2584 3894 2652 3948 In
2683 3892 2812 3964 ejus
2842 3891 3041 3948 locum
3090 3891 3416 3964 imperator
3460 3889 3716 3963 patriar-

2064 3981 2239 4037 cham
2270 3981 2541 4054 designat
2591 3981 2859 4037 Nicetam
2912 3982 3280 4045 eunuchum,
3331 3996 3546 4053 genere
3591 3978 3717 4034 Sla-

2065 4087 2222 4126 vum.
2257 4071 2497 4126 Petrum
2528 4086 2764 4142 quoque
2819 4076 3091 4126 sanctum
3140 4070 3353 4139 virum,
3409 4075 3467 4125 et
3515 4068 3714 4123 divino

1504 4168 1866 4224 XYLANDBI
1901 4169 1989 4225 ET
2025 4168 2241 4224 GOARI
2279 4168 2500 4225 NOTAE.

380 4270 494 4341 (93)
519 4270 637 4324 Hoc
659 4268 802 4341 quid
839 4267 934 4337 sit,
962 4266 1185 4323 nescio.
1217 4267 1353 4321 XYL.
1389 4298 1458 4341 ——_
1498 4267 1617 4321 Hoc
1670 4270 1784 4341 est,
1809 4282 1957 4341 nugi-
1987 4266 2036 4332 D
2069 4266 2206 4321 dire.
2229 4265 2708 4341 _Lachon_odraco_
2728 4265 3051 4341 impietatis
3082 4266 3331 4341 temulus
3354 4264 3427 4321 ad
3450 4264 3578 4341 ejus
3601 4280 3716 4341 nu—

306 4338 397 4396 tio’
421 4338 738 4396 monachdli
766 4341 892 4395 vitae
921 4341 1147 4394 remisso
1167 4354 1396 4393 umorem
1413 4338 1610 4393 ducere
1635 4338 1957 4394 suasit.Ab-

310 4414 673 4468 horruerunt
691 4411 1098 4479 Theophanes,
1138 4409 1356 4466 Paulus
1414 4409 1728 4473 Diaconus,
1760 4416 1967 4465 auctor

314 4428 673 4468 horruerunt
701 4428 846 4467 ineo
894 4428 1098 4479 nanes,
1138 4428 1356 4466 rauius
1414 4428 1728 4473 maconus,
1760 4428 1967 4465 aucwr

314 4489 376 4540 et
405 4484 506 4539 alii
538 4500 573 4540 a
605 4489 721 4538 tam
743 4428 897 4537 ﬁnde)
922 4481 1144 4538 scelere
1190 4481 1385 4552 palam
1446 4480 1795 4552 evulgando,
1856 4497 1967 4536 nec

313 4556 431 4612 nisi
453 4553 1246 4625 metaphora,conjugiisque
1260 4552 1702 4608 honestioribus
1717 4552 1970 4625 insigni-

312 4629 427 4683 bus
455 4624 734 4690 velatum,
768 4624 1001 4681 edicere
1022 4624 1440 4679 decreverunt.
1474 4625 1616 4679 Nam
1673 4639 1807 4678 cum
1840 4624 1969 4678 sine

320 4698 556 4770 coronis
582 4698 885 4770 sponsalia
914 4697 1095 4751 αι·ωεί
1127 4712 1247 4770 non
1297 4694 1617 4770 celebrent,
1662 4695 1819 4770 idem
1881 4700 1971 4770 est

322 4767 481 4839 apud
511 4766 890 4823 eos'roronari
920 4774 977 4839 et
1022 4767 1248 4837 nuptias
1269 4766 1610 4834 contrahere,
1637 4767 1859 4837 nuptiae
1889 4766 1970 4821 si-

324 4838 739 4917 quidemipsaa
771 4838 1099 4917 στεφάνωμα
1147 4844 1479 4917 vocantur;
1539 4854 1865 4917 earumque
1913 4843 1972 4892 et

218 4916 231 4925 '
322 4908 728 4967 coronationis
759 4908 1109 4982 sponsorum
1158 4910 1339 4964 ritum
1367 4908 1747 4980 perspicuum
1770 4908 1971 4964 videre

327 4988 419 5038 est
441 4983 501 5036 in
533 4982 753 5037 recenti
786 4981 1166 5054 Euchologio,
1195 4984 1523 5037 Coronatus
1553 4996 1690 5054 ergo
1722 4997 1971 5054 promo-

326 5054 521 5127 nacho
545 5069 678 5127 cum
704 5055 994 5127 processit
1010 5052 1809 5127 patriarcbazsponsaliorum
1825 5052 1971 5127 jugo

328 5143 392 5182 se
421 5125 674 5182 subdere
700 5122 1233 5191 rcommonstravit,
1277 5122 1768 5195 jejuniorumque
1815 5122 1975 5194 rigor

327 5198 508 5254 simul
532 5197 618 5252 illi
649 5197 945 5254 relaxatus
976 5202 1085 5265 est,
1118 5211 1228 5251 nec
1283 5194 1407 5250 ulla
1436 5194 1548 5250 fuit
1580 5195 1837 5266 amplius
1873 5211 1975 5247 vo-

321 5270 518 5342 luptas
548 5285 583 5325 a
614 5286 731 5341 qua
762 5270 873 5342 sibi
906 5268 1149 5324 duceret
1177 5265 1598 5342 abstinendum
1654 5265 1978 5342 Conﬁrmat

324 5337 762 5414 expositionem
797 5341 1036 5414 allatam
1080 5345 1297 5395 tetrum
1329 5337 1725 5414 imperatoris,
1758 5337 1829 5392 de
1858 5353 1973 5414 quo

319 5408 629 5470 memorat
657 5416 884 5474 auctor,
920 5411 1150 5467 facinus
1175 5426 1187 5465 :
1221 5425 1356 5465 nam
1383 5408 1441 5464 et
1472 5409 1858 5463 monachorum
1881 5408 1975 5463 ha-

329 5486 509 5540 bitum
532 5488 645 5541 sive
682 5484 923 5540 studium
951 5483 1309 5552 ignominiosa
1340 5482 1615 5547 traduxit,
1674 5487 1723 5535 et
1740 5480 1977 5550 publica

327 5556 686 5613 contumeliae
706 5555 768 5610 in
797 5558 943 5609 circo
973 5554 1248 5624 exposuit,
1285 5552 1488 5621 jubens
1536 5566 1980 5621 unumquemque

326 5644 522 5690 eorum
551 5643 723 5684 manu
751 5622 1444 5683 ducentem-mulierculam
1473 5624 1532 5679 in
1569 5624 1807 5680 medium
1827 5636 1971 5694 pro-

2067 4342 2192 4392 tum
2226 4337 2288 4393 in
2319 4338 2622 4408 provincia
2641 4338 2754 4394 sibi
2772 4336 3129 4394 demandata
3152 4337 3355 4405 edixit,
3380 4343 3447 4393 ut
3465 4336 3716 4391 inferius

2065 4410 2244 4480 jacet,
2278 4412 2378 4480 qui
2404 4409 2546 4466 mihi
2572 4417 2625 4464 et
2643 4411 2966 4481 imperatori
2985 4409 3103 4465 vult
3124 4410 3367 4480 obsequi,
3394 4411 3441 4465 is
3457 4415 3715 4465 ornatum

2072 4480 2387 4608 igcularem
2416 4482 2644 4537 inducat
2673 4480 2881 4552 hacque
2910 4484 3032 4552 ipsa
3070 4482 3209 4536 hora
3253 4496 3481 4537 uxorem
3529 4481 3714 4536 ducat.

2100 4568 2249 4608 IOAR.

2100 4568 2249 4608 IOAR.

2146 4625 2259 4693 (94)
2289 4622 2456 4690 Quod
2484 4623 2559 4680 ad
2616 4624 2971 4681 citharmdos
3028 4623 3260 4692 attinet,
3320 4624 3418 4680 alii
3477 4622 3718 4692 habent,

2077 4710 2178 4750 eos
2207 4702 2274 4768 ut
2301 4695 2613 4768 adhiberet
2639 4713 2759 4752 sua:
2782 4713 3003 4752 mensae
3024 4696 3351 4767 imperator
3378 4695 3721 4768 permisisse

2076 4767 2494 4837 patriarcham.
2538 4767 2649 4823 Sed
2681 4768 2981 4839 quomodo
3012 4784 3117 4839 ego
3145 4768 3312 4832 verti,
3338 4768 3421 4823 ita
3449 4767 3725 4839 videntur

2076 4839 2373 4908 postulare
2404 4839 2612 4906 verba;
2637 4838 3020 4895 et’sententia
3051 4838 3139 4894 est
3157 4839 3389 4895 melior.
3414 4840 3537 4894 Non
3560 4838 3721 4892 enim

2077 4910 2431 4983 crediderim
2489 4911 2959 4983 imperatoribus
3004 4927 3117 4983 usu
3148 4910 3421 4983 musices
3469 4908 3720 4983 interdi-

2079 4987 2238 5035 ctum
2297 4981 2525 5037 fuisse:
2577 4978 2685 5037 sed
2733 4982 3026 5037 monacho
3084 4981 3375 5049 ﬁdicines,
3433 4978 3725 5049 utluxu-

2077 5052 2227 5177 aiam
2275 5059 2679 5125 provocantes,
2725 5054 2972 5122 scilicet,
3024 5068 3146 5107 non
3195 5048 3367 5107 erant
3420 5048 3721 5105 audiendi.

2130 5138 2213 5177 YL.

2130 5138 2213 5179 YL.

2151 5194 2263 5267 (95)
2292 5194 2804 5267 Exauctorationis
2834 5194 3061 5267 Cyrilli,
3094 5210 3285 5264 nuper
3313 5194 3418 5247 ΓΡ.
3474 5192 3725 5267 patriar-

2081 5263 2440 5329 cha3.'causa
2469 5266 2719 5322 crimine
2750 5263 2955 5322 multis
2980 5266 3092 5321 fuit
3119 5263 3327 5336 unum,
3360 5263 3518 5336 quod
3549 5266 3726 5321 vetito

2081 5338 2350 5464 Earuium
2383 5354 2486 5394 esu
2516 5338 2942 5409 patriarchium
2958 5335 3283 5411 ἐμαγάρισεν
3308 5335 3724 5407 inguinaverat.

2128 5425 2255 5464 οΑιι.

2128 5425 2255 5464 OAR.

2154 5482 2264 5547 (96)
2293 5481 2420 5535 Non
2451 5479 2742 5536 dissimile
2786 5480 2937 5537 illud
2994 5480 3162 5537 Lucas
3218 5483 3347 5537 Act.
3410 5496 3540 5537 xv1:
3598 5478 3727 5542 τοὺς

2081 5547 2259 5628 πόδας.
2280 5548 2456 5628 αότῶν
2483 5550 2939 5628 ἡσφαλίῃτολείς
2962 5553 3025 5608 τὸ
3065 5549 3251 5628 ξύλοξ
3290 5554 3433 5612 XYL.

2152 5623 2266 5696 (97)
2299 5624 2518 5683 Marem
2547 5623 2709 5684 hunc
2735 5624 2881 5683 facit
2905 5623 3180 5689 Zonaras.
3209 5625 3348 5688 Χη.
