4052 6316
241 413 362 479 897

1380 410 1915 477 HISTORIARUM
1964 407 2518 478 COMPENDIUM.

3534 419 3655 479 898

317 552 414 626 ψεν
448 547 790 626 εὐχαριστῶν
812 551 984 620 αυτῷ,
1015 547 1123 615 ὅτι,
1154 545 1327 621 Εὗρὸν
1360 568 1419 603 σε
1447 544 1618 623 ἄνδρα
1641 546 1779 604 κατὰ
1796 547 1898 617 τήν

2023 549 2116 615 vit,
2148 565 2255 621 per
2299 549 2526 607 litteras
2557 551 2609 606 ei
2658 551 2881 625 gratias
2907 552 3043 625 egit,
3094 551 3401 610 afﬁrmans
3431 569 3493 608 se
3521 569 3657 611 eum

242 636 474 714 καρδίαν
530 657 659 710 μου,
712 637 772 698 ’ὸς
828 642 1006 697 ποιεῖς
1062 635 1234 693 πάντα
1303 636 1371 691 τά
1428 635 1714 708 θελήματά
1769 656 1895 708 μου.

238 731 442 783 Τοῦτον
499 724 882 800 μιμησάμενοι
956 725 1048 778 καὶ
1124 724 1176 779 οἱ
1233 723 1421 780 λοιποὶ
1473 724 1541 779 τὰ
1596 723 1764 798 ὅμοια
1820 720 1898 777 δι-

241 818 596 891 επράττοντο.
627 816 691 873 Ὀ
738 814 796 869 δὲ
856 812 1236 888 Κοπρώνυμος
1293 812 1362 869 τὰ
1417 814 1493 877 εἰς
1550 810 1705 882 δόξαν
1759 816 1897 869 Θεοῦ

242 906 336 965 καὶ
392 906 710 981 καταφυγὴν
764 906 873 958 τῶν
966 904 1291 977 σωζομένων
1369 905 1707 978 μοναστήρια
1776 906 1895 963 τοῖς

248 994 550 1076 ὁμόφροσιν
601 993 768 1049 αὐτοῦ
821 991 1176 1057 στρατιώταις
1235 988 1437 1062 ἐδίδου,
1495 992 1585 1047 καὶ
1632 992 1695 1047 τὸ
1730 1012 1897 1065 μονα-

245 1087 411 1163 χικὸν
466 1084 653 1159 τάγμα
702 1081 1008 1160 ἐξαφανίσαι
1058 1079 1382 1153 ἐσπούδαζε.
1436 1084 1534 1155 Τῷ
1595 1081 1742 1155 αὖτῷ
1793 1078 1897 1136 ἔτει

243 1177 489 1245 Νικήτας
521 1175 550 1228 ὁ
580 1168 936 1247 ψευδώνυμος
990 1171 1338 1246 πατριάρχης
1385 1172 1484 1233 τὰς
1514 1172 1567 1227 ὲν
1598 1190 1677 1244 τῳ
1712 1170 1899 1245 μικρῷ

251 1261 487 1338 σεκρέτῳ
515 1266 612 1317 τοῦ
672 1258 1067 1335 πατριαρχείου
1120 1259 1332 1323 εἰκόνας
1390 1263 1472 1335 (2)
1521 1257 1612 1315 διὰ
1640 1257 1896 1336 ψηφίδων

253 1350 416 1413 οὔσας
446 1345 607 1422 ἔξεσε,
638 1350 729 1405 καὶ
761 1349 856 1413 τὰς
885 1346 1084 1410 λοιπὰς
1140 1348 1350 1411 εἰκόνας
1403 1349 1498 1411 τὰς
1558 1348 1611 1404 ἐν
1667 1343 1791 1422 ὅλῳ
1819 1351 1899 1420 τῷ

257 1440 658 1517 πατριαρχείῳ·

318 1618 407 1693 Τῷ
435 1618 524 1689 κη’
576 1615 685 1675 ἓτει
729 1614 919 1692 ἔστεψε
970 1617 1071 1687 τὴν
1121 1617 1291 1674 αὐτοῦ
1341 1621 1571 1695 γυναῖκα
1628 1613 1897 1673 Εὖδοκίαν

244 1711 437 1785 τρίτην
470 1706 635 1763 οὖσαν
668 1706 999 1783 Αὐγοῦσταν,
1050 1707 1142 1762 καὶ
1196 1706 1323 1767 τοὺς
1379 1701 1475 1761 δῦο
1533 1705 1700 1763 αὐτοό
1747 1705 1899 1768 υἱοὺς

243 1797 619 1876 Χριστοφόρον
667 1796 758 1852 καὶ
814 1796 1125 1874 Νικηφόρον
1194 1795 1415 1865 ἐποίησε
1472 1794 1738 1871 Καίσαρας
1803 1799 1900 1850 τοῦ

251 1887 598 1963 πατριάρχου
627 1886 960 1956 ποιήσαντος
992 1884 1163 1961 εὐχὴν
1183 1888 1284 1957 (3).

325 1979 421 2050 Τῷ
476 1979 554 2031 κθ¹
611 1968 717 2030 ἔτει
766 1972 976 2049 ἐγένετο
1027 1969 1349 2048 καταλλαγή
1411 1971 1486 2035 εἰς
1545 1971 1743 2048 Συρίαν
1807 1974 1901 2044 (4),

250 2062 541 2139 ἅνθρωπος
634 2063 773 2139 πρὸς
856 2060 1191 2138 ἄνθρωπονο
1273 2060 1471 2130 Τούτῳ
1547 2057 1656 2117 ἔτει
1737 2060 1904 2131 ἦλθεν

250 2154 459 2230 Εἰρήνη
512 2152 563 2227 ἐξ
632 2153 904 2222 Ἀθηνῶν,
962 2149 1052 2205 καί
1092 2148 1318 2228 ἑστὲφθη
1376 2152 1453 2223 (5)
1510 2147 1562 2204 ἐν
1619 2154 1701 2222 τῷ
1732 2150 1905 2224 Ἀγίῳ

256 2242 527 2323 Στεφάνῳ.
580 2241 715 2318 πρὸς
769 2240 946 2317 γάμον
1007 2240 1193 2295 Λέοντι
1246 2236 1466 2315 βασιλεῖ
1520 2242 1599 2312 τῷ
1653 2239 1758 2312 υἱῷ
1811 2242 1907 2294 τοῦ

265 2329 674 2406 Κοπρωνύμου.

328 2423 425 2492 Τῷ
476 2419 564 2494 λβ“
618 2414 727 2474 ’ἐτει
785 2414 1034 2486 εἰσῆλθεν
1094 2416 1122 2471 ὁ
1181 2412 1373 2472 Φαδὰλ
1429 2414 1505 2479 εἷς
1536 2415 1774 2489 Ῥώμην,
1815 2415 1906 2470 καὶ

257 2504 453 2566 ’ἐλαϐεν
526 2505 923 2584 αἰχμαλώτους
979 2511 1048 2586 φ’.
1130 2505 1323 2580 Τούτῳ
1379 2506 1798 2576 συναντήσαντες
1851 2504 1903 2560 οἰ

258 2602 622 2673 Μοψουεπεῖς
657 2602 764 2652 τῶν
820 2597 914 2669 μὲν
977 2590 1227 2670 Ἀράϐων
1288 2593 1508 2669 χιλίους
1568 2593 1904 2664 ἀπέκτειναν,

261 2688 363 2755 τήν
411 2684 468 2742 δὲ
523 2685 916 2762 αἰχμαλώτους
973 2685 1048 2763 φ’.
1117 2684 1312 2757 Τ-ιῦτῳ
1365 2685 1799 2756 βυναντήσαντες
1852 2685 1906 2739 οὶ

264 2777 637 2848 Μοψουεστεῖς
674 2779 780 2830 τῶν
851 2775 947 2849 μὲν
999 2769 1250 2849 Ἀράϐων
1307 2772 1532 2850 χιλίους
1586 2772 1903 2829 ἀπέκτειναν

262 2866 363 2933 τήν
391 2861 448 2920 δὲ
486 2862 871 2939 αἰχμαλωσίαν
897 2858 1118 2919 ἔλαϐον.

342 2956 435 3026 Τῷ
482 2952 568 3031 λγ“
621 2949 730 3008 ἓτει
785 2951 1005 3025 ἐκίνησε
1057 2954 1423 3014 Κωνστανῖνος
1505 2949 1700 3006 στόλον
1772 2951 1908 3006 κατά

260 3043 627 3119 Βουλγάρων,
685 3045 776 3100 καὶ
832 3045 1067 3115 ποιήσας
1124 3043 1346 3115 εἰρήνην
1413 3040 1734 3117 ὑπέστρεψε.
1802 3042 1904 3098 Καὶ

258 3137 366 3188 τῶν
426 3132 754 3208 Βουλγάρων
815 3130 1025 3188 δώδεκα
1107 3129 1368 3206 χιλιάδας
1439 3130 1765 3204 πεμπόντων
1826 3130 1903 3192 εἰς

260 3223 555 3296 Βερζητίαν
586 3228 680 3291 (6),
729 3221 967 3284 ἀκοῦσας
1025 3222 1053 3277 ὁ
1105 3221 1363 3298 βασιλεὺς
1411 3220 1501 3275 καὶ
1562 3217 1795 3290 ἐξελθὼν
1824 3220 1901 3280 εἰς

1932 1920 1979 1985 Β

2006 638 2471 711 deprehendisse
2520 641 2822 698 hominem
2885 658 2951 697 ex
2986 642 3170 697 animi
3222 643 3310 698 sui
3362 645 3659 700 sententia

2012 745 2253 800 suasque
2283 746 2390 801 per
2418 730 2619 786 omnia
2648 732 2936 786 voluntati
2970 732 3456 788 satisfacientem.
3490 734 3656 789 Hunc

2007 817 2220 874 imitati
2251 818 2428 874 etiam
2461 818 2676 890 reliqui
2702 821 2909 876 eodem
2931 821 3105 875 modo
3136 829 3399 892 egerunt.
3435 823 3659 894 Copro-

2013 923 2232 979 nymus
2264 909 2645 964 monasteria.
2676 926 2807 979 quas
2838 914 2914 964 ob
2957 910 3244 965 honorem
3275 911 3379 966 Dei
3411 917 3469 965 et
3497 912 3655 967 refu-

2008 996 2169 1067 gium
2227 996 2477 1053 salutem
2537 1004 3068 1054 consecuturorum
3117 1001 3355 1054 condita
3399 999 3656 1069 fuerant,

2015 1085 2138 1140 suis
2193 1102 2360 1142 suam
2417 1086 2918 1159 amplectentihus
2965 1088 3320 1143 sententiam
3363 1088 3655 1145 militibus

2014 1174 2277 1244 tradidit,
2310 1182 2490 1247 utque
2524 1176 2940 1231 monachicum
2978 1175 3249 1232 ordinem
3283 1176 3659 1233 exscinderet

2008 1279 2250 1335 operam
2307 1263 2490 1320 dedit.
2539 1265 2759 1320 Eodem
2818 1282 2974 1321 anno
3032 1265 3236 1320 Niceta
3268 1266 3439 1320 titulo
3486 1271 3658 1322 tenus

2008 1354 2345 1426 patriarcha
2401 1355 2693 1426 imagines
2735 1373 2868 1427 quas
2921 1356 2985 1411 in
3016 1372 3195 1428 parvo
3235 1356 3451 1412 domus
3479 1357 3659 1428 patri-

2009 1445 2203 1499 archae
2236 1450 2464 1500 secreto
2520 1453 2693 1502 erant
2748 1445 2972 1517 lapillis
3024 1452 3251 1501 ornatas
3283 1447 3447 1513 rasit,
3480 1446 3657 1503 alias-

2008 1550 2123 1604 que
2155 1534 2334 1590 etiam
2365 1551 2573 1591 omnes
2604 1552 2711 1608 per
2762 1540 2944 1591 totam
2994 1537 3346 1609 patriarchae
3393 1536 3658 1593 domum.

2076 1624 2246 1678 Anno
2274 1624 2346 1677 28
2393 1624 2819 1681 Constantinus
2850 1626 3187 1687 Eudociam.
3224 1628 3458 1682 tertiam
3492 1643 3660 1682 suam

2008 1713 2357 1785 conjugem,
2407 1715 2730 1786 Augustam
2788 1716 3133 1783 coronavit,
3186 1716 3461 1788 ﬁliosque
3521 1734 3661 1773 suos

2008 1802 2497 1876 Christophorum
2522 1812 2580 1860 et
2598 1805 2990 1878 Nicephorum
3012 1808 3277 1864 Caesares
3306 1808 3449 1864 fecit
3476 1808 3658 1881 patri-

2009 1894 2189 1949 archa
2218 1900 2417 1951 votum
2448 1895 2724 1952 faciente.

2080 1983 2231 2041 817
2266 1986 2434 2041 Anno
2483 1988 2551 2040 29
2596 1987 2956 2057 permutatio
2994 1986 3304 2043 hominum
3335 1987 3397 2044 in
3429 1988 3656 2060 Syriam

2008 2071 2166 2128 facta
2221 2077 2332 2137 est,
2388 2074 2636 2146 singulis
2691 2092 2798 2147 pro
2858 2075 3107 2148 singulis
3147 2076 3320 2133 datis.
3351 2078 3470 2133 Hoc
3500 2094 3655 2134 anno

2010 2162 2179 2217 Irene
2240 2162 2486 2218 Athenis
2538 2164 2714 2229 venit,
2749 2169 2808 2220 et
2864 2165 2926 2220 in
2970 2165 3095 2221 rede
3155 2166 3211 2223 S.
3267 2167 3549 2238 Stephani
3581 2166 3659 2239 (9)

2010 2255 2293 2306 coronata
2315 2251 2490 2307 Leoni
2521 2252 2864 2324 imperatori
2897 2254 3278 2311 matrimonio
3313 2261 3403 2310 est
3427 2255 3658 2327 juncta,

2011 2338 2202 2410 primo
2236 2344 2380 2395 natu
2409 2341 2765 2412 COpronymi
2799 2341 2943 2397 filio.

2082 2432 2255 2487 Anno
2286 2433 2354 2486 32
2385 2433 2679 2489 Phadalus
2709 2434 2770 2489 in
2800 2436 3203 2491 Romanorum
3235 2435 3524 2491 ditionem
3559 2436 3663 2490 im-

2012 2520 2319 2591 pressione
2374 2519 2529 2577 facta
2580 2525 2684 2577 500
2737 2523 3011 2578 homines
3081 2524 3341 2596 captivos
3397 2525 3658 2582 abducit.

2016 2610 2132 2665 lloc
2167 2610 2663 2683 Mopsuestienses
2709 2612 2941 2668 obviam
2975 2613 3244 2684 profecti,
3280 2616 3418 2670 1000
3452 2613 3661 2669 Arabi-

2012 2701 2120 2756 bus
2141 2702 2371 2771 occisis,
2404 2701 2669 2775 praedam
2699 2704 3028 2775 potiuntur.

2082 2864 2254 2917 Anno
2279 2864 2345 2917 33
2367 2863 2792 2919 Constantinus
2813 2880 2949 2919 cum
2966 2865 3407 2936 expeditionem
3427 2864 3665 2921 fecisset

2012 2950 2074 3007 in
2107 2951 2405 3024 Bulgaros.
2452 2954 2781 3024 composita
2835 2970 2979 3025 pace
3036 2954 3233 3010 rediit.
3288 2956 3432 3009 Cum
3463 2960 3663 3009 autem

2014 3039 2243 3111 Bulgari
2273 3043 2335 3094 12
2356 3040 2539 3097 millia
2562 3041 2622 3096 in
2647 3042 2962 3097 Benetiam
2992 3042 3318 3107 mitterent,
3345 3042 3578 3115 cognita
3602 3060 3664 3097 re

2014 3130 2415 3186 Lithosoream
2448 3131 2773 3193 contendit.
2808 3131 3008 3203 ibique
3040 3148 3141 3188 eos
3174 3131 3375 3187 obruit
3403 3150 3415 3196 ;
3450 3138 3509 3187 et
3537 3132 3665 3188 uni-

2013 3219 2196 3275 versis
2226 3220 2437 3275 occisis
2469 3220 2530 3276 in
2563 3220 2769 3277 urbem
2803 3226 2894 3277 est
2941 3237 3230 3277 reversus.
3269 3222 3387 3278 Hoc
3439 3221 3660 3277 bellum

253 3313 357 3382 τήν
413 3309 714 3387 λεγομένην
773 3309 1174 3386 Λιθοσωραίαν,
1232 3309 1485 3367 ἐπέπεσεν
1545 3308 1750 3378 αὐτοῖς,
1809 3309 1900 3364 καὶ

2023 3310 2209 3366 nobile
2231 3311 2732 3383 appellavit,quod
2755 3330 2821 3369 eo
2840 3313 3042 3369 nullus
3066 3313 3436 3369 Christianus
3452 3313 3655 3385 periis-

252 3399 458 3463 πάντας
515 3398 720 3456 ἀνελὼν
775 3401 1101 3475 ὑπέστρεψεν
1159 3399 1234 3462 εἰς
1290 3400 1391 3470 τὴν
1450 3399 1641 3456 πόλιν.
1701 3401 1901 3453 Τοῦτον

250 3490 344 3545 τὸν
373 3489 617 3562 πόλεμον
649 3489 929 3562 ὠνόμασεν
955 3489 1167 3564 εὐγενῆ,
1211 3488 1285 3551 ὡς
1322 3485 1553 3560 μηδενὸς
1605 3490 1902 3566 σφαγέντος

252 3583 602 3655 Χριπιανοῦ.
637 3581 698 3637 Ὀ
729 3576 787 3634 δὲ
815 3585 914 3648 τῆς
976 3576 1312 3653 Βουλγαρίας
1364 3577 1550 3654 κύριος
1582 3574 1903 3653 Ἐλέριχος,

257 3668 422 3745 γνοὺς
452 3668 538 3725 ὅτι
568 3666 629 3724 ἐκ
680 3672 787 3722 τῶν
835 3666 1051 3723 οἰκείων
1117 3667 1284 3723 αὐτοῦ
1333 3664 1676 3742 προδίδοται,
1707 3665 1900 3746 γράφει

250 3759 332 3830 τῷ
400 3756 636 3834 βασιλεῖ’
697 3779 726 3809 ιι
761 3755 974 3825 Βουλήν
1018 3751 1136 3830 ἓχω
1199 3759 1297 3811 τοῦ
1355 3762 1545 3835 φυγεῖν
1601 3756 1692 3812 καὶ
1757 3756 1903 3821 τίνας

245 3842 401 3925 ⁴ξχεις
432 3845 630 3925 φίλους
687 3841 818 3913 ὦδε,
876 3845 964 3899 ἳνα
1013 3841 1271 3919 θαῤῥήσω
1328 3843 1513 3906 αὐτοῖς
1544 3845 1633 3900 καί
1663 3841 1900 3919 συνδρά-

246 3920 399 4009 μιυσὶ
431 3920 547 4010 μοι.
584 3960 603 3986 ι
637 3934 701 3992 Ὀ
732 3931 789 3989 δὲ
818 3936 1019 4013 κοῦφος
1049 3931 1122 3988 ὢν
1164 3931 1252 3987 καὶ
1304 3932 1540 4002 ἀνόητος
1571 3935 1898 4013 συννπήχθη

249 4027 320 4099 τῇ
377 4025 553 4098 ἀπάτῃ
604 4027 701 4078 τοῦ
754 4021 1078 4099 Βουλγάρου
1114 4067 1127 4091 ,
1183 4021 1274 4076 καὶ
1329 4021 1523 4099 γράφει
1577 4019 1745 4090 αὐτῷ,
1804 4022 1904 4078 κά-

253 4120 428 4176 κεῖνος
482 4114 668 4187 μαθὼν
726 4112 931 4174 πάντας
982 4110 1285 4167 ἀπώλεσεν.
1335 4113 1506 4184 Ὅπερ
1557 4111 1586 4166 ὁ
1648 4113 1900 4187 Κωπρώ-

251 4224 422 4278 νυμος
453 4201 685 4263 ἀκούσας
712 4202 814 4269 τὴν
841 4198 1088 4272 γενειάδα
1119 4204 1195 4274 (7)
1228 4198 1393 4255 αὐτοῦ
1421 4197 1645 4270 ’ἐξέτι-λε.

324 4295 418 4351 Τῶ
486 4290 563 4347 λε’
656 4289 766 4347 ἔτει
849 4288 1186 4365 ἐκστρατεόει
1286 4292 1688 4351 Κωνσταντῖνος
1769 4288 1907 4345 κατᾶ

255 4382 587 4459 Βουλγάρων
623 4428 640 4454 ,
696 4380 787 4436 καὶ
841 4379 1093 4453 θεηλάτῳ
1157 4380 1294 4455 ὀργῇ
1352 4378 1489 4434 κατά
1532 4383 1641 4436 τῶν
1693 4378 1903 4435 σκελῶν

2010 3405 2122 3457 set.
2169 3401 2457 3455 Casterum
2510 3401 2817 3457 Elerichus
2868 3402 3254 3475 Bulgarorum
3300 3403 3598 3474 princeps,
3630 3418 3664 3457 a

2011 3488 2135 3544 suis
2165 3488 2555 3544 familiaribus
2584 3490 2753 3560 prodi
2778 3507 2841 3545 se
2864 3490 3224 3563 intelligens,
3250 3492 3311 3546 in
3346 3491 3500 3546 hanc
3532 3508 3664 3546 sen~

2014 3578 2256 3633 tentiam
2287 3578 2674 3634 Constantino
2701 3578 2910 3634 scribit
2936 3594 2950 3635 :
2985 3603 3008 3628 ιι
3035 3580 3325 3635 Constitui
3348 3580 3660 3652 profugere

2013 3675 2072 3724 et
2097 3685 2191 3724 me
2221 3668 2297 3724 ad
2329 3674 2383 3724 te
2405 3669 2691 3739 recipere.
2724 3669 2928 3738 Itaque
2967 3668 3115 3723 mihi
3144 3669 3348 3723 omnia
3380 3674 3505 3725 tnta
3533 3678 3657 3724 tore

2009 3757 2224 3815 litteris
2278 3757 2477 3813 missis
2532 3757 2862 3823 conﬁrma;
2931 3773 3001 3812 ac
3059 3756 3326 3828 significa
3357 3773 3504 3826 quos
3556 3756 3652 3811 hic

2010 3846 2233 3907 habeas
2254 3846 2501 3912 amicos,
2520 3851 2584 3900 ut
2606 3861 2811 3900 eorum
2834 3844 2972 3900 fidei
3003 3861 3098 3900 me
3121 3843 3369 3899 credens
3390 3860 3511 3900 una
3532 3860 3660 3899 cum

2012 3937 2157 4008 ipsis
2186 3935 2260 3990 ad
2292 3941 2349 3990 te
2382 3934 2792 4007 perveniam.»
2827 3935 2943 3990 Hac
2974 3932 3179 3989 fraude
3213 3933 3443 4005 Bulgari
3477 3950 3659 3988 vanus

2013 4042 2080 4081 ac
2111 4024 2362 4079 stolidus
2402 4023 2511 4079 iste
2554 4028 2993 4078 circumventus
3040 4025 3286 4078 nomina
3330 4023 3659 4079 amicorum

2010 4113 2362 4189 perscribit;
2423 4129 2573 4183 quos
2628 4112 2935 4168 Elerichus
2993 4128 3202 4168 omnes
3246 4112 3524 4184 perdidit.
3576 4115 3657 4167 Ea

2013 4221 2077 4259 re
2106 4203 2379 4258 nuntiata
2406 4203 2815 4274 Copronymus
2870 4201 3117 4257 barbam
3166 4201 3408 4258 sibimet
3438 4201 3655 4257 evellit.

2085 4296 2257 4349 Anno
2284 4293 2352 4347 35
2381 4292 2444 4348 in
2492 4291 2772 4364 Bulgaros
2829 4307 2963 4346 cum
3021 4290 3380 4362 suscepisset
3427 4290 3663 4360 expedi-

2019 4382 2262 4448 tionem,
2293 4382 2444 4438 irato
2485 4382 2604 4438 Deo
2663 4380 3007 4437 carbunculi
3051 4378 3234 4452 pedes
3265 4380 3396 4451 ejus
3427 4380 3661 4435 invase-

252 4456 613 4547 ἀνθρακωθείς
696 4471 773 4543 (8)
850 4470 942 4525 καί
1015 4471 1232 4544 πυρετῷ
1306 4462 1499 4543 λάϐρῳ
1553 4468 1645 4523 καὶ
1699 4464 1901 4524 διακαεί

2023 4478 2174 4543 runt,
2204 4487 2272 4528 ac
2301 4470 2484 4526 febris
2541 4476 2830 4543 praeterea
2884 4471 3204 4527 vehemens
3233 4485 3371 4531 eum
3417 4475 3479 4526 et
3505 4468 3660 4525 818

1462 4567 1823 4624 XYLANDRI
1860 4571 1949 4625 ET
1977 4570 2191 4627 GOARI
2229 4570 2449 4627 NOTAE.

330 4672 410 4739 (2)
440 4670 593 4734 Quot
621 4667 695 4735 de
726 4666 901 4739 idolis
931 4666 993 4722 in
1016 4664 1190 4739 domo
1234 4664 1588 4739 patriarcha;
1637 4665 1909 4738 sequitur

251 4735 345 4795 ad'
379 4735 619 4809 verbum
670 4738 919 4795 reddidi.
962 4737 1147 4795 Credo
1197 4735 1332 4809 cum
1380 4735 1691 4809 sustulisse
1722 4735 1903 4809 'gem-

256 4818 394 4867 mas
423 4808 681 4883 (ψηφῖδας
730 4811 842 4866 hoc
872 4809 1164 4880 intelligo)
1195 4808 1410 4879 quibus
1439 4823 1509 4862 ea
1539 4807 1773 4881 fuerant
1811 4826 1904 4864 or-

253 4888 418 4939 nata.
455 4883 594 4939 XYL.

323 4959 398 5019 (3|
428 4953 667 5011 Nullum
694 4951 977 5031 ofﬁcium,
1002 4950 1258 5031 nullam“
1299 4948 1648 5031 dignitatem
1695 4953 1911 5031 oratio-

250 5042 328 5083 ne
359 5041 479 5097 non
524 5024 832 5097 praemissa
860 5023 1194 5097 suscipiunt
1221 5021 1400 5097 Grec}
1436 5037 1449 5077 :
1502 5025 1762 5097 creando
1787 5024 1907 5097 Cae-

254 5097 372 5169 sari
400 5092 635 5161 idonea,
669 5096 742 5152 de
769 5112 886 5168 qua
915 5092 1264 5169 hic‘sermo,
1295 5092 1547 5169 habetur
1570 5093 1630 5149 in
1663 5095 1903 5151 Eucho-

260 5167 418 5241 logio
441 5163 814 5241 recenscuso
840 5164 1274 5241 versus_'finem_.
1316 5163 1491 5241 Cosa.

324 5235 411 5311 ('4),
436 5238 601 5305 Quod
634 5238 707 5295 de
736 5237 1173 5311 permutatione
1232 5235 1467 5306 Syriaca
1524 5235 1798 5311 refertur,
1827 5237 1902 5311 ob

254 5307 606 5367 brevitatem
638 5307 1091 5367 est’obscurum.
1125 5307 1367 5362 Constat
1393 5311 1596 5379 tamen
1628 5308 1788 5379 Syris
1812 5309 1905 5365 de-

254 5381 539 5438 lectatum
560 5382 742 5438 fuisse
796 5382 1254 5452 Copronymum,
1310 5383 1376 5452 ut
1427 5378 1698 5452 fortassis
1724 5396 1900 5450 quos-

246 5454 386 5535 dam
419 5470 491 5535 ex_
520 5452 770 5535 Syriain
791 5449 1098 5508 Thraciam
1120 5450 1417 5519 acciverit,
1449 5449 1583 5506 aliis
1616 5450 1677 5505 in
1694 5449 1901 5507 ecrum

249 5525 383 5581 loca
413 5524 635 5587 missis.
669 5524 808 5580 Χη.

314 5598 391 5667 (5)
421 5597 621 5663 Mutila
652 5596 948 5667 interpres
999 5600 1288 5656 coronata,
1320 5607 1518 5667 quam_
1551 5593 1899 5667 nuptiarum

244 5663 801 5738 contrahendarum,
814 5663 999 5721 causa
1018 5663 1360 5738 coronatam
1382 5663 1650 5738 scribere
1666 5664 1901 5738 debuis-

244 5741 358 5815 μ’
373 5740 585 5815 item?
606 5735 911 5815 meum
1181 5734 1898 5815 mammia-sam»!

243 5748 585 5879 ἓϊέἒὲἷέ
606 5748 1165 5878 πὲῗῗὲἒτῖὶῗ
1181 5748 1893 5880 amissam

2017 4667 2322 4727 Secundas
2349 4684 2599 4724 coronas
2629 4669 2962 4725 numeravit
2991 4672 3198 4724 auctor
3231 4667 3533 4739 plerisque
3575 4665 3661 4721 lo-

2016 4740 2138 4797 cis:
2174 4741 2394 4810 primas
2443 4740 2538 4796 hic
2596 4747 2887 4807 recenset,
2947 4741 3307 4811 easdemque
3362 4739 3661 4796 l'usissime

2018 4811 2302 4868 describit
2332 4811 2650 4868 Simocatta
2683 4830 2720 4877 l,
2758 4814 2823 4865 19
2876 4812 3051 4868 ϐολιι.

2088 4886 2164 4954 (6)
2202 4885 2496 4939 Diaconus
2537 4883 2715 4939 habet
2755 4886 3043 4949 Beritiam,
3077 4887 3135 4937 et
3167 4899 3269 4954 pro
3304 4883 3664 4954 Lithosoraea

2012 4952 2371 5027 Lithsoriam.
2399 4961 2653 5027 Apparet
2682 4962 2885 5011 nostra
2908 4971 3034 5010 esse
3059 4952 3479 5010 emendatiora.
3506 4952 3665 5007 Idem

2012 5043 2120 5098 pro
2150 5026 2419 5082 Elericho
2451 5026 2629 5083 habet
2659 5027 2977 5098 Telericum.
3010 5027 3146 5081 Yn.

2084 5099 2161 5169 (7)
2194 5098 2454 5169 Adversa
2482 5098 2720 5169 fortuna
2760 5097 3042 5169 mulieres
3093 5095 3361 5169 capillos,
3392 5092 3659 5169 viri_bar-

2012 5164 2152 5224 bam
2176 5168 2353 5224 etiam
2400 5169 2575 5223 hodie
2615 5167 2727 5223 sibi
2754 5167 3069 5224 detrahant
3098 5164 3428 5222 Orientales
3481 5164 3656 5219 GOAR.

2082 5241 2157 5309 (8)
2190 5240 2436 5295 Bubones
2492 5238 2663 5310 igniti
2718 5244 3117 5310 extumueraut
3144 5244 3197 5310 ει
3229 5242 3557 5310 exarserunt
3604 5239 3664 5291 in

2011 5308 2129 5383 ejus
2142 5308 2490 5383 inguinibus.
2518 5308 2601 5367 Ita
2626 5325 2863 5383 proprae
2897 5308 3234 5377 reddendus
3259 5314 3465 5364 auctor
3485 5309 3665 5383 juxta

2054 5381 2387 5454 heophanis
2418 5381 2656 5454 scripta.
2700 5381 2875 5437 Con.
3028 5448 3044 5454 _
3172 5453 3175 5454 ν
3231 5450 3245 5454 _
3298 5448 3307 5454 _
3496 5381 3504 5395 ί

2079 5448 2287 5524 (9)“νει
2321 5448 2784 5526 potius—corona
2840 5469 2994 5520 sacr,
3027 5448 3078 5505 ἰν
3112 5453 3193 5522 τῷ
3221 5448 3355 5526 ἁγίῳ
3385 5448 3656 5522 στεφάνῳ.

2008 5527 2147 5591 Quin
2232 5531 2431 5579 autem
2489 5524 2567 5579 sit
2622 5524 2725 5580 illa
2782 5540 3002 5579 corona
3059 5524 3277 5591 sacra,
3336 5524 3656 5579 incertum.

2008 5595 2445 5669 Fuitquaadam
2468 5611 2502 5652 a
2534 5595 2815 5669 Mauricio,
2838 5596 3130 5669 dedicata,
3164 5612 3340 5669 quam
3374 5611 3480 5651 suo
3511 5594 3658 5669 palo

2008 5668 2122 5747 Leo
2154 5666 2521 5747 Nuntius?
2563 5668 2673 5744 sibi
2702 5666 2980 5747 salarii};
3014 5666 3216 5747 nescii?
3248 5684 3323 5745 ae
3354 5684 3426 5747 se
3456 5666 3660 5747 sibe:

2009 5685 2122 5743 nec
2154 5685 2331 5799 aus
2362 5685 2521 5739 unus
2563 5685 2673 5744 sin;
2702 5685 2980 5796 attingis“,
3014 5685 3216 5739 nesqu
3248 5685 3323 5745 an
3357 5685 3426 5741 ea
3456 5685 3529 5741 ag
3553 5685 3660 5722 nu-

1999 5739 2172 5827 ῙϊιεςιιιΓ
2204 5797 2222 5822 κ
2269 5736 2556 5827 .a‘lrigquin
2578 5752 2725 5811 usus
2750 5737 2849 5811 ad-
2874 5734 3038 5809 ibim.
3072 5732 3207 5817 37;;
3259 5771 3326 5804 τ-
3354 5737 3420 5813 ln
3448 5728 3661 5811 palatii

2006 5802 2286 5871 oratorio”.
2302 5802 2491 5871 ‘83:}.
