4108 6300
293 328 412 395 901

1433 319 1989 387 HISTORIABUM
2033 316 2547 385 COMPENDIUM

3590 322 3708 382 902

305 468 396 542 Τῇ
428 464 487 521 δὲ
548 464 685 539 μὲσῃ
743 456 1011 535 ἔϐδομάδι
1065 460 1176 516 τῶν
1228 461 1511 530 Νηστειῶν
1561 458 1710 533 εὗρεν
1770 457 1825 511 ἐν
1880 457 1961 526 τῷ
1984 474 2001 532 λ

2112 457 2403 528 aptimana
2452 456 2773 529 imperator
2828 457 2975 515 duas
3030 458 3320 533 imagines
3370 458 3595 531 reperit
3649 458 3713 514 in

305 550 738 633 προσκεφαλαίῳ
777 549 1017 626 Εἰρήνης
1073 555 1172 618 τῆς
1230 546 1482 624 γυναικὸς
1522 545 1689 601 αὐτοῦ
1747 542 1956 604 εἰκόνας

308 643 428 711 δύο,
464 632 839 715 ἐίςθεωρήσας
896 639 985 693 καὶ
1034 636 1325 712 ἀνακρίνας
1375 636 1524 711 εὗρεν
1577 633 1722 689 ὅτιὸ
1754 632 1960 692 παπίας

308 738 410 790 τοῦ
439 730 711 787 παλατίου
743 734 854 802 (151
885 727 1218 800 εἰσεκόμισεν
1251 725 1415 787 αὐτὰς
1457 724 1548 779 καί
1599 743 1742 785 τινες
1794 719 1962 777 ἄλλοι

309 829 420 879 τῶν
451 819 828 897 πριμικηοίων
856 821 991 891 (16)’
1026 818 1112 891 [Ρ.
1176 817 1303 888 469]
1353 810 1447 876 οῦς
1498 814 1751 889 βασάνοις
1803 810 1963 866 πλεί-

315 933 469 975 σταις
526 911 617 966 xui
671 907 967 984 τιμωρίαις
1020 899 1385 961 καθυπέϐαλε.
1445 905 1563 973 Τήν
1620 899 1679 957 δὶ
1734 905 1965 978 γυναῖκα

312 1004 484 1060 αὖτοῦ
552 998 787 1073 Εἰρήνην
879 993 1130 1068 σφοδρῶς
1223 991 1530 1065 ἐπιπλήξας
1614 986 1963 1060 ὲξουδένωσεν

313 1092 506 1150 εἰπών·
541 1114 568 1142 κ
599 1084 787 1150 Οὕτως
814 1083 1037 1159 ὣμοσας
1065 1088 1146 1158 τῷ
1174 1084 1336 1160 πατρί
1372 1104 1481 1155 μου
1510 1086 1589 1154 τῷ
1612 1078 1834 1156 βασιλεῖ
1876 1079 1967 1134 ἐπὶ

319 1187 431 1238 τῶν
458 1182 701 1257 φρικτῶν
730 1176 818 1232 καὶ
849 1175 1136 1251 ἀχράντων
1165 1179 1266 1243 τῆς
1288 1171 1521 1234 πίστεως
1550 1168 1865 1245 μυστηρίων
1895 1187 1909 1238 ;
1938 1192 1967 1221 ››

317 1271 474 1339 Αύτὴ
505 1269 564 1324 δὲ
601 1264 982 1341 ὃιισχυρίσατο
1043 1264 1119 1338 μή
1181 1261 1477 1337 ἑωρακέναι
1545 1260 1729 1322 αὐτάς.
1789 1259 1967 1321 Αὐτὸς

316 1362 414 1416 οῦν
443 1359 701 1414 ἀπώσατο
733 1356 937 1423 αὐτὴν,
992 1356 1069 1429 μή
1128 1351 1385 1428 ἐγνωκὼς
1428 1350 1597 1419 αὐτὴν
1643 1350 1744 1408 ἔτι.
1803 1356 1972 1413 Λιθο-

327 1451 503 1526 μανής
533 1446 593 1503 δὲ
629 1445 752 1502 λιαν
791 1445 1056 1521 ὑπάρχων
1083 1444 1296 1520 ἠράσθη
1347 1445 1450 1498 τοῦ
1507 1437 1818 1516 στέμματος
1872 1444 1973 1509 τῆς

325 1542 593 1621 Μεγάλης
654 1536 1006 1610 Ἐκκλησίας,
1090 1536 1225 1611 ’ὅπερ
1299 1535 1368 1604 ἦν
1456 1531 1837 1621 ἸΙρακλείουη
1883 1531 1972 1586 καὶ

328 1626 516 1688 λαϐὼν
558 1629 806 1707 ὲφὸρεσεν
839 1626 974 1682 αὐτὸ
1029 1624 1120 1680 καὶ
1172 1623 1465 1698 προῆλθεν.
1513 1620 1975 1701 Ὑποστραφὲντος

330 1718 391 1776 δὲ
433 1718 838 1794 ἆπηνθρακώθη
901 1712 1154 1783 δεινῶςὴ
1184 1711 1395 1787 κεφαλή
1454 1710 1641 1783 αὐτοῦ,
1696 1711 1787 1766 καὶ
1844 1730 1977 1785 σφο-

2071 546 2368 618 pulvinari
2397 548 2601 602 uxoris
2631 566 2751 603 suae
2781 551 2982 605 Irenes
3008 565 3021 616 ;
3055 566 3201 620 quas
3233 566 3367 605 cum
3401 549 3720 623 diligenter

2075 641 2231 692 esset
2253 637 2708 708 contemplatus.
2734 639 3121 710 inquisitione
3152 640 3303 695 facta
3326 640 3721 711 deprehendit

2077 743 2176 781 eas
2202 742 2236 781 a
2256 726 2433 798 papia
2448 725 2709 798 palatino
2738 728 2989 800 aliisque
3011 730 3316 784 nonnullis
3348 729 3717 801 primicerio-

2077 832 2210 870 rum
2242 815 2425 870 fuisse
2455 815 2672 872 illatas.
2706 834 2855 887 quos
2905 823 2962 872 et
2991 818 3349 873 cruciatibus
3378 819 3720 891 suppliciis-

2080 921 2193 975 que
2224 904 2585 978 gravissimis
2606 905 2834 961 addixit
2880 908 2943 960 ln
2963 924 3205 961 uxorem
3230 924 3464 978 quoque
3488 910 3721 963 lrenam

2080 994 2298 1050 acriter
2341 999 2430 1049 est
2477 994 2769 1059 invectus,
2828 1012 3079 1066 eamque
3135 997 3309 1052 nauci
3367 1014 3495 1052 esse
3551 998 3724 1064 dixit,

2081 1083 2236 1139 820
2292 1105 2321 1132 σε
2385 1100 2514 1154 quas
2572 1101 2677 1139 suo
2731 1086 2884 1157 patri
2944 1084 3287 1157 imperatori
3344 1086 3728 1141 horribilibus

2084 1179 2260 1244 atque
2292 1174 2661 1229 intemeratis
2679 1175 2816 1230 ﬁdei
2841 1176 3140 1247 mysteriis
3165 1176 3410 1248 prolatis
3432 1176 3728 1232 diversum

2083 1265 2260 1336 plane
2284 1264 2569 1336 jurasset.
2597 1286 2623 1313 »
2647 1265 3000 1320 Constanter
3019 1270 3457 1321 asseverantem
3490 1282 3523 1320 ιι
3543 1282 3604 1320 se
3631 1281 3732 1319 eas

2084 1370 2207 1408 non
2238 1353 2391 1408 visas
2439 1353 2678 1424 repulit,
2725 1370 2921 1425 neque
2971 1360 3178 1427 postea
3225 1372 3349 1409 rem
3411 1370 3543 1410 cum
3604 1353 3734 1426 ipsa

2085 1442 2312 1498 habuit.
2340 1441 2485 1497 Cum
2517 1448 2713 1499 autem
2759 1445 2969 1500 insano
3022 1445 3418 1516 pretiosorum
3466 1442 3731 1516 lapidum

2087 1546 2289 1586 amore
2343 1537 2635 1603 ageretur,
2693 1549 2970 1589 coronam
3056 1550 3292 1604 quoque
3360 1532 3610 1588 lleraclii
3670 1531 3733 1585 in

2088 1636 2303 1691 magna
2332 1620 2457 1675 aede
2485 1620 2815 1677 dedicatam
2848 1623 3158 1690 adamavit,
3209 1622 3583 1692 ablatamque
3633 1637 3737 1694 ge-

2092 1709 2269 1764 stavit
2297 1708 2357 1763 in
2395 1710 2698 1781 publicum
2748 1728 3111 1784 progressus.
3160 1711 3304 1766 Inde
3357 1710 3597 1766 domum
3643 1726 3739 1764 re-

333 1808 583 1885 ὂροτάτῳ
612 1810 831 1882 πυρετῷ
875 1803 1239 1878 συνεχόμενος
1274 1803 1447 1871 κακήν
1500 1804 1679 1862 κακῶς
1721 1800 1820 1867 τὴν
1875 1802 1979 1874 ψυ-

2112 1801 2242 1854 rersi
2302 1805 2479 1872 caput
2535 1801 2912 1858 carbunculis
2968 1802 3223 1874 graviter
3279 1807 3369 1857 est
3435 1802 3737 1866 affectum,

324 1901 438 1976 χὴν
533 1894 826 1971 ἆπὲῤῥηξε,
892 1897 992 1960 τῆς
1066 1889 1391 1970 ἱεροσυλίας
1481 1889 1850 1965 κομισάμενος
1912 1887 1979 1943 τὰ

326 1989 609 2068 ἐπίχειρα.

407 2152 631 2227 Κόσμου
682 2145 803 2213 ἔτος
861 2149 1051 2227 ιςσογ¹⁹
1106 2154 1206 2218 τῆς
1264 2148 1410 2211 θείας
1464 2146 1785 2221 σαρκώσεως
1842 2147 1982 2218 ψοθ“.

334 2246 745 2303 Κωνσταντῖνος
777 2240 869 2294 σὺν
898 2241 969 2313 τῇ
1000 2237 1170 2312 μητρὶ
1228 2234 1393 2292 αὐτοῦ
1442 2235 1648 2310 Εἰρήνῃ
1704 2231 1983 2309 ὀρθόδοξοι

333 2329 689 2389 ἐϐασίλευσαν
748 2325 843 2397 ἔτη
907 2327 957 2382 ι’.
1019 2325 1209 2398 Τούτῳ
1262 2328 1343 2396 τῷ
1398 2318 1507 2380 ἔτει
1554 2324 1590 2392 ἡ
1621 2316 1979 2392 εὐσεϐεστάτη

332 2424 549 2499 Εἰρήνη
618 2421 734 2495 ἅμα
783 2419 864 2490 τῷ
923 2417 1027 2489 υἱῷ
1077 2413 1454 2487 Κωνσταντίνῳ
1512 2412 1692 2468 θεόθεν
1749 2408 1989 2489 παραδό-

340 2515 448 2584 ξως
477 2513 578 2581 τὴν
614 2506 894 2586 βασιλείαν
933 2505 1324 2582 ἐγχειρίζεται.
1366 2503 1517 2561 Μετὰ
1564 2499 1623 2558 δὶ
1678 2502 1729 2575 μ’
1781 2499 1992 2576 ἡμέρας

337 2601 483 2661 τινες
537 2606 637 2669 τῆς
677 2594 989 2672 συγκλήτου
1045 2589 1323 2665 ἠθέλησα)
1380 2586 1750 2666 προϐαλέσθαι
1806 2596 1986 2660 Νικη-

340 2688 511 2763 φόρον
558 2687 647 2742 τὸν
700 2686 806 2742 ἀπὸ
864 2684 1144 2756 Καισάρων
1200 2680 1276 2741 εἷς
1337 2678 1584 2756 βασιλέα·
1643 2677 1735 2742 οῦς
1791 2680 1995 2754 κρατή-

347 2756 550 2847 datur,
602 2775 821 2853 βασιλὶς
877 2768 1039 2847 ἔτυψε
1085 2772 1176 2828 καὶ
1234 2771 1477 2845 ἐξώρισε.
1534 2771 1673 2830 Τοὺς
1726 2767 1783 2824 δὲ
1834 2765 1997 2843 ἄνδρ’

344 2866 616 2946 αδέλιρους
646 2866 819 2934 αὐτῆς
879 2862 1145 2935 Καίσαρας
1206 2861 1294 2916 καὶ
1347 2855 1785 2932 νωϐελισσίμους
1841 2853 2001 2916 ὄντας

345 2945 681 3031 ἀποκείρασα
717 2956 1022 3030 ἱερατεῦσαι
1079 2950 1169 3006 καὶ
1228 2948 1550 3023 μεταδοῦναι
1606 2952 1684 3020 τῷ
1734 2945 1851 3019 λαῷ
1905 2966 2003 3001 πε-

347 3048 551 3117 ποίηκε
574 3049 645 3120 τῇ
699 3045 865 3118 ἑορτῇ
921 3048 1024 3111 τῆς
1088 3042 1329 3116 Χριστοῦ
1388 3039 1714 3109 Γεννῆσεως·
1764 3036 1817 3092 ἐν
1848 3034 2002 3107 ᾔκαῖ

349 3134 699 3210 προελθοῦσα
739 3131 831 3187 σῦν
887 3134 970 3203 τῷ
1021 3130 1125 3202 υἱῷ
1182 3125 1422 3184 δεκαετεῖ
1471 3127 1777 3201 ὑπάρχοντι
1833 3144 2003 3199 προσ-

2089 1888 2728 1967 vehementissimeque
2787 1908 2923 1946 eum
2982 1891 3198 1946 invasit
3250 1890 3482 1956 febris;
3540 1891 3738 1961 itaque

2090 1976 2310 2033 malam
2362 1979 2623 2034 animam
2675 1979 2999 2035 infeliciter
3054 1980 3365 2050 exhalavit,
3424 1980 3739 2051 praemium

2093 2067 2390 2134 sacrilegii
2413 2068 2645 2138 justum
2677 2075 3053 2125 consecutus.

2164 2158 2335 2211 Anno
2356 2156 2564 2211 mundi
2587 2158 2749 2222 6273,
2770 2157 3065 2213 iucarnati
3091 2159 3261 2214 Verbi
3296 2161 3421 2221 779,
3455 2158 3749 2212 Constan-

2096 2245 2260 2300 tinus
2291 2248 2349 2300 et
2377 2250 2567 2300 mater
2597 2247 2726 2318 ejus
2754 2248 2923 2302 Irene
2952 2246 3264 2302 orthodoxi
3289 2247 3608 2317 imperium
3634 2244 3747 2299 ini-

2097 2338 2326 2400 verunt,
2359 2333 2539 2405 idque
2567 2334 2924 2390 decennium
2968 2340 3301 2408 gesserunt,
3354 2334 3638 2390 divinitus
3685 2350 3753 2388 ac

2100 2428 2316 2497 praeter
2345 2424 2657 2480 hominum
2688 2425 3033 2497 opinionem
3067 2441 3314 2480 summae
3345 2439 3546 2479 rerum
3599 2440 3753 2495 pra:-

2100 2513 2260 2569 fecti.
2293 2514 2434 2568 Post
2463 2513 2589 2569 dies
2632 2515 2700 2568 40
2757 2514 3034 2570 nonnulli
3093 2520 3438 2570 senatorum
3503 2513 3755 2569 consilia

2104 2602 2402 2657 iniverunt
2452 2602 2524 2658 de
2567 2603 2866 2658 evehendo
2920 2603 2994 2658 ad
3048 2603 3366 2675 imperium
3424 2602 3751 2674 Nicephoro

2106 2691 2371 2745 Caesare:
2405 2689 2509 2745 sed
2540 2707 2641 2745 eos
2673 2691 3016 2762 imperatrix
3057 2698 3261 2763 captos
3293 2690 3753 2761 verberibusque

2110 2778 2393 2834 multatos
2423 2778 2718 2852 relegavit.
2754 2780 2943 2835 Mariti
2984 2780 3073 2835 sui
3125 2780 3337 2834 fratres
3393 2780 3653 2835 Caesares
3700 2783 3756 2833 et

2110 2867 2510 2922 nobilissimos
2540 2884 2673 2923 raso
2713 2870 2906 2941 capite
2957 2869 3016 2923 in
3060 2869 3332 2924 ordinem
3380 2868 3756 2923 sacerdotum

2112 2958 2355 3029 redegit.
2389 2958 2489 3029 qui
2522 2957 2791 3013 natalitio
2823 2958 3038 3013 Christi
3071 2958 3220 3013 festo
3255 2957 3439 3013 sacris
3474 2958 3759 3029 populum

2112 3045 2507 3118 impertirent.
2551 3046 2674 3111 Quo
2724 3045 2819 3101 die
2869 3047 2996 3119 ipsa
3047 3063 3285 3117 quoque
3334 3064 3468 3102 cum
3520 3046 3642 3101 tilio
3694 3049 3758 3100 10

2114 3152 2301 3191 annos
2322 3141 2459 3190 nato
2484 3152 2796 3207 progressa
2825 3136 3092 3192 ecclesiae
3118 3136 3383 3191 obtulita
3405 3136 3617 3191 merito
3651 3152 3757 3190 suo

351 3197 554 3299 ἤνεγκε
580 3223 649 3297 τῇ
679 3197 954 3292 ἐκκλησίᾳ.
968 3220 1031 3275 τὸ
1068 3197 1172 3274 ὑπὸ
1229 3223 1328 3272 τοῦ
1381 3197 1596 3290 ἀνδρὸς⁷
1623 3197 1792 3281 αὐτῆς
1848 3197 2001 3289 ἀρθὲν

2114 3223 2405 3279 sublatam
2464 3241 2764 3287 coronam,
2855 3225 3186 3297 margaritis
3250 3241 3284 3279 a
3341 3241 3404 3280 se
3463 3232 3756 3279 ornatam.

354 3314 602 3387 στέμμα,
652 3308 1144 3367 ἐπικαλλωπίσασα
1199 3304 1288 3362 διὰ
1346 3307 1656 3381 μαργάρων.
1716 3307 1811 3374 Τῷ
1857 3300 2007 3375 αἱ)τῷ

358 3401 553 3478 χρόνῳ
615 3401 668 3455 οἱ
725 3392 959 3472 Ἄραϐες
1036 3396 1173 3469 μετὰ
1251 3393 1544 3478 Ῥωμαίων
1631 3386 2007 3464 συμϐαλόντες

364 3477 656 3561 ἡττῶνται.
715 3491 983 3562 ’Ἂρχεται
1041 3482 1099 3541 ὃὶ
1140 3487 1176 3554 ἡ
1216 3477 1458 3538 εὐσέϐεια
1508 3481 1599 3537 καὶ
1630 3482 1659 3537 ὁ
1690 3481 1856 3556 λόγος
1910 3481 2012 3534 τοῦ

363 3584 501 3637 Θεοῦ
566 3578 954 3646 πλατύνεσθαι,
1021 3574 1109 3630 καὶ
1175 3578 1279 3629 πᾶν
1373 3571 1574 3646 ἀγαθὸν
1660 3566 2010 3646 σωτηριῶδες

365 3669 719 3750 ἐφανεροῦτο.
777 3664 914 3720 Τότε
967 3661 1058 3718 καὶ
1117 3668 1218 3730 τῆς
1301 3661 1663 3750 πανευφήμου
1743 3659 2016 3750 μάρτυρος

368 3744 663 3836 Εὐφημίας
692 3755 756 3810 τὸ
814 3751 1084 3826 λείψανον,
1142 3749 1276 3824 ὅπερ
1331 3749 1547 3836 ἀένναον
1595 3746 1765 3822 μύρον
1818 3744 2016 3836 βλύζον

367 3832 622 3915 διετέλει,
651 3841 760 3899 ἀπὸ
815 3847 915 3910 τῆς
984 3840 1274 3912 Λήμνουὴ
1310 3835 1571 3914 θεοφιλὴς
1628 3836 1839 3909 Εῒρήνη
1898 3832 2023 3889 ἐκό-

372 3954 520 4010 μισε,
546 3932 635 3988 καὶ
667 3932 760 3986 τὸν
817 3928 1052 3999 πλησίον
1107 3932 1205 3984 τοῦ
1252 3924 1606 4002 ἱπποδρόμου
1662 3926 1790 3981 ναὸν
1851 3925 2024 3993 αὐτῆς

370 4021 779 4097 περικαθάρασα
808 4018 922 4074 ἐκεῖ
957 4016 1088 4073 αύτό
1136 4014 1406 4081 κατέθετο.
1449 4019 1625 4071 Ταῦτα
1675 4011 1734 4070 δὲ
1774 4013 2023 4090 γέγονεν,

371 4113 448 4175 ὡς
478 4110 541 4168 ἄν
603 4111 972 4186 θαυμαστωθῇ
1004 4113 1034 4163 ὸ
1065 4106 1216 4175 Θεὸς,
1275 4105 1377 4161 οὐκ
1430 4104 1482 4161 ἑν
1544 4101 1765 4174 δυνάμει
1817 4099 2024 4177 ἀνδρῶν

366 4202 462 4257 καὶ
495 4201 756 4262 συνέσεως
816 4197 1124 4273 περιουσίᾳ,
1183 4193 1308 4251 ἀλλ’
1365 4192 1417 4249 ἐν
1476 4192 1719 4264 ἀσθενείᾳ
1770 4190 2025 4266 γυναικὸς

375 4292 509 4367 μετᾶ
538 4287 731 4351 παιδὸς
766 4288 1004 4363 ὀρφανοῦ
1063 4283 1431 4355 καθαιρούσης
1478 4284 1577 4349 τὴν
1621 4280 1854 4356 ἃμετρον
1905 4279 2024 4335 κατ’

371 4363 536 4437 αὐτοῦ
614 4378 704 4434 καὶ
794 4381 903 4432 τῶν
1001 4374 1342 4447 θεραπόντων
1439 4370 1603 4425 αὐτοῦ
1697 4363 2025 4425 δυσσέϐειαν.

369 4469 567 4542 Τούτῳ
604 4472 685 4539 τῷ
722 4465 830 4522 ἔτει
860 4463 935 4528 ἐν,
959 4469 1078 4527 τοῖς
1129 4465 1361 4538 μικροῖς
1413 4459 1628 4534 τείχεσι
1664 4461 1766 4524 τῆς
1816 4456 2030 4532 Θρᾴκης

2113 3313 2332 3368 Eodem
2362 3319 2626 3384 tempore
2658 3313 2880 3368 Arabes
2904 3329 3038 3369 cum
3072 3314 3353 3370 Romanis
3383 3314 3589 3385 prmlio
3622 3329 3762 3368 con-

2116 3401 2300 3473 gressi
2335 3401 2673 3457 vincuntur.
2698 3402 2913 3474 Incipit
2933 3407 3133 3457 autem
3155 3410 3214 3458 et
3235 3402 3425 3474 pietas
3450 3401 3770 3457 etverbum

2119 3491 2221 3545 Dei
2254 3490 2632 3563 ampliﬁcari,
2657 3492 2977 3564 omniaque
3001 3491 3284 3547 salutaria
3304 3491 3460 3546 bona
3481 3508 3609 3546 sese
3633 3507 3773 3561 pro-

2119 3584 2295 3639 ferre.
2326 3585 2488 3638 Tunc
2517 3589 2576 3638 et
2618 3583 2962 3654 Euphemiaa
3014 3583 3448 3638 laudatissima)
3498 3581 3777 3653 martyris

2122 3672 2428 3743 reliquias,
2472 3670 2617 3726 821
2678 3688 2939 3742 perenne
2990 3676 3359 3743 unguentum
3413 3670 3539 3724 sine
3592 3670 3781 3723 inter-

2124 3762 2407 3818 missione
2441 3760 2756 3823 stillantes,
2789 3777 2824 3815 a
2854 3760 3072 3815 Lemno
3108 3762 3276 3814 lrena
3316 3758 3537 3825 retulit,
3596 3759 3778 3828 inque

2124 3852 2262 3908 fano
2293 3849 2454 3922 quod
2484 3849 2639 3904 circo
2671 3854 2762 3903 est
2792 3850 3213 3920 propinquum,
3248 3854 3571 3921 expurgato
3603 3846 3781 3918 depo-

2127 3942 2266 3996 suit.
2293 3941 2449 4007 Haec,
2471 3944 2537 3993 ut
2559 3938 2873 3993 admiratio
2903 3939 3002 3993 Dei
3024 3938 3401 4005 excitaretur,
3436 3944 3599 4011 gesta
3620 3942 3779 4004 sunt,

2127 4046 2247 4085 non
2267 4028 2533 4101 potentia
2554 4028 2816 4083 virorum
2833 4044 3025 4097 neque
3050 4027 3382 4100 prudentiae
3396 4026 3783 4093 abundantia,

2131 4117 2235 4174 sed
2264 4116 2675 4172 imbecillitate
2710 4116 3000 4184 mulieris,
3034 4133 3163 4188 qua)
3196 4133 3329 4171 cum
3385 4132 3568 4187 puero
3618 4121 3786 4186 patre

2130 4206 2274 4262 orbo
2305 4205 2685 4260 immodicam
2717 4204 2779 4258 in
2808 4205 2993 4260 Deum
3028 4211 3087 4259 et
3118 4205 3246 4275 ejus
3288 4203 3545 4259 famulos
3574 4203 3787 4274 impie-

2132 4305 2313 4354 tatem
2345 4296 2646 4367 repressit.
2682 4295 2898 4351 Eodem
2924 4313 3079 4352 anno
3109 4295 3264 4367 apud
3294 4296 3498 4367 longos
3525 4295 3785 4350 Thracim

2131 4404 2335 4443 muros
2384 4385 2613 4441 fodiens
2671 4384 2912 4456 quidam
2975 4386 3036 4441 in
3092 4386 3301 4441 cistam
3360 4384 3608 4452 incidit;
3669 4400 3787 4455 qua

2134 4483 2379 4551 purgata
2433 4480 2493 4530 et
2549 4474 2780 4531 reclusa
2836 4476 3064 4531 invenit
3119 4475 3281 4530 intus
3338 4475 3787 4531 recumbentem

370 4555 654 4627 ἅνθρωπός
711 4575 797 4617 τις
856 4553 1104 4629 ἂρύσσων
1164 4552 1285 4626 εὗρε
1342 4548 1607 4624 λάρνακα,
1653 4546 1744 4603 καὶ
1824 4545 2001 4617 ταύτηη

2134 4545 2327 4620 virum
2360 4579 2662 4635 magnum.
2695 4563 3041 4634 litterasque
3073 4565 3234 4620 cistas
3277 4564 3624 4635 insculptas,
3659 4580 3789 4633 quas

370 4646 716 4721 ἀποκαθάρας
794 4644 883 4699 καὶ
942 4639 1321 4702 ἀποσκεπάσας
1405 4639 1556 4714 εὗρεν
1616 4634 1786 4711 ἄνδρα
1841 4634 2031 4707 κείμε-

374 4757 466 4791 νον
541 4737 704 4808 μεγαν
761 4732 850 4787 καὶ
905 4732 1207 4807 γράμματα
1289 4727 1742 4805 ἐγκεκολαμμένα
1826 4724 1877 4780 ἐν
1958 4730 2030 4800 τῇ

378 4823 609 4899 λάρνακι
642 4823 984 4899 περιέχοντα·
1022 4844 1051 4873 (ί
1086 4818 1324 4896 Χριστὸς
1388 4815 1584 4890 μέλλει
1629 4815 1914 4891 γεννᾶσθαι
1973 4813 2034 4869 ἐκ

382 4908 682 4984 Παρθένου,
738 4912 826 4966 καὶ
878 4908 1118 4966 πιστεύω
1177 4906 1253 4970 εἰς
1310 4905 1489 4962 αὐτόν.
1550 4903 1674 4962 Ἐπὶ
1761 4900 1819 4958 δὲ
1875 4907 2032 4962 Κων-

379 5000 661 5057 σταντίνου
693 4999 782 5053 καὶ
841 4999 1085 5077 Εἰρήνης
1145 4994 1335 5064 πάλιν,
1390 4994 1435 5049 ὦ
1490 4991 1641 5062 ἥλιε,
1700 4990 1826 5067 ὄψει
1886 5012 2032 5067 με.»

2141 4655 2293 4711 hanc
2324 4652 2679 4708 sententiam
2714 4653 3304 4725 comprehendebant
3331 4669 3342 4708 :
3397 4674 3425 4703 ‹‹
3458 4652 3725 4709 Christus
3758 4669 3788 4708 e

2143 4743 2376 4817 Virgine
2434 4746 2733 4810 nascetur,
2788 4743 2970 4816 inque
3027 4760 3163 4801 eum
3225 4759 3329 4816 ego
3388 4743 3586 4798 credo.
3644 4742 3793 4795 Con-

2143 4831 2407 4888 stantino
2458 4836 2518 4887 et
2561 4832 2734 4887 lrena
2780 4830 3232 4904 imperantibus,
3282 4831 3392 4899 sol,
3440 4847 3537 4887 me
3583 4842 3790 4887 rursus

2142 4919 2390 4976 videbis.
2426 4940 2454 4969 »

1587 5113 1946 5171 XYLANDRI
1984 5111 2071 5169 ΕΤ
2108 5112 2327 5170 GOARI
2366 5110 2588 5168 ΝΟΤΛΕ.

452 5221 573 5291 (l5)
602 5219 837 5300 Primus
865 5213 1347 5300 inter_palatinos
1379 5212 1715 5300 saoerdptes
1763 5218 1891 5300 erat
1918 5226 2035 5300 ipa-7

377 5286 534 5364 pias.
560 5297 619 5373 et
639 5298 841 5373 custps
864 5286 1070 5373 palatii
1115 5288 1210 5373 cui
1235 5295 1359 5369 tum
1382 5302 1455 5341 ex
1479 5286 1780 5373 religione
1809 5289 1937 5365 tum
1968 5297 2040 5337 ex

375 5353 736 5421 auctoritate
768 5353 942 5417 facile
1003 5362 1197 5415 fuerat
1243 5353 1844 5429 imperatrici’sacras
1892 5353 2037 5429 i_m_a_-

373 5436 547 5524 g‘ines
581 5434 1063 5491 subministrare.
1098 5432 1177 5486 De
1228 5424 1400 5503 papia
1452 5426 1825 5484 commodius
1875 5424 2036 5480 alibi.

378 5511 574 5648 board.)
630 5575 1016 5633 Primicerios
1072 5570 1711 5648 istos__ecclesiast_icos
1771 5572 2040 5648 autumo,

385 5640 510 5705 non
557 5640 890 5721 palatinos,
950 5660 1102 5717 quos
1157 5643 1466 5717 religionis
1523 5641 1782 5715 ﬁdeique
1830 5640 2046 5695 sensus

2148 5227 2270 5266 non
2310 5209 2394 5264 ita
2448 5208 2729 5279 proxime,
2773 5207 3069 5279 tangebat.
3134 5207 3213 5261 De
3253 5205 3631 5279 hisrimperii
3681 5208 3798 5262 No-

2150 5283 2302 5347 titia,
2329 5281 2401 5335 de
2448 5276 2567 5334 illis
2621 5276 2976 5334 Lodinus"c.
3042 5282 3062 5332 l
3130 5286 3188 5333 et
3243 5276 3663 5347 EuoholOgium
3721 5279 3792 5333 de

2151 5353 2317 5409 Ofﬂc.
2375 5350 2650 5405 Ecclesiaa
2709 5350 2816 5406 CP.
2875 5350 3146 5405 Lexicum
3229 5366 3591 5420 auonymum
3652 5350 3794 5405 bibl.

2150 5424 2342 5494 Hegias
2398 5421 2745 5494 πριμικήςου
2840 5438 2960 5475 uno
3043 5421 3221 5476 verbo
3279 5421 3520 5494 exponit
3580 5440 3799 5494 πρωτο-

2148 5492 2412 5562 ταξώτην,
2446 5492 2658 5547 ordinis
2690 5493 2979 5563 cujuslibet
3004 5495 3267 5563 primum.
3304 5493 3368 5547 Hi
3405 5509 3554 5563 quos
3608 5492 3799 5547 eccle-

2153 5564 2392 5622 siastico
2422 5571 2687 5633 autumo,
2721 5562 2897 5635 primi
2929 5572 3239 5621 cantorum
3270 5565 3334 5619 in
3363 5562 3545 5621 choro
3590 5577 3800 5618 recen-

2154 5636 2455 5693 sebantur.
2489 5635 2665 5691 Con.
