4052 6316
213 380 334 449 905

1339 378 1879 444 HISTORIARUM
1920 375 2484 447 OOMPENDIUM.

3509 384 3627 447 906

218 517 349 577 ὁδου
377 518 598 595 χρόνων
656 518 777 594 ρκβ⁹
831 518 919 590 [Ρ.
978 516 1108 593 471]
1161 515 1379 592 γέγὸνεν
1437 513 1491 571 ἐν
1543 514 1747 589 Νικαίᾳ
1777 515 1863 571 ol-

2003 531 2117 571 iaeas
2149 515 2279 587 fuit,
2332 516 2546 590 elapsis
2573 518 2648 574 ad
2678 518 2740 574 id
2768 535 2802 576 a
2833 524 2994 577 sexto
3042 521 3217 577 annis
3262 526 3502 579 centum
3531 523 3623 578 vi-

217 609 516 683 κουμενική
579 608 623 679 ζ’
682 604 907 669 σύνοδος
942 651 958 677 ,
1015 607 1106 662 καὶ
1173 599 1443 662 ἀπέλαϐεν
1495 607 1532 675 ἡ
1588 606 1860 674 καθολική

221 697 523 769 Ἐκκλησία
574 694 664 752 διὰ
744 694 1018 771 Ταρασίου
1081 698 1179 751 106
1231 694 1535 769 ἀγιωτατου
1598 694 1865 769 πατριάρο

216 808 330 865 χου
360 790 455 844 τὸν
485 785 720 861 ἀρχαίον
785 785 994 858 κόσμον
1055 783 1244 856 αὐτῆς,
1306 782 1668 839 συνελθόντων
1694 782 1867 840 Ηατέ-

219 899 335 953 ρων
368 878 420 933 ἐν
457 875 657 947 Νικαία
692 875 754 930 τὸ
815 873 1063 949 δεύτερον
1121 874 1215 942 1v‘,
1279 874 1330 928 οἳ
1386 873 1480 935 τὰς
1540 871 1746 935 εἶ’κόνας
1777 872 1871 927 σὺν

213 973 305 1040 τῷ
358 971 571 1041 σταυρῷ
625 962 960 1038 διορίσαντες
1018 965 1455 1038 προσκυνεῖσθαι,
1508 960 1660 1018 οὐδὲν
1691 962 1875 1016 καινὸν

1979 605 2126 677 ginti
2185 605 2435 662 duobus.
2494 610 2774 680 Tuncque
2838 611 3060 666 Tarasii
3118 612 3476 668 sanctissimi
3532 629 3633 684 pa~

1978 695 2255 751 triarchaa
2286 712 2467 767 opera
2493 698 2812 768 pristinum
2851 716 3025 755 suum
3056 707 3333 757 ornatum
3374 703 3621 775 recepit.

1982 786 2398 841 Convenerunt
2453 801 2523 840 eo
2576 787 2778 841 Patres
2826 788 2952 853 350,
3012 790 3114 860 qui
3170 790 3462 862 imagines
3492 809 3630 850 cum

1984 889 2159 928 cruce
2215 872 2548 928 adoraudas
2604 879 2961 935 statuerunt.
3014 877 3167 932 nihil
3199 879 3239 932 ii
3272 896 3489 935 novum
3520 881 3631 937 de-

1986 968 2320 1028 cernentes,
2353 962 2457 1017 sed
2483 967 2818 1018 sanctorum
2842 966 3085 1020 Patrum
3117 965 3355 1022 decreta
3386 969 3633 1026 immota

222 1053 652 1130 δογματίσαντες
709 1051 857 1108 ἀλλά
930 1073 988 1108 τε
1041 1056 1149 1107 τῶν
1208 1052 1375 1128 ἀγιων
1435 1051 1526 1106 καὶ
1599 1051 1877 1126 μακαρίων

2003 1050 2244 1120 ’θιίῐιειιιί
2267 1049 2572 1121 jubentes.
2632 1049 2839 1118 Iidem,
2891 1068 3047 1106 nova
3093 1052 3303 1108 hieresi
3336 1056 3632 1127 damnata,

220 1147 488 1220 Πατέρων
546 1141 792 1216 δόγματα
846 1140 1116 1197 ἀσάλευτα
1183 1139 1571 1219 φυλάττεσθαι,
1628 1141 1720 1196 καὶ
1776 1142 1874 1209 τὴν

215 1235 349 1289 νέαν
405 1230 613 1307 αἶ’ρεσιν
669 1230 1109 1305 ἀποκηρύξαντες
1144 1274 1158 1300 ,
1215 1230 1346 1292 τοὺς
1399 1235 1547 1306 τρεῖς
1601 1226 1880 1303 ψευδωνύ-

232 1344 374 1396 μους
431 1320 779 1397 πατριάρχας
839 1319 1249 1391 ἀνεθεμάτισαν,
1288 1319 1658 1385 Ἀναστάσιον,
1708 1318 1878 1397 φημὶ,

217 1413 321 1468 καὶ
378 1415 777 1467 Κωνσταντῖνον
835 1409 927 1465 καὶ
976 1410 1069 1464 τὸν
1119 1410 1364 1480 Νικηταν
1426 1407 1711 1487 εὖνοῦχον.
1751 1408 1880 1463 ’Υπ-

222 1504 430 1579 έργαψε
463 1498 521 1556 δὲ
548 1501 639 1555 καὶ
671 1500 699 1554 ὁ
733 1497 991 1574 βασιλεὺς
1039 1496 1130 1554 καῖ
1185 1499 1219 1568 ἠ
1284 1500 1467 1572 μήτηρ
1527 1497 1690 1552 αὐτοῦ
1720 1495 1772 1550 ἐν
1802 1501 1882 1569 τῷ

219 1592 413 1665 τόμῳ,
477 1588 568 1646 καὶ
623 1587 987 1663 εῗρήνευσενή
1016 1591 1113 1643 106
1170 1591 1302 1643 Θεοῦ
1359 1585 1681 1658 Ἐκκλησία,
1715 1585 1880 1641 εἶκαὶ

227 1683 265 1737 ὁ
305 1679 504 1755 ἐχθρὸς
533 1679 601 1734 τὰ
660 1676 857 1733 ἑαυτοῦ
915 1676 1125 1748 ζιζάνια
1163 1676 1215 1732 ἐν
1268 1681 1385 1739 τοῖς
1442 1674 1602 1740 ἰδίοις
1631 1675 1881 1752 ἐργάταις

1985 1140 2362 1195 anathemate
2396 1138 2668 1196 detestati
2703 1145 2842 1195 sunt
2893 1146 3010 1196 tres
3070 1141 3216 1196 istos
3271 1143 3422 1200 falso
3455 1147 3637 1216 patri-

1987 1230 2196 1285 archas
2226 1229 2482 1295 habitos,
2523 1230 2926 1301 Anastasium,
2962 1231 3418 1289 Constantinum
3450 1241 3508 1290 et
3539 1237 3639 1290 Ni-

1989 1324 2200 1375 cetam.
2253 1318 2751 1391 Subscripserunt
2801 1321 2962 1375 Actis
3020 1322 3258 1377 concilii
3313 1324 3639 1395 imperator

1990 1415 2299 1481 materque
2327 1409 2474 1481 ejus.
2507 1410 2681 1466 Juxta
2711 1427 2823 1482 pax
2863 1416 2991 1467 tum
3040 1412 3318 1469 Ecclesiae
3372 1415 3475 1470 Dei
3505 1415 3638 1484 fuit,

1990 1501 2227 1555 tametsi
2258 1499 2534 1554 inimicus
2585 1516 2692 1571 per
2737 1516 2876 1556 suos
2925 1501 3233 1557 ministros
3266 1503 3487 1560 zizania
3535 1522 3644 1561 sua

1991 1603 2191 1644 serere
2220 1604 2340 1643 non
2398 1594 2609 1643 cesset.
2642 1589 2837 1643 Vincit
2889 1594 3090 1645 tamen
3137 1606 3374 1664 semper
3402 1593 3504 1649 Dei
3535 1595 3644 1649 Ec-

1999 1677 2181 1733 clesia
2212 1678 2342 1748 ejus
2372 1676 2589 1732 favore.

224 1770 471 1846 σπείρειν
503 1767 564 1824 οὐ
603 1768 848 1822 παύεται.
879 1765 1041 1824 Ἀλλ’
1067 1768 1102 1837 ἡ
1134 1770 1231 1822 106
1257 1770 1390 1822 Θεοῦ
1421 1765 1718 1837 Ἐκκλησία
1739 1770 1807 1841 τῇ
1838 1765 2004 1821 αὐτοῦ
2032 1766 2222 1844 χάριτι
2254 1766 2471 1827 πάντως
2500 1763 2893 1839 πολεμουμένη
2924 1772 3067 1839 νικᾷ.

307 1861 403 1931 Τῷ
432 1859 476 1913 θ’
505 1852 612 1913 ἔτει
643 1854 850 1912 λύσασα
878 1856 913 1926 ἠ
950 1852 1168 1932 βασιλὶς
1200 1854 1408 1929 Εῗ’ρήνη
1439 1856 1538 1924 τήν
1568 1854 1704 1928 πρὸς
1752 1855 1879 1915 τοὺς

2061 1860 2228 1911 Anno
2259 1858 2290 1910 9
2323 1855 2670 1927 imperatrix
2700 1864 2870 1929 pacto
2914 1876 3049 1914 cum
3105 1861 3346 1917 Francis
3387 1861 3641 1918 rescisso

234 1951 528 2024 Φράγγους
581 1946 925 2022 ωναλλαγήν
999 1946 1169 2022 ἢγαγε
1251 1946 1421 2018 κόρην
1480 1944 1539 2000 ἐκ
1592 1947 1701 1999 τῶν
1760 1943 1883 2018 Ἀρ-

246 2042 515 2113 μενιακῶν
601 2035 708 2092 ἀπὸ
775 2036 1034 2109 Ἀμνείας
1069 2079 1085 2106 ,
1143 2034 1373 2109 ὀνόματι
1436 2038 1687 2109 Μαρῖναν
1722 2077 1737 2103 ,
1793 2033 1885 2088 καὶ

240 2124 447 2200 ἔζευξεν
504 2124 675 2195 αὗτήν
728 2123 1114 2196 Κωνσταντίνῳ
1169 2121 1249 2196 τῷ
1314 2122 1417 2195 υἱῷ
1455 2121 1624 2192 αὐτῆς
1682 2123 1759 2196 μὴ
1801 2120 1885 2186 θέ-

244 2216 424 2283 λοντι,
453 2214 545 2270 καὶ
576 2211 800 2285 ἐποίησε
827 2211 955 2276 τοὺς
992 2211 1228 2288 γάμους.

313 2308 407 2378 Τῷ
444 2305 474 2359 ι’
503 2301 612 2360 ἔτει
664 2301 856 2379 γέγονε
895 2302 1117 2375 σεισμὸς
1154 2296 1556 2380 φοϐερώτατος.
1607 2300 1803 2374 Φθόνῳ
1832 2297 1890 2356 δέ

241 2416 385 2458 τινες
427 2394 720 2473 φερόμενοι
779 2394 886 2448 τῶν
942 2393 1262 2468 προσφιλῶν
1319 2389 1581 2467 Εἰρήνης,
1632 2389 1725 2445 καὶ
1760 2390 1887 2465 βου-

246 2483 475 2558 λόμενοι
508 2482 665 2538 οὗτοι
692 2480 760 2537 τά
806 2481 1103 2559 πράγματα
1152 2475 1399 2550 διοικεῖν,
1432 2475 1759 2544 σςυνέϐαλον
1790 2480 1891 2549 τήν

254 2572 464 2647 μητέρα
490 2572 625 2627 κατὰ
652 2574 750 2626 106
796 2571 939 2638 υἱοῦ,
968 2569 1240 2631 πείσαντες
1272 2568 1464 2640 αὒτήν.
1509 2569 1582 2631 ὡς
1612 2566 1727 2626 Οὔκ
1749 2564 1892 2624 ἔστιν

253 2659 555 2737 ὡρισμένον
581 2659 726 2734 παρά
754 2660 869 2732 Θεῷ
917 2666 1182 2735 κρατῆσαι
1237 2659 1329 2713 τὸν
1390 2658 1506 2713 υἱὸν
1533 2676 1653 2713 σου·
1689 2659 1755 2728 σή
1787 2657 1892 2732 γάρ

254 2751 399 2807 ἐστιν
428 2752 464 2821 ἠ
492 2748 754 2826 βασιλεία.
806 2746 957 2819 Αὕτη
1028 2746 1108 2818 δὲ,
1164 2748 1240 2811 ὡς
1294 2747 1387 2804 ἅτε
1422 2748 1580 2825 γυνὴ,
1623 2747 1892 2818 ἐξαπατη-

253 2843 425 2904 θεῖσα,
458 2841 752 2912 στὲργουσα
784 2835 842 2893 δὲ
870 2837 960 2893 καὶ
1011 2839 1075 2893 τὸ
1137 2836 1430 2915 φίλαρχον,
1485 2830 1789 2905 ἐϐεϐαιώθη
1814 2837 1895 2906 τῷ

250 2931 338 2985 νοῗ
368 2927 544 2993 οὕτως
579 2929 738 2984 εἶναι.
772 2929 834 2986 Ὀ
870 2933 997 3004 γοῦν
1035 2924 1289 3003 βασιλεὺς
1355 2927 1668 2994 εἰκοσαετής
1699 2920 1772 2979 ὥν
1803 2923 1895 2979 καὶ

252 3017 695 3096 ῥωμαλεώτατος
752 3018 891 3072 πάνυ
944 3015 1036 3072 καὶ
1091 3017 1271 3079 ἱκανὸς
1348 3014 1401 3071 ἐν
1453 3020 1570 3077 τοῖς
1623 3013 1895 3087 πολέμοις

249 3106 506 3164 ἐλυπεῖτο
551 3104 782 3181 μηδενὸς
834 3104 1159 3176 ἐξουσιάζων
1206 3104 1298 3159 καὶ
1355 3101 1584 3177 ἐμελέτα
1638 3103 1776 3159 κατά
1795 3110 1896 3173 τῆς

1994 1960 2062 2000 ex
2095 1944 2374 2000 Armenia
2403 1945 2475 2000 ab
2515 1948 2735 2002 Amnea
2764 1947 3024 2019 puellam
3073 1951 3315 2007 nomine
3359 1952 3641 2007 Marinam

1994 2032 2160 2088 duxit
2189 2033 2430 2105 filioque
2463 2050 2569 2089 suo
2601 2036 3011 2108 Constantino,
3044 2038 3183 2095 licet
3212 2041 3418 2110 invito,
3470 2056 3645 2113 copu-

1992 2122 2153 2192 lavit,
2189 2128 2248 2179 et
2276 2122 2517 2195 nuptias
2546 2124 2822 2182 confecit.

2064 2301 2236 2356 Anno
2269 2304 2336 2356 10
2363 2304 2537 2357 terras
2566 2307 2765 2359 motus
2788 2303 2902 2359 fuit
2946 2305 3163 2378 oppido
3214 2307 3515 2364 terribilis.
3551 2309 3649 2364 In-

1994 2391 2169 2445 terim
2199 2389 2444 2461 quidam
2475 2390 2548 2446 de
2576 2392 2786 2448 amicis
2817 2393 3005 2449 Irenae
3036 2395 3261 2451 invidia
3292 2396 3475 2461 ducti.
3509 2390 3568 2452 et
3587 2401 3654 2453 ut

1997 2480 2109 2536 sibi
2130 2496 2330 2535 rerum
2347 2479 2931 2538 administrationem
2952 2483 3344 2554 vindicarent,
3368 2486 3523 2544 824
3544 2502 3653 2543 ma-

1996 2575 2148 2625 trem
2171 2585 2307 2624 cum
2338 2568 2462 2625 {ilio
2509 2571 2912 2640 committunt,
2970 2575 3401 2645 persuadentes
3463 2576 3649 2633 Irenaa

1995 2658 2316 2731 Imperium
2337 2658 2524 2730 ipsius
2542 2661 2853 2731 praprium
2876 2678 3026 2726 esse,
3046 2653 3243 2734 neque
3265 2664 3324 2719 id
3345 2665 3514 2721 ﬁlioa
3530 2668 3648 2721 Deo

1998 2748 2378 2803 destinatum.
2405 2748 2528 2812 Quo
2559 2748 2695 2803 dolo
2727 2749 2852 2818 ilia,
2882 2756 3087 2823 utpote
3120 2753 3355 2823 mulier,
3381 2754 3647 2827 decepta,

2001 2837 2322 2909 cupiditate
2356 2838 2535 2893 etiam
2566 2838 2902 2909 imperandi
2951 2840 3219 2913 alioquin
3250 2850 3516 2916 urgente.
3568 2845 3651 2901 ita

2000 2941 2129 2980 rem
2158 2926 2377 2981 habere
2411 2925 2566 2997 apud
2597 2927 2866 2983 animum
2898 2945 3069 2984 suum
3102 2947 3208 3002 pro
3233 2937 3394 2987 certo
3425 2933 3650 2990 statuit.

2000 3020 2077 3071 At
2113 3014 2441 3085 imperator
2471 3030 2696 3070 annum
2720 3018 2851 3085 jam
2881 3034 3061 3090 agens
3108 3020 3480 3092 vigesimum,
3511 3022 3653 3077 viri-

2007 3104 2236 3175 busque
2264 3104 2702 3160 vaientissimus
2745 3112 2803 3160 et
2831 3107 2907 3162 ad
2937 3106 3096 3164 bella
3125 3108 3398 3174 idoneus.
3431 3111 3657 3168 nullius

255 3197 465 3272 μητρὸς
497 3196 685 3253 αὐτοῦ.
717 3197 779 3252 Ἦ
814 3193 870 3250 δὲ
897 3199 1058 3250 τσῦτο
1093 3198 1338 3268 μαθοῦσα
1402 3193 1547 3268 παρά
1590 3195 1688 3248 106
1720 3198 1893 3247 Σταυ-

2008 3211 2069 3249 se
2095 3193 2179 3248 rei
2200 3198 2555 3265 potestatem
2577 3194 2797 3250 habere
2821 3195 3064 3269 indigne
3092 3197 3339 3261 ferebat.
3366 3206 3425 3255 et
3450 3206 3657 3258 contra

254 3287 470 3363 ρακίου,
526 3285 659 3348 τοὺς
718 3286 812 3359 μὲν
860 3284 1092 3346 οἰκείους
1143 3283 1459 3358 ἀνθρώπους
1489 3283 1655 3338 αὐτοῦ
1695 3282 1894 3345 πάντας

247 3378 466 3453 τύψασα
523 3375 767 3448 ἐξώρισε,
816 3375 908 3430 τὸν
939 3372 998 3430 δὲ
1031 3373 1326 3448 μάγιστρον
1363 3373 1453 3430 καὶ
1485 3371 1765 3449 Θεόδωρον
1792 3395 1896 3429 πα-

247 3468 463 3542 τρίκιον
493 3466 586 3521 τὸν
619 3464 1000 3538 Καμουλιανὸν
1031 3463 1120 3519 καὶ
1160 3462 1375 3539 ἐτέρους
1400 3467 1508 3519 τῶν
1555 3461 1607 3519 ἐν
1637 3462 1785 3519 τέλει
1817 3462 1901 3535 ἐξ-

253 3555 449 3630 ώρισεν
478 3554 530 3609 ἐν
554 3553 867 3628 Καϊστορίᾳ.
899 3554 1003 3610 Τὸν
1025 3550 1083 3608 δὲ
1108 3551 1223 3607 υἱὸν
1242 3553 1412 3621 αὐτῆς
1427 3549 1612 3607 πολλὰ
1644 3548 1902 3627 Λοιδορή-

256 3665 394 3699 σασα
424 3643 684 3720 ἀπρόϊτον
724 3640 982 3714 ’ἐποίησεν
1014 3641 1096 3723 ἐφ’
1124 3642 1337 3717 ἡμέρας
1370 3640 1575 3704 ΐκανάς.
1636 3642 1811 3697 Πάντα
1842 3639 1899 3698 δὲ

254 3735 349 3790 τὸν
376 3734 602 3809 στρατὸν
631 3732 722 3788 καὶ
771 3730 970 3795 πάντάς
998 3732 1127 3796 τοὺς
1155 3729 1207 3786 ἐν
1237 3731 1386 3787 τέΛει
1440 3732 1637 3805 ὀμόσαι
1668 3733 1904 3803 πεποίη-

251 3843 364 3893 κεν,
393 3824 480 3879 ’ὁτι
510 3824 657 3885 Ἕως
686 3818 748 3876 o6
780 3824 899 3895 ζῇς,
933 3820 995 3876 οὗ
1050 3820 1451 3894 καταδεξόμεθα
1507 3821 1598 3877 τὸν
1659 3822 1774 3876 υἱόν
1808 3841 1904 3876 σου

255 3918 545 3981 κοατῆσαι.
583 3911 938 3986 Ἀρμενιακοὶ
966 3907 1023 3965 δὲ
1058 3909 1216 3984 μόνοι
1248 3914 1407 3966 τοῦτο
1432 3910 1496 3966 οὗ
1526 3908 1900 3981 κατεδέξαντο,

260 3997 410 4054 ἀλλά
439 4002 848 4056 Κωνσταντῖνον
911 3997 1002 4052 καὶ
1061 3997 1298 4071 Εἰρήνην
1331 3998 1406 4060 ὡς
1439 3996 1488 4071 ἐξ
1522 3998 1703 4074 ἀρχῆς
1740 3998 1906 4074 εὐφή-

264 4107 430 4160 μουν,
488 4091 586 4143 τοῦ
643 4082 913 4142 διαϐόλου
984 4086 1085 4154 τήν
1142 4086 1399 4156 τοιαύτην
1482 4085 1761 4163 ἐπιορκίαν
1814 4087 1904 4142 καὶ

257 4178 480 4253 ἄρνησιν
539 4171 954 4240 ὑποϐάλλοντος
1008 4179 1125 4238 τοῖς
1163 4175 1489 4251 ἀνθρώποις.
1532 4174 1903 4251 Συναχθὲντες

257 4265 317 4324 δὲ
354 4269 407 4321 οἱ
438 4267 722 4340 θεματικοὶ
765 4263 818 4320 ἐν
868 4269 947 4337 τῷ
1005 4264 1221 4340 ’Δτρώᾳ
1250 4263 1443 4327 πάντες
1498 4268 1657 4338 κοινῇ
1704 4266 1903 4343 γνώμῃ

257 4356 532 4428 ἐζήτησαν
581 4358 991 4411 Κωνσταντῖνον
1071 4352 1320 4430 βασιλέα.
1391 4348 1707 4426 Φοϐηθεῖσα
1755 4352 1812 4410 δὲ
1866 4357 1903 4425 ἡ

254 4445 465 4519 Εἷρηνη
492 4445 555 4499 τὸ
588 4443 823 4520 ὅρμημα
870 4447 968 4500 τοῦ
1035 4443 1193 4513 λαοῦ,
1254 4441 1523 4499 ἀπέλυσεν
1581 4443 1765 4502 αὐτόν.
1801 4444 1906 4501 Καὶ

254 4534 412 4590 αὐτοὶ
474 4535 566 4609 μὲν
627 4535 727 4603 τήν
789 4532 999 4609 μητέρα
1058 4532 1259 4588 τούτου
1317 4533 1678 4608 ἀπεκήρυξαν,
1716 4538 1808 4589 τὸν
1842 4530 1901 4589 δὲ

255 4626 663 4681 Κωνσταντῖνον
722 4621 1093 4699 αὐτοκράτορα
1145 4622 1494 4700 εὐφήμησαν.
1539 4623 1810 4680 Είσελθὼν
1842 4621 1899 4680 δὲ

256 4715 286 4768 ὁ
320 4710 572 4784 βασιλεὺς
604 4711 656 4766 ἐν
682 4716 752 4786 τῇ
800 4709 960 4767 πόλει
1017 4711 1221 4773 πάντας
1276 4713 1404 4773 τοὺς
1464 4711 1769 4775 οίκειακοὺς
1800 4718 1898 4769 106

258 4803 462 4878 πατρὸς
491 4806 604 4875 (19)
635 4801 828 4866 αὐτοῦ,
858 4800 1004 4857 ἀλλά
1060 4801 1151 4857 καὶ
1207 4802 1299 4857 τὸν
1361 4803 1696 4876 Σταυράκιον
1728 4801 1906 4879 δείρας

256 4890 348 4947 καὶ
376 4891 667 4967 κουρεύσας
722 4889 965 4965 ἐξώρισε,
1024 4893 1106 4965 [Ρ’
1165 4893 1293 4967 472]
1332 4891 1432 4960 τὴν
1483 4888 1540 4947 δὲ
1573 4891 1782 4968 μητέρα
1811 4891 1909 4948 αὗ-

253 4985 354 5037 106
390 4981 525 5055 μετά
550 4987 653 5049 τῆς
708 4979 964 5044 ἀπαθείας
1026 4978 1191 5049 αὐτῆς
1247 4979 1487 5035 ἐκάθισεν
1544 4979 1595 5036 ἐν
1623 4986 1702 5055 τῷ
1730 4980 1910 5038 παλα-

252 5071 359 5144 τίῳ
409 5074 520 5126 τῶν
554 5068 927 5141 Ἐλευθερίου,
967 5069 996 5124 ὃ
1045 5069 1182 5139 αὖτή
1225 5066 1604 5145 ᾠκοδόμησεν,
1660 5072 1717 5126 ’ἐν
1773 5072 1818 5143 ᾧ
1847 5069 1914 5126 τά

257 5159 490 5215 πλεῖστα
546 5161 810 5234 χρήματα
866 5158 1218 5233 κατέκρυψεν.
1281 5159 1526 5234 Ἐγένετο
1580 5157 1639 5215 δὲ
1695 5158 1914 5236 ἐμπρη-

260 5249 420 5322 σμὸς,
462 5249 553 5304 καὶ
610 5246 809 5318 ἐκαύθη
843 5247 874 5303 ὅ
896 5268 955 5303 τε
981 5246 1259 5322 τρίκλινος
1290 5251 1390 5303 106
1421 5247 1842 5324 πατριαρχείου,
1882 5249 1911 5304 ὁ

261 5336 566 5417 λεγόμενος
605 5339 920 5411 Θωμαῖτης.
951 5338 1042 5392 καὶ
1065 5338 1120 5392 αἱ
1154 5337 1413 5392 ὑποκάτω
1444 5336 1610 5393 αὐτοῦ
1647 5338 1913 5412 καμάραι,

261 5422 386 5485 ἔνθα
442 5429 693 5484 ἀπέκειτο
736 5429 804 5482 τὰ
872 5423 1046 5502 σχὲδη
1107 5427 1285 5498 πάσης
1342 5432 1588 5507 Γραφῆς,
1646 5424 1679 5481 ἃ
1717 5428 1915 5502 ἡρμή-

2007 3288 2259 3339 matrem
2291 3299 2461 3338 suam
2503 3283 2631 3355 jam
2667 3284 2939 3355 qumdam
2979 3288 3453 3345 machinabatur.
3486 3290 3654 3356 Quod

2005 3388 2140 3427 cum
2172 3388 2243 3427 ex
2275 3371 2575 3427 Stauracio
2633 3372 3030 3432 intellexisset
3057 3378 3248 3442 Irene,
3289 3377 3650 3435 domesticos

2005 3462 2110 3517 ﬁlii
2143 3476 2351 3516 omnes
2380 3461 2723 3517 verberibus
2769 3464 3052 3521 multatos
3107 3466 3425 3539 relegavit;
3458 3469 3650 3542 magi-

2004 3556 2195 3607 strum
2228 3555 2286 3606 et
2314 3550 2685 3607 Theodorum
2716 3553 3032 3623 patricium
3050 3557 3461 3613 Camulianum
3485 3559 3652 3615 alios-

2006 3658 2121 3713 que
2139 3656 2413 3713 proceres
2425 3641 2811 3705 Quaastoriam
2827 3642 3173 3715 deportavit.
3194 3646 3401 3701 Filium
3415 3664 3653 3719 quoque

2007 3730 2223 3786 acriter
2243 3728 2522 3784 conviciis
2550 3728 2842 3785 insectata
2871 3732 3202 3803 complures
3221 3734 3348 3790 dies
3372 3735 3433 3791 in
3464 3737 3655 3807 publi-

2007 3835 2143 3876 cum
2174 3817 2409 3891 prodire
2438 3819 2639 3873 vetuit.
2673 3820 3017 3876 Juramento
3048 3839 3284 3894 quoque
3333 3825 3656 3881 exercitum

2010 3916 2069 3967 et
2098 3916 2370 3966 senatum
2401 3908 2736 3975 obstrinxit,
2766 3927 2867 3965 eos
2899 3912 3028 3984 ipsa
3058 3912 3284 3970 vivente
3326 3915 3447 3971 ﬁlio
3475 3916 3658 3989 impe-

2006 4002 2164 4056 rium
2201 4017 2323 4055 non
2381 3999 2705 4055 delaturos.
2758 4001 2876 4056 Soli
2935 4005 3273 4061 Armeniaci
3336 4006 3556 4063 milites
3596 4008 3655 4063 id

2007 4093 2378 4149 recusarunt.
2396 4090 2848 4145 Constaatinum
2865 4096 2923 4145 et
2938 4093 3196 4163 Irenam,
3220 4096 3375 4151 sicut
3388 4096 3459 4151 ab
3483 4097 3655 4152 initio

2009 4180 2399 4251 imperatores
2437 4178 2785 4249 salutantes,
2819 4180 2977 4251 quod
3008 4186 3067 4237 et
3095 4181 3337 4254 reliquae
3395 4185 3658 4256 legiones

2009 4272 2149 4324 sunt
2164 4266 2719 4333 mmulatm,diabolo
2740 4268 3212 4341 hiecperjuriaet
3235 4273 3661 4345 abnegationes

2010 4356 2351 4413 hominibus
2406 4361 2775 4430 suggerente.
2833 4358 3051 4415 Omnes
3074 4360 3252 4433 igitur
3280 4361 3544 4434 legiones
3597 4363 3659 4420 in

2009 4449 2251 4503 Atroam
2300 4452 2662 4519 congregatae
2692 4463 2813 4502 uno
2860 4464 3157 4507 consensu
3203 4452 3658 4511 Constantinum

2015 4537 2435 4608 imperatorem
2459 4536 2916 4607 requisiverunt.
2941 4539 3143 4612 Itaque
3166 4546 3437 4598 metuens
3457 4543 3661 4599 multi-

2020 4625 2244 4680 tudinis
2276 4624 2562 4696 impctum
2594 4625 2787 4695 Ireua,
2824 4627 3014 4683 ﬁlium
3057 4628 3322 4697 dimisit;
3369 4649 3546 4705 quem
3576 4631 3663 4690 illi

2021 4714 2221 4769 statim
2252 4713 2458 4770 faustis
2488 4712 2983 4771 acclamatinibus
3013 4717 3434 4791 imperatorem
3456 4720 3668 4777 saluta-

2014 4810 2175 4870 runt,
2201 4804 2479 4876 abrogato
2506 4804 2693 4860 [rente
2725 4806 2998 4878 imperio.
3032 4811 3455 4867 Constantinus
3477 4814 3670 4883 impe-

2014 4900 2177 4951 rator
2194 4895 2253 4949 in
2273 4893 2484 4949 urbem
2505 4893 2739 4951 intrans
2759 4913 2967 4953 omnes
2989 4899 3173 4970 patris
3196 4901 3287 4955 sui
3311 4900 3670 4956 domesticos

2015 4989 2193 5056 atque
2250 4984 2448 5055 ipsum
2495 4983 2866 5040 Stauracium
2914 4987 3253 5045 verberatos
3297 4995 3475 5060 atque
3506 5005 3671 5045 rasos

2017 5072 2380 5143 deportavit;
2428 5076 2685 5127 matrem
2744 5072 2805 5129 in
2859 5073 3008 5132 επ
3066 5077 3287 5148 palatio
3320 5077 3668 5146 Eleutherii,

2018 5162 2179 5234 quod
2206 5162 2336 5233 ipsa
2378 5166 2768 5225 exstruxerat,
2802 5165 3119 5222 securitate
3165 5167 3303 5223 data
3341 5166 3673 5237 collocavit,

2019 5267 2134 5320 quo
2166 5255 2226 5305 et
2249 5249 2579 5322 plurimum
2611 5266 2681 5306 ea
2703 5251 2832 5306 auri
2866 5252 3113 5309 abdidit.
3147 5256 3500 5313 Incendium
3523 5274 3672 5329 quo-

2019 5354 2136 5410 que
2158 5338 2486 5393 triclinium
2509 5339 2863 5409 patriarchas
2891 5342 3124 5409 domus,
3150 5347 3305 5415 quod
3337 5346 3675 5404 Thomaites

2024 5426 2460 5501 appellabatur,
2488 5434 2548 5483 et
2579 5427 2633 5482 ei
2667 5430 2967 5504 subjectas
3014 5448 3279 5492 cameras
3320 5435 3678 5513 absumpsit,

1477 5557 1843 5614 XYLANDBI
1881 5556 1968 5612 ET
2006 5555 2219 5612 GOARI
2258 5554 2480 5610 NOTAE.

345 5685 458 5760 (l9)
485 5685 720 5746 Mallem
751 5682 969 5742 matris.
990 5684 1182 5744 Atros.
1208 5687 1270 5742 et
1294 5684 1630 5751 Quaestoria
1655 5683 1757 5759 qui
1786 5682 1903 5743 loci
1932 5681 2071 5755 sint,
2099 5679 2444 5740 videndum.
2474 5681 2620 5741 XYL.

558 5804 829 5868 ΡΑτιιοι.
880 5805 993 5866 Gn.
1041 5802 1250 5866 CXXI.
