4108 6300
539 336 657 403 907

542 471 645 528 ubi
679 468 954 543 reposita
986 473 1158 526 erant
1214 467 1445 524 schedaa
1492 466 1788 523 universas
1847 465 2185 537 Scripturaa,

546 560 762 633 quibus
794 577 923 615 eam
965 565 1207 615 sanctus
1235 559 1492 613 Joannes
1518 557 1969 628 Chrysostomus
2000 555 2194 610 fuerat

540 649 1443 722 interpretatus;grassatumque
1461 652 1551 701 est
1571 661 1757 716 usque
1779 644 1851 700 ad
1868 644 2187 699 miliarium

544 744 606 793 et
635 739 1042 810 quaestorium,
1075 737 1352 793 omnibus
1374 753 1506 807 quan
1537 735 1595 789 in
1631 734 1825 789 medio
1858 741 2026 788 erant
2049 749 2191 788 exu-

541 829 666 884 stis.
706 828 1032 900 Imperator
1048 844 1222 898 porro
1244 826 1617 896 expeditione
1642 825 1703 877 in
1731 823 2005 893 Bulgaros
2036 823 2189 878 facta

535 916 723 972 victor
745 916 938 971 rediit.
971 918 1215 970 Tarsum
1238 931 1473 986 quoque
1502 929 1712 978 magno
1736 929 1891 967 cmm
1924 913 2188 967 exercitu

538 1007 820 1063 adversus
850 1005 1071 1061 Arabas
1104 1004 1406 1076 profectus
1462 1003 1664 1058 multis
1694 1003 1881 1074 captis
1910 1018 2185 1057 reversus

537 1101 647 1151 est.
682 1095 845 1149 Matri
898 1110 1053 1159 vero,
1116 1094 1245 1164 ejus
1296 1093 1707 1164 desperatione
1761 1098 1820 1145 et
1861 1092 2183 1146 multorum

537 1201 909 1240 summorum
939 1184 1196 1238 virorum
1229 1182 1655 1238 intercessione
1692 1186 1905 1239 motus.
1934 1181 2185 1251 impera-

541 1274 753 1330 toriam
787 1273 1134 1346 dignitatem
1185 1272 1463 1330 reddidit.
1511 1288 1762 1343 eamque
1793 1276 1859 1326 ut
1906 1271 1977 1326 ab
2010 1270 2181 1325 initio

536 1363 976 1433 imperatricem
1034 1362 1280 1417 salutari
1323 1361 1543 1433 jussit;
1598 1360 1692 1416 cui
1751 1360 2029 1415 mandato
2071 1360 2181 1414 soli

534 1455 870 1511 Armeniaci
910 1454 1191 1527 refragati
1243 1459 1403 1517 sunt,
1463 1457 1522 1507 et
1577 1452 1849 1507 Alexium
1900 1452 2179 1507 Mosolem

537 1545 1031 1616 depoposcerunt.
1060 1544 1244 1608 Quem
1273 1543 1383 1598 hac
1414 1542 1486 1597 de
1518 1558 1717 1609 causa,
1757 1558 1826 1597 ac
1856 1542 1997 1611 quia
2043 1557 2178 1595 eum

536 1632 777 1704 quidam
799 1631 1069 1686 ferebant
1097 1630 1348 1702 imperio
1382 1631 1728 1702 potiturum,
1760 1630 2178 1686 Constantinus

535 1720 912 1777 verberatum
944 1737 1011 1776 ac
1044 1737 1241 1776 rasum
1271 1721 1334 1775 in
1362 1719 1691 1775 custodiam
1724 1719 1907 1774 dedit.

1855 330 2167 395 GEORGII
2209 331 2560 394 CEDRENI

3775 335 3866 398 908

2299 482 2481 517 νιυσεν
2539 463 2568 518 6
2604 461 2760 536 ἅγιος
2822 461 3077 531 Ἰωάννης
3116 461 3145 517 6
3174 459 3576 536 Χρυσόστομος.
3629 463 3715 519 Καὶ
3741 460 3864 534 διῆλ-

2299 562 2387 615 θεν
2418 555 2452 621 ἡ
2485 551 2619 630 φλοξ
2651 549 2755 614 ἕως
2807 556 2904 607 τοῦ
2965 549 3155 626 μιλίου
3214 551 3303 606 καὶ
3367 556 3463 607 τοῦ
3516 554 3862 627 κοιαιστωρείου

2295 639 2608 720 τανταχόσε
2665 640 3057 714 ἐπινεμομένη,
3113 639 3217 703 ’ἐως
3275 640 3336 695 οὗ
3396 639 3560 695 πάντα
3585 639 3862 700 κατέκαυσεν.

2291 729 2353 786 Ὁ
2394 726 2451 785 δὲ
2485 729 2739 805 βασιλεὺς
2771 729 2964 802 ἐξῆλθε
3016 730 3152 786 κατᾶ
3211 727 3555 804 Ιῦουλγοίρων,
3581 738 3660 784 καὶ
3689 731 3864 795 τούτους

2293 820 2519 889 νικησάς
2576 820 2920 894 ὑπέστρεψεν,
2974 819 3246 881 Ὡσαύτως
3302 820 3390 875 καὶ
3448 820 3499 874 ἐν
3558 823 3728 894 Ταρσῷ
3768 825 3866 892 peri

2293 914 2525 984 στρατοῦ
2583 908 2802 964 ’πολλοῦ
2850 909 3063 979 ἀπῆλθε
3119 911 3256 964 κατὰ
3307 904 3569 984 Ἀράϐων,
3602 909 3682 964 καὶ
3731 911 3862 985 αῗχμ-

2291 996 2566 1060 αλωτίσας
2631 996 2878 1061 πολλοὺς
2963 999 3279 1072 ὑπέστρεψε.
3369 996 3726 1070 Παρακλγ,θεὶς
3759 997 3863 1054 δὶὸ

2297 1085 2554 1162 βασιλεὺς
2598 1089 2700 1142 ὑπὸ
2730 1095 2831 1156 τῆς
2888 1086 3029 1151 ἰδίας
3087 1088 3299 1162 μητρὸς
3354 1087 3444 1141 καὶ
3478 1086 3682 1142 πολλῶν
3707 1093 3795 1142 τῶν
3826 1087 3861 1142 ἐν

2289 1175 2435 1231 τέλει
2466 1177 2619 1237 αὖθις
2649 1176 2965 1253 ἀναγορεύει
3022 1177 3217 1247 αὐτὴν,
3283 1176 3373 1232 καὶ
3429 1177 3862 1254 εὐφημεῖσθαιίῖθὶ

2290 1268 2363 1327 ὡς
2396 1268 2447 1337 ἐξ
2479 1269 2659 1343 ἀρχῆς
2688 1265 3086 1323 διεκελεῦσατο·
3113 1268 3330 1325 Πάντων
3367 1264 3425 1322 δὲ
3479 1268 3859 1343 πειθαρχούντων

2290 1356 2451 1429 μόνοι
2490 1358 2543 1429 oi.
2602 1358 2955 1431 ’Λρμενιακοί
3011 1357 3378 1426 στασιάζουσι,
3434 1357 3523 1410 καὶ
3576 1356 3862 1427 ἐπιζητοῦσιν

2288 1444 2533 1517 Ἀλὲξιον
2561 1445 2652 1500 τὸν
2709 1444 2975 1514 Μωσηλὲ.
3024 1449 3224 1500 Τοῦτον
3283 1450 3375 1499 οὖν
3439 1446 3528 1500 καὶ
3583 1443 3662 1500 διὰ
3711 1446 3862 1514 ταύτην

2284 1537 2382 1603 τήν
2416 1538 2662 1606 ζήτησιν,
2693 1537 2782 1592 καὶ
2820 1534 2909 1591 διὰ
2962 1536 3026 1591 τὸ
3057 1534 3237 1611 λέγειν
3289 1536 3443 1597 τινὰς
3491 1537 3563 1600 ὡς
3592 1533 3761 1610 μὲλλει
3786 1536 3861 1611 βα-

2286 1623 2538 1695 σιλεύειν,
2572 1622 2750 1701 δείρας
2793 1627 2882 1680 καὶ
2908 1625 3202 1700 κουρεύσας
3233 1624 3540 1702 ἑφυλάκισε.

604 1810 775 1864 Anno
806 1813 839 1864 2
859 1810 922 1864 in
954 1809 1235 1881 Bulgaros
1266 1808 1588 1863 exercitum
1620 1808 1843 1863 ducens
1873 1807 2167 1863 Cardamaa

2352 1808 2443 1876 Τῷ
2497 1806 2529 1880 β
2588 1825 2692 1860 ετει
2752 1803 3117 1879 ἐπιστρατεύει
3202 1805 3341 1860 κατᾶ
3391 1803 3705 1879 Βουλγὰρῶν
3736 1845 3749 1869 ,
3793 1804 3865 1858 καὶ

537 1915 736 1956 corem
765 1897 1008 1954 domino
1038 1898 1298 1953 occurrit
1326 1917 1341 1963 ;
1367 1898 1707 1967 amissoque
1756 1897 2015 1951 militum
2046 1914 2175 1953 ma-

532 2003 647 2061 gno
680 2003 929 2044 numero
960 1991 1019 2041 et
1047 1986 1250 2041 multis
1295 1985 1545 2041 ducibus
1594 1986 1841 2057 ipsaque
1872 1986 2051 2042 etiam
2084 2003 2176 2043 co-

529 2077 699 2134 horte
732 2082 791 2133 et
819 2075 1097 2131 omnibus
1128 2075 1571 2146 impedimentis
1601 2081 1779 2146 atque
1810 2076 2000 2146 equis,
2024 2091 2175 2148 aegre

529 2166 668 2239 fuga
692 2166 755 2222 in
776 2165 985 2222 urbem
1006 2165 1242 2238 elapsus
1264 2171 1372 2220 est.
1397 2165 1617 2219 Eodem
1640 2181 1846 2220 mense
1861 2164 2175 2220 calumniis

534 2254 932 2326 quorumdam
962 2254 1252 2310 adductus
1274 2254 1451 2308 exivit
1498 2254 1560 2307 in
1611 2254 1799 2309 sedem
1831 2254 2027 2307 Sancti
2059 2255 2173 2308 Ma-

535 2343 780 2410 mantis,
812 2344 1016 2414 ibique
1041 2342 1437 2413 Nicephorum
1469 2346 1526 2397 et
1555 2342 2043 2413 Christophorum
2070 2358 2171 2412 pa-

536 2438 703 2489 truos
723 2449 862 2487 suos
884 2437 1157 2487 excaecat.
1180 2431 1376 2486 Alium
1403 2431 1891 2502 Christophorum
1914 2431 2175 2486 Nicetam

540 2522 891 2579 Anthimum
924 2528 984 2577 et
1002 2521 1388 2577 Eudocimum
1412 2521 1629 2593 linguis
1641 2522 1795 2578 826
1808 2523 2021 2577 excisis
2043 2539 2172 2576 mu-

528 2611 662 2667 tilat
691 2628 704 2678 ;
742 2610 944 2667 Alexio
976 2627 1233 2683 quoquee
1263 2611 1497 2666 Mosolaa
1529 2612 1733 2667 oculos
1765 2612 1939 2667 eruit.
1972 2613 2169 2683 Neque

528 2702 629 2758 diu
652 2702 865 2757 horum
890 2701 1178 2757 ultionem
1200 2701 1302 2756 Dei
1318 2700 1555 2773 justitia
1571 2701 1822 2756 distulit.
1838 2704 1973 2757 Post
1998 2701 2175 2772 quin—

527 2794 859 2864 quennium
884 2792 1047 2848 enim
1073 2791 1281 2847 eodem
1328 2808 1536 2848 mense
1568 2808 1636 2848 ac
1689 2792 1785 2848 die
1836 2792 1964 2864 ipse
1993 2792 2173 2847 etiam

527 2882 947 2939 Constantinus
977 2881 1164 2939 oculis
1188 2882 1448 2954 privatus
1477 2888 1585 2939 est.
1619 2882 1987 2938 Armeniacis
2015 2882 2172 2938 bello

528 2972 812 3041 subactis,
836 2973 909 3027 de
942 2988 1147 3028 eorum
1168 2970 1418 3028 ducibus
1448 2988 1652 3043 pmnas
1682 2973 1952 3044 sumpsit,
1987 2972 2171 3045 nigris

526 3062 684 3118 notis
735 3062 909 3118 faciei
957 3061 1248 3132 cujusque
1302 3061 1631 3132 impressis,
1664 3078 1796 3132 quin
1828 3067 2033 3117 erant:
2066 3064 2170 3116 Ar-

521 3151 830 3206 meniacus
860 3149 1213 3216 insidiator;
1250 3172 1271 3198 ιι
1309 3148 1669 3220 eosdemque
1717 3150 1779 3205 in
1827 3150 2172 3207 Siciliamet

522 3239 670 3293 alias
692 3237 918 3292 iusulas
974 3236 1268 3308 relegavit.
1323 3236 1543 3293 Deinde
1582 3255 1717 3294 cum
1775 3239 1836 3293 in
1884 3240 2166 3297 Marinam

525 3327 841 3395 conjugem
891 3341 1059 3379 suam
1119 3326 1490 3395 concepisset
1518 3326 1718 3380 odium
1771 3327 1845 3382 ob
1902 3328 2174 3384 sinistras

526 3413 813 3484 quasdam
842 3412 914 3467 de
946 3429 1016 3468 ea
1042 3413 1435 3484 suspiciones,
1468 3415 1674 3470 matris
1704 3414 2010 3477 instinctu.
2040 3434 2170 3487 quas

522 3501 759 3575 imperii
790 3501 1006 3573 cupida
1062 3501 1251 3556 ﬁlium
1309 3502 1564 3558 invisum
1623 3503 1873 3558 subditis
1925 3505 2171 3561 reddere

520 3591 773 3660 volebat,
805 3606 937 3647 eam
970 3590 1033 3645 in
1064 3591 1490 3646 monasterium
1524 3591 1796 3656 detrusit,
1829 3598 1886 3647 et
1901 3594 2166 3649 Theodo-

522 3686 667 3748 tam,
699 3679 907 3735 matris
948 3696 1069 3735 suas
1127 3679 1575 3747 cubiculariam,
1608 3680 1834 3735 illicitis
1872 3680 1984 3736 sibi
2017 3700 2166 3754 nup-

519 3771 619 3826 tiis
648 3770 937 3843 copulans
964 3771 1286 3837 coronavit,
1319 3771 1583 3841 Cumque
1612 3771 1885 3827 Tarasius
1917 3772 2169 3842 patriar-

517 3861 630 3916 cha
651 3876 714 3916 se
744 3866 1091 3932 opponeret,
1114 3860 1375 3915 minatus
1401 3860 1454 3914 ei
1479 3866 1569 3915 est
1598 3877 1682 3925 se,
1711 3860 1826 3916 nisi
1859 3861 2010 3916 hanc
2039 3878 2164 3916 rem

515 3949 850 4020 perﬁceret,
876 3949 1265 4020 profanorum
1290 3948 1746 4005 simulacrorum
1767 3951 1905 4005 fana
1933 3957 2164 4021 apertu-

511 4053 669 4092 rum.
700 4038 904 4108 Itaque
934 4037 1176 4092 territus
1211 4037 1548 4109 patriarcha
1577 4038 1889 4105 concessit,
1922 4040 1998 4094 ad
2019 4039 2164 4095 mul-

510 4131 601 4181 tos
630 4126 835 4182 dicens
861 4127 1281 4199 imperatorem
1311 4142 1686 4198 nequaquam
1716 4127 1943 4199 placide
1977 4129 2159 4182 morio

510 4221 731 4273 turum.
767 4218 878 4271 Per
906 4216 1288 4287 quatriduum
1319 4217 1558 4289 nuptias
1584 4219 1703 4288 egit
1742 4218 2066 4287 imperator
2093 4218 2155 4273 in

514 4306 703 4362 sancti
734 4305 1045 4361 Mamantis
1083 4303 1318 4377 palatio.
1361 4306 1650 4361 Caaterum
1683 4305 1862 4373 hujus
1893 4307 2155 4379 conjugii

509 4407 688 4447 causa
736 4392 1156 4446 communione
1185 4392 1532 4462 patriarchae
1565 4407 1694 4447 sese
1741 4391 2158 4449 abstinuerunt

499 4477 767 4534 Studiani
821 4478 1048 4550 collegii
1108 4479 1388 4551 princeps
1436 4486 1611 4552 atque
1644 4479 1763 4544 alii,
1797 4497 1945 4551 quos
1977 4481 2155 4553 impe-

498 4571 664 4622 rator
692 4567 847 4624 varie
879 4567 1126 4631 vexavit,
1162 4566 1508 4623 defensante
1541 4585 1645 4624 eos
1673 4570 1867 4624 Irena.

2287 1896 2613 1963 συναντήσας
2650 1891 2916 1969 Καρδάμῃ
2976 1897 3056 1965 τῷ
3101 1893 3277 1967 κυρίῳ
3337 1891 3672 1968 Βουλγάρων,
3698 1890 3866 1960 πλῆθος

2284 1981 2422 2039 λαοῦ
2461 1983 2552 2038 καὶ
2604 1983 2888 2058 ἀρχόντων
2945 1978 3242 2038 ἀποϐαλὼν
3313 1982 3531 2050 καὶτήν
3579 1983 3864 2056 κόρτηνᾶί)

2282 2071 2373 2126 καὶ
2416 2076 2588 2126 πᾶσαν
2641 2074 2741 2139 τήν
2801 2073 3101 2146 ὑπουργίαν
3146 2070 3239 2145 καὶ
3295 2072 3425 2135 τοὺς
3476 2072 3688 2139 ἳππους,
3740 2068 3865 2143 μόλις

2284 2159 2446 2222 αὐτὸς
2504 2159 2780 2239 διαφυγὼν
2847 2160 3095 2230 είσῆλθεν
3149 2158 3205 2215 ἐν
3253 2165 3324 2234 τῇ
3374 2160 3550 2217 πόλει.
3583 2164 3663 2231 Τῷ
3690 2157 3864 2228 δἀὑτῷ

2298 2249 2429 2322 μηνῖ
2486 2248 2547 2304 ἐκ
2600 2252 2961 2323 συκοφαντίας
3004 2254 3169 2305 τινῶν
3228 2247 3461 2321 ἐξελθὼν
3494 2251 3521 2305 ὁ
3552 2246 3775 2319 βασιλεὺς
3821 2246 3857 2300 ἑν

2285 2341 2365 2409 τῷ
2393 2339 2569 2413 Ἀγίφ
2604 2338 2850 2410 Μάμαντι
2896 2337 3162 2417 ἓκτυφλοῖ
3219 2340 3536 2416 Νικηφόρον
3581 2337 3664 2392 καὶ
3690 2337 3865 2409 Χριστο·

2285 2426 2448 2504 φόρον
2508 2428 2636 2490 τοὺς
2691 2427 2868 2492 θείους
2916 2428 3103 2493 αὐτοῦ,
3160 2427 3312 2489 υἱοὺς
3369 2428 3748 2484 Κωνσταντὶνου
3791 2427 3861 2477 τοῦ

2282 2519 2509 2571 πάππου
2539 2516 2727 2575 αὑτοῦ.
2770 2516 3148 2592 Χριστοφόρον
3206 2513 3263 2572 δὲ
3320 2516 3493 2573 ἄλλον
3541 2515 3626 2572 καί
3653 2516 3859 2583 Νικήταν,

2283 2608 2543 2678 1Ἀνθιμον
2597 2610 2688 2665 καὶ
2737 2606 3046 2681 Εὐδόκιμον
3097 2608 3578 2686 ἐγλωσσοκόπησε,
3632 2606 3713 2663 καὶ
3749 2604 3862 2662 Ἀλέ-

2283 2698 2393 2769 ξιον
2426 2699 2518 2753 τὸν
2555 2696 2795 2769 Μωσηλὶ
2824 2696 3155 2775 ἐτύφλωσεν.
3216 2697 3377 2755 Ἀλλ’
3430 2699 3528 2754 οὐκ
3579 2696 3648 2753 ε’(
3700 2693 3860 2769 μακρὰν

2284 2789 2319 2856 ἡ
2359 2791 2455 2842 τοῦ
2507 2791 2640 2843 Θεοῦ
2698 2783 2823 2855 δίκη
2888 2784 3273 2857 ἀνεκδικήτους
3335 2786 3530 2849 αὐτοὺς
3583 2783 3725 2841 ε’ίασε·
3762 2780 3862 2855 μετᾶ

2279 2878 2380 2953 γὰρ
2413 2879 2450 2932 ε’
2479 2873 2572 2948 ἔτη
2589 2883 2670 2951 τῷ
2698 2877 2846 2949 αὐτῷ
2871 2879 3002 2951 μηνὶ
3034 2879 3124 2932 καὶ
3151 2881 3220 2950 τῇ
3251 2876 3393 2951 αὐτῇ
3424 2879 3600 2952 ἡμέρᾳ
3624 2872 3861 2954 τυφλοῦται

2282 2967 2311 3022 6
2340 2965 2501 3029 αὐτὸς
2541 2971 2960 3028 Κωνσταντῖνος.
3014 2966 3305 3039 ἰ’ποτάξας
3369 2964 3436 3037 δῆ
3498 2966 3583 3021 καὶ
3624 2965 3732 3025 τοὺς
3759 2963 3858 3034 Ἀρ·

2283 3055 2568 3130 μενιακοὺς
2619 3057 2872 3129 πολέμῳ,
2920 3057 3045 3119 τοὺς
3099 3057 3377 3135 ἄρχοντας
3431 3056 3602 3112 αὐτῶν
3636 3050 3859 3109 ἐποινὰλι-

2278 3168 2386 3216 σεν,
2419 3145 2723 3223 ἐπιγράψας
2749 3145 2824 3207 εἷς
2892 3145 2955 3201 τὸ
3010 3146 3305 3220 πρόσωπον
3370 3146 3545 3202 αὐτῶν
3587 3146 3857 3219 μὲλανικεν·

2208 3205 2448 3309 ϐτητνῷ·
2494 3205 2909 3309 κ.;Αρμενιααὸς
2950 3205 3266 3297 ἐπιέουλος·
3298 3258 3330 3286 ››
3393 3236 3484 3297 οὓς
3530 3205 3615 3289 καὶι
3665 3232 3856 3305 ἐξώρισεν

2277 3318 2330 3378 ἔν
2359 3345 2416 3379 τε
2456 3322 2680 3395 Σιγελίᾳ
2710 3323 2800 3378 καὶ
2855 3329 2977 3385 ταῖς
3036 3322 3257 3386 λοιπαῖς
3310 3327 3526 3395 νήσοις.
3588 3324 3798 3391 Μισήσας
3822 3314 3861 3371 δἒ

2276 3415 2304 3468 6
2363 3412 2621 3488 βασιλεὺς
2679 3414 2777 3482 τὴν
2826 3414 3016 3469 ἑαυτοῦ
3070 3418 3297 3488 γυναῖκα
3372 3416 3603 3488 Μαρῖναν
3660 3403 3856 3476 ὑποϐολῇ

2271 3509 2371 3571 τῆς
2424 3504 2617 3558 ἑαυτοῦ
2676 3503 2909 3577 μητρὸς,
2969 3502 3256 3575 ἐφιεμὲνης
3305 3511 3413 3573 τῆς
3464 3504 3633 3576 ἀρχῆς
3684 3498 3793 3570 πρὸς
3814 3495 3859 3548 τὸ

2276 3592 2572 3662 μισηθῆναι
2603 3590 2763 3646 αὐτόν
2821 3586 2974 3670 (ἔσχε
3017 3591 3122 3667 γὰρ
3156 3592 3184 3645 ὁ
3220 3591 3482 3667 βασιλεὺς
3513 3590 3732 3663 πονηρὰς
3757 3586 3858 3640 ὖπυο

2273 3679 2470 3753 λήψεις
2548 3682 2685 3735 κατὰ
2727 3687 2829 3747 τῆς
2893 3680 3159 3753 Μαρίνης)
3217 3680 3390 3736 πείθει
3449 3682 3613 3748 αὐτὴν
3661 3672 3853 3751 γενέσθαι

2273 3771 2545 3843 μοναχὴν.
2597 3772 2830 3844 Ἕστεψε
2884 3767 2942 3824 δὲ
2997 3766 3267 3839 Θεοδότην
3323 3767 3755 3842 κουϐικουλαρίαν
3781 3769 3852 3829 τῆς

2272 3857 2480 3930 μητρὸς
2536 3855 2726 3926 αὐτοῦ,
2780 3854 2816 3930 ᾖ
2862 3855 2951 3911 καὶ
3009 3854 3352 3930 ἐμνηστεύθη
3414 3858 3738 3932 παρανόμως,
3763 3849 3852 3907 Ἑπῖ

2264 3943 2481 4008 τούτοις
2558 3948 2656 4000 τοῦ
2738 3946 3085 4023 πατριάρχου
3159 3950 3431 4021 Ταρασίου
3500 3947 3853 4004 ἀντιπίπτοντος

2268 4030 2435 4102 δηλοῖ
2464 4035 2612 4108 αὐτῷ
2671 4041 3091 4098 Κωνσταντῖνος·
3149 4061 3179 4091 ι(
3211 4037 3276 4094 Εἰ
3348 4040 3426 4111 μὴ
3459 4043 3615 4094 τοῦτο
3659 4035 3851 4112 γένηται,

2261 4122 2389 4186 τοὺς
2419 4123 2579 4184 ναοὺς
2604 4128 2710 4178 τῶν
2743 4122 2991 4180 εἰδώλων
3021 4125 3248 4201 ἀνοίγω.
3285 4150 3306 4177 ι
3379 4130 3540 4192 ειΟθεν
3570 4128 3597 4181 ὁ
3642 4118 3853 4194 πατριάρ-

2268 4232 2380 4287 χης
2433 4208 2692 4290 φοϐηθεῗς
2741 4211 2911 4269 ε”ασεν
2965 4215 3124 4270 αὐτὸν
3161 4259 3175 4282 ,
3235 4215 3407 4271 εῗπὼν
3469 4218 3601 4291 πρὸς
3653 4207 3849 4268 πολλοὺς

2262 4303 2345 4357 ὅτι
2375 4304 2440 4358 οὐ
2472 4301 2761 4363 καταλύσει
2810 4306 2903 4359 τὸν
2959 4304 3077 4378 βίον
3116 4303 3431 4380 ε’ρηνικῶς.
3487 4308 3570 4382 [Ρ.
3625 4305 3736 4374 473]
3780 4294 3849 4351 Καὶ

2262 4390 2489 4463 ἐποίησε
2517 4393 2609 4447 τὸν
2663 4392 2841 4466 γάμον
2894 4391 3060 4448 αὐτοῦ
3116 4395 3144 4449 6
3213 4392 3475 4469 βασιλεὺς
3522 4394 3572 4450 ἐν
3609 4396 3684 4464 τῷ
3713 4383 3848 4469 παλα-

2255 4500 2357 4552 τιῳ
2385 4483 2481 4534 τοῦ
2522 4479 2709 4556 ’Λγίου
2768 4479 3066 4552 Μάμαντος
3123 4468 3333 4554 ἡμερας
3367 4480 3435 4538 δ’,
3490 4482 3783 4553 Ἀπὲσχισαν
3808 4468 3847 4522 δὲ

2256 4573 2355 4623 τοῦ
2436 4570 2784 4643 πατριάρχου
2865 4576 2966 4638 τῆς
3049 4569 3334 4633 κοινωνίας
3388 4571 3417 4626 6
3472 4574 3569 4626 τοῦ
3634 4560 3846 4623 Στουδίου

494 4653 799 4728 ἡγούμενος
839 4652 931 4708 καὶ
962 4651 1148 4709 λοιποὶ
1181 4650 1270 4708 διὰ
1298 4654 1389 4709 τὸν
1421 4656 1734 4729 παράνομον
1767 4656 1945 4731 γάμον
1972 4660 2069 4713 τοῦ
2101 4654 2395 4733 βασιλέως.
2427 4658 2519 4721 Εἷς
2567 4656 2658 4721 οὕς
2695 4658 2785 4713 καὶ
2834 4656 3050 4723 πολλὰς
3107 4659 3322 4735 θλίψεις
3380 4659 3650 4736 ἐργάζετο
3676 4658 3701 4711 ὁ
3729 4654 3845 4729 βασι·

498 4739 649 4804 λεὺς·
682 4744 717 4812 ἦ
745 4738 803 4797 δὲ
837 4743 1022 4815 μήτηρ
1052 4739 1216 4796 αὑτοῦ
1248 4742 1644 4817 ὑπερησπίζετο
1677 4742 1874 4801 αὐτῶν.

560 4838 735 4891 Anno
757 4835 788 4890 6
810 4834 1122 4891 Cardames
1143 4833 1530 4908 Bulgarorum
1556 4833 1837 4906 princeps
1857 4836 2139 4892 Constan-

491 4923 612 4982 tino
635 4922 720 4980 ita
748 4923 987 4995 scripsit
1012 4940 1025 4978 :
1052 4946 1080 4975 ‹‹
1104 4926 1221 4980 Aut
1235 4921 1502 4996 persolve
1534 4922 1683 4978 mihi
1716 4923 1875 4995 quod
1897 4929 2136 4996 pactum

485 5017 595 5084 est,
629 5016 731 5070 aut
763 5026 953 5086 usque
995 5012 1071 5069 ad
1125 5017 1377 5069 Auream
1410 5016 1644 5083 portam
1672 5012 1926 5069 veniam.
1961 5035 1991 5064 »
2022 5015 2165 5070 Re-~

2317 4838 2412 4909 Τῷ
2445 4843 2488 4901 ς’
2518 4833 2622 4892 ἔτει
2654 4834 2951 4911 Καρδάμης
3009 4838 3039 4893 6
3092 4837 3282 4912 κύριος
3343 4838 3664 4915 Βουλγάρων
3690 4829 3847 4907 ἔγραψε

2243 4928 2323 4997 τῷ
2356 4924 2592 5001 βασιλεῖ⁸
2634 4950 2662 4978 ‹‹
2693 4928 2767 4982 ’Ἠ
2801 4923 3024 4983 τέλεσόν
3081 4948 3177 5000 μοι
3234 4928 3434 4997 πάκτα,
3460 4926 3496 4998 ἢ
3526 4924 3747 5002 ἔρχομαι
3767 4915 3845 4973 ἓως

2242 5019 2345 5083 τῆς
2400 5015 2621 5089 Χρυσῆς
2675 5013 2904 5090 πόρνης
2939 5038 2968 5067 η
3042 5016 3104 5073 Ὀ
3153 5013 3210 5072 δὶ
3260 5015 3521 5092 βασιλεὺς
3573 5004 3843 5069 ἀπέστειλεν

1683 5160 2050 5219 XYLANDRI
2088 5164 2176 5220 ΕΤ
2217 5163 2434 5222 GOARI
2472 5164 2695 5223 ΝΟΤᾸΞ.

550 5292 666 5363 (20)
692 5288 767 5349 Ut
795 5290 1015 5348 multos
1048 5305 1239 5347 annos
1280 5290 1341 5363 ei
1374 5293 1854 5363 apprecarentur
1897 5295 2025 5363 tum
2070 5292 2132 5348 in

480 5361 868 5435 popularibus
901 5370 1024 5419 tum
1079 5364 1140 5418 in
1173 5361 1590 5435 ecclesiasticis
1624 5362 2029 5435 conventibus.
2063 5380 2131 5419 ac

478 5450 700 5506 nomen
735 5451 865 5498 ems
894 5436 1115 5506 ubique
1153 5451 1289 5490 cum
1324 5434 1428 5489 lilii
1470 5434 1847 5504 imperatoris
1888 5436 2130 5491 nomine

476 5504 905 5560 celebraretur.
956 5504 1132 5569 Cosa,

545 5576 655 5645 (21(
697 5573 913 5646 Κόρτην
949 5577 1260 5631 cohortem
1291 5590 1421 5630 esse
1454 5589 1526 5629 ex
1565 5574 1704 5646 aliis
1747 5573 1896 5631 locis
1926 5576 2128 5642 didici,

467 5650 538 5703 ut
565 5647 627 5704 in
652 5645 980 5720 Nicephoro
999 5647 1072 5702 de
1095 5646 1407 5702 Bardanio.
1432 5645 1616 5701 Credo
1638 5662 1775 5718 ergo
1788 5650 2128 5717 pratoriam

2240 5292 2337 5348 hic
2367 5298 2468 5348 aut
2496 5292 2674 5349 aliam
2710 5292 2966 5350 nobilem
3001 5295 3217 5350 notari.
3252 5294 3389 5350 Χη.
3422 5323 3491 5337 -
3519 5292 3625 5360 Τὴν
3659 5280 3843 5410 auditi."-

2240 5366 2424 5410 I‘Imat,
2463 5365 2559 5410 nhi
2603 5367 2950 5410 fremmnlpr
2979 5367 3195 5410 alludit.
3245 5367 3560 5410 internum-
3592 5370 3699 5410 etx
3738 5367 3840 5410 ῡτῑν

2240 5366 2427 5423 limat.
2463 5365 2560 5418 ubi
2601 5367 2950 5436 frequenter
2979 5367 3217 5440 alludit,
3243 5367 3560 5437 interpres.
3592 5370 3655 5440 et
3671 5365 3840 5440 κορτηξ

2240 5442 2588 5511 putat__esse
2648 5429 2939 5492 cohortem.
2978 5439 3252 5511 porrigit.
3308 5429 3566 5511 errorem
3610 5429 3841 5511 90439“?

2239 5496 2311 5562 de
2342 5507 2812 5577 Ollic.Cur.CP.
2875 5510 3145 5564 scribens
3168 5496 3279 5570 υεἰς
3309 5509 3405 5573 τήν
3456 5510 3550 5561 τοῦ
3607 5496 3838 5577 βασιλέως

2239 5578 2474 5653 σκηναὶ]νὶ
2516 5576 2639 5653 ἤτιᾼς
2690 5578 2857 5653 κόρτη
2892 5577 3242 5653 ὀνομάζεται.
3286 5575 3617 5653 Τεγξιονίιιηΐ
3647 5575 3835 5640 itaque.

2238 5665 2361 5707 non
2389 5649 2579 5707 cohors
2603 5649 3103 5724 impe‘ratoris‘est
3129 5651 3320 5729 κόρτη.
3352 5651 3526 5709 Con.
