4108 6300
265 402 399 465 913

1435 404 1802 468 HISTORIA
1819 401 1982 465 RUM
2031 402 2576 469 COMPENDIUM.

3579 409 3698 469 916

268 557 365 590 σιν
421 536 669 605 ποιήσω,
728 534 774 590 εί
827 538 955 599 τοὺς
1019 536 1330 610 θησαυρούς
1382 557 1478 592 σου
1532 537 1896 612 καταμηνύσει

2004 585 2015 605 ,
2047 539 2423 608 promittens,
2457 540 2505 594 si
2537 539 2607 594 de
2639 538 2934 596 thesauris
2972 539 3096 595 suis
3151 538 3467 596 certiorem
3499 540 3694 612 ipsum

273 646 396 698 μοι.
433 650 460 676 ι)
499 626 562 681 Ἡ
599 623 655 679 δὲ
696 630 896 699 συνετῷ
953 631 1032 699 τῷ
1081 629 1389 704 φρονήματι
1453 628 1589 702 πρὸς
1643 630 1734 682 τὸν
1797 627 1931 705 χθὲς

272 720 375 790 μὲν
407 715 604 772 δοῦλον
636 716 909 792 ἐπίορκον,
946 720 1185 793 σήμερον
1209 716 1266 773 δέ
1285 720 1548 795 τύραννον
1581 717 1705 796 ἔφη·
1733 743 1759 770 ‹‹
1787 719 1930 791 Ἐγὼ

272 809 398 879 μὲν,
439 804 483 860 ὦ
517 807 786 880 ἄνθρωπε,
822 808 950 862 Θεὸν
979 810 1225 880 ἡγοῦμαι
1284 809 1375 863 τὸν
1439 809 1724 881 ὑψώσαντα
1758 828 1823 880 με
1854 807 1930 869 εἰς

262 895 473 966 ταύτην
501 899 600 962 τήν
632 894 932 971 βασελείαν,
977 903 1096 957 ταῖς
1151 895 1196 951 δ’
1255 896 1416 971 ἐμαῖς
1481 898 1773 972 ἁμαρτίαις
1828 898 1927 963 την

263 987 577 1060 καθαίρεσ;ν
664 985 904 1056 ἐμαυτῆς
988 986 1307 1063 προσάπτω³
1388 987 1439 1041 ἐν
1499 991 1629 1041 πᾶσι
1697 984 1753 1040 δὲ
1803 986 1927 1040 τού-

259 1097 385 1136 τοις
418 1074 500 1144 εἴη
561 1074 624 1130 τὸ
683 1072 863 1149 ὄνομα
919 1076 1116 1148 Κυρίου
1156 1075 1550 1151 εύλογημένον.
1587 1077 1666 1131 Ού
1694 1077 1804 1148 μὴν
1869 1072 1927 1129 δὲ

257 1163 484 1240 ἀγνοεῖς
510 1163 608 1228 τὰς
635 1166 773 1218 κατά
830 1169 926 1219 σοῦ
987 1166 1318 1239 μηνυθείσας
1376 1161 1698 1232 ἐπιϐουλὰς,
1744 1167 1828 1225 αἷς
1880 1162 1926 1219 εἰ

257 1254 648 1326 συνυπήχθην,
685 1251 984 1315 ἀκωλύτως
1016 1253 1170 1328 εἶχον
1224 1257 1323 1308 τοῦ
1376 1253 1583 1308 ἀνελεῖν
1643 1273 1718 1309 σε.
1754 1251 1929 1309 Ἀλλά

252 1343 324 1396 τὸ
361 1343 453 1414 μὲν
486 1347 601 1403 τοὶς
637 1346 754 1404 σοῖς
805 1341 993 1416 ὅρκοις
1040 1343 1372 1415 πειθομένη,
1430 1343 1492 1399 τὸ
1544 1339 1600 1398 δὲ
1631 1339 1922 1420 φειδομένῃ

256 1451 362 1485 σου
393 1433 562 1485 πάντα
609 1429 1089 1506 παρελογισάμην,
1137 1433 1216 1504 τῷ
1273 1436 1392 1504 Θεῷ
1448 1428 1788 1487 ἀποδιδοῦσά
1843 1452 1923 1497 σε,

255 1517 334 1574 δι’
391 1518 452 1574 οὗ
507 1519 753 1595 βασιλεῖς
804 1520 1158 1594 βασιλεύουσι
1215 1522 1305 1576 καὶ
1363 1517 1618 1576 δυνάσται
1669 1521 1922 1590 κατεξου.

252 1609 526 1678 σισὶζουσι,
561 1609 663 1666 Καὶ
694 1609 762 1663 τά
791 1613 886 1663 νῦν
918 1609 994 1672 ὡς
1027 1604 1220 1679 εὐσεϐῆ
1281 1631 1338 1665 σε
1366 1609 1456 1664 καὶ
1502 1610 1562 1664 ἐκ
1601 1609 1734 1665 Θεοῦ
1774 1630 1921 1684 προ-

253 1695 533 1768 ϐληθέντα
605 1696 838 1773 βασιλέα
891 1705 1207 1772 προσκυνῶ,
1265 1698 1356 1754 καὶ
1414 1699 1672 1771 αἰτοῦμαι
1733 1699 1917 1775 «peto:-

249 1788 379 1852 σοαί
423 1811 526 1861 μου
557 1795 657 1857 τῆς
712 1788 992 1852 ἀσθενείας
1052 1789 1144 1843 καὶ
1201 1789 1563 1866 συγχωρῆσαί
1598 1810 1663 1862 με
1694 1788 1771 1852 εἷς
1826 1789 1920 1849 τὸν

2041 627 2335 696 redderet,
2361 629 2434 682 de
2466 646 2697 685 summa
2725 647 2787 685 se
2846 630 2899 685 ei
2951 631 3150 701 quiete
3208 636 3681 702 prospecturum.

2035 717 2140 771 Illa
2168 723 2362 772 autem
2399 718 2684 788 prudente
2718 719 2918 774 animo
2950 736 3084 774 eum
3119 720 3216 791 qui
3251 721 3377 774 heri
3411 721 3688 793 perjurus

2037 823 2236 862 servus
2267 807 2477 873 fuerat,
2513 808 2686 864 hodie
2728 810 3098 880 tyrannidem
3131 811 3483 882 gerebat,sic
3512 814 3690 868 allata

2035 904 2161 952 est:
2199 923 2224 946 υ
2246 900 2502 968 Heustu,
2530 900 2712 954 Deum
2745 917 2848 972 ego
2873 917 3127 972 agnosco
3158 902 3343 957 fuisse
3377 903 3477 974 qui
3499 920 3594 958 me
3611 902 3686 958 ad

2033 986 2351 1057 imperium
2409 989 2519 1043 hoc
2583 990 2860 1056 evexerit,
2893 1007 2987 1044 me
3054 1006 3188 1045 vero
3245 991 3394 1046 meis
3451 992 3683 1048 delictis

2034 1076 2344 1140 meruisse,
2378 1083 2441 1130 ut
2473 1093 2539 1132 eo
2573 1077 2927 1134 exciderem.
2983 1079 3050 1133 In
3105 1079 3197 1132 his
3247 1079 3524 1134 omnibus
3557 1081 3688 1136 laus

2033 1165 2107 1218 sit
2139 1164 2334 1219 divino
2368 1167 2617 1222 nomini.
2648 1167 2850 1237 Neque
2873 1183 3008 1222 vero
3043 1172 3104 1222 tu
3134 1167 3331 1222 nescis
3389 1168 3585 1224 delata
3613 1171 3687 1225 ad

2033 1270 2125 1308 me
2156 1254 2336 1310 fuisse
2361 1255 2432 1310 de
2465 1255 2582 1312 tuis
2613 1257 2848 1312 insidiis
2875 1255 3118 1321 indicia,
3151 1256 3368 1327 quibus
3418 1259 3464 1312 si
3498 1259 3687 1313 credi-

2031 1344 2271 1414 dissem,
2305 1347 2546 1401 nemine
2578 1353 2812 1404 vetante
2871 1347 3206 1402 interﬁcere
3257 1353 3315 1401 te
3366 1353 3631 1418 poteram
3669 1365 3684 1404 :

2029 1434 2131 1490 sed
2163 1435 2375 1506 partim
2401 1437 2761 1508 juramentis
2792 1437 2908 1492 tuis
2942 1437 3118 1492 (idem
3150 1436 3684 1509 adhibens.partim

2031 1523 2136 1577 tibi
2171 1541 2441 1595 parcens,
2503 1527 2615 1581 ista
2661 1527 2863 1581 omnia
2919 1525 3168 1598 neglexi.
3214 1526 3332 1582 Deo
3391 1533 3449 1582 te
3497 1527 3684 1582 relin-

2027 1630 2235 1684 quens,
2271 1632 2386 1685 quo
2446 1623 2685 1670 auctore
2742 1633 2909 1687 reges
2961 1621 3210 1688 regnant
3264 1622 3322 1671 et
3377 1616 3678 1687 principes

2026 1702 2414 1758 dominantur
2465 1705 2630 1759 Nunc
2663 1704 2841 1760 etiam
2865 1705 2967 1759 tibi
2990 1711 3056 1760 ut
3083 1705 3180 1776 pio
3210 1709 3269 1760 et
3297 1721 3330 1760 a
3352 1704 3677 1761 Deoadim—

2024 1793 2257 1862 perium
2291 1795 2854 1866 evectoimperatori
2888 1794 3180 1866 supplico,
3214 1799 3422 1865 petens
3451 1800 3674 1850 utmeaa

250 1879 346 1933 ὑπ’
377 1879 512 1951 ἐμοῦ
541 1877 820 1934 κτισθέντα
854 1884 965 1934 τῶν
993 1878 1341 1952 ⁹ιςλευθερίου
1397 1879 1578 1950 οἶκον,
1635 1879 1714 1945 εἷς
1765 1883 1896 1953 ψυχ·

2025 1882 2447 1938 imbecillitatis
2467 1885 2760 1939 rationem
2793 1883 3292 1956 habens,patiaris
3323 1901 3418 1939 me
3440 1883 3679 1940 inhabi-

246 1971 499 2045 αγωγίαν
553 1976 654 2040 τῆς
722 1970 1046 2045 ἀσυγκρίτου
1106 1993 1209 2044 μου
1263 1975 1568 2045 συμφορᾶς.
1622 1994 1651 2022 ››
1708 1970 1764 2024 '0
1855 1967 1912 2025 δὲ

246 2058 378 2137 ἔφη*
415 2084 445 2111 ι(
479 2060 576 2115 Καὶ
607 2061 652 2114 εἰ
682 2063 843 2115 τοῦτο
888 2059 1066 2122 θέλεις
1126 2081 1213 2114 σοι
1268 2059 1510 2137 γενέσθαι
1571 2059 1775 2134 ὅμοσύν
1812 2081 1905 2132 μοι

249 2151 332 2222 μή
366 2149 678 2223 ἀποκρύψαι
736 2171 787 2204 τι
851 2155 959 2206 τῶν
1019 2153 1327 2226 θησαυρῶν,
1357 2151 1446 2205 καὶ
1485 2151 1658 2204 πᾶσαν
1690 2170 1786 2204 σου
1818 2151 1908 2204 θε-

248 2239 470 2314 ραπείαν
525 2243 688 2295 ποιῶ.
750 2263 778 2291 ››
834 2241 894 2297 'H
954 2237 1011 2294 δὲ
1070 2239 1281 2311 ὤμοσεν
1352 2238 1528 2311 αὐτῷ,
1589 2236 1908 2308 ὑποδείξασα

241 2330 339 2384 καὶ
369 2329 606 2384 πλοῦτον
636 2327 830 2386 πολύν.
863 2330 926 2385 Ὀ
961 2326 1018 2383 δὲ
1046 2333 1145 2384 τοῦ
1176 2326 1518 2400 ποθουμένου
1548 2328 1736 2405 τυχὼν
1764 2348 1902 2400 παρα

242 2417 373 2482 ευθὺ
407 2418 656 2492 ἐξώρισεν
699 2419 872 2486 αὐτὴν
921 2418 974 2473 ἐν
1033 2421 1102 2490 τῇ
1163 2419 1468 2492 Πριγκήπῳ
1523 2423 1651 2490 (28),
1711 2416 1788 2479 εἷς
1874 2418 1903 2472 ’ὁ

242 2507 382 2576 αὐτ-ἦ
415 2504 744 2580 ᾠκοδόμησε
778 2508 1170 2580 μοναστήριον.
1238 2503 1390 2562 Ἰδὼν
1440 2505 1498 2561 δὲ
1539 2506 1742 2569 πάντας
1773 2507 1900 2569 τοὺς

243 2599 300 2651 ἐν
333 2595 480 2652 τέλει
504 2595 884 2669 λυπουμένους
914 2596 995 2651 ἐπ’
1025 2597 1160 2669 αὐτῇ
1193 2594 1281 2651 διὰ
1311 2599 1409 2665 την
1441 2594 1746 2667 ἀπληστίαν
1799 2596 1898 2650 αύο

243 2703 371 2761 τοῦ,
403 2693 657 2776 φοϐηθεῖς
695 2699 769 2770 μή
807 2718 939 2752 ποτε
973 2699 1024 2753 οἱ
1053 2697 1175 2752 λαοὶ
1213 2696 1558 2771 μεμνημένοι
1593 2702 1697 2752 τῶν
1747 2695 1895 2773 εὔερ-

241 2792 439 2863 γεσιῶν
487 2786 651 2856 αὐτῆς
725 2786 974 2860 μέλλωσι
1033 2788 1198 2843 πάλιν
1277 2788 1440 2856 αύτήν
1528 2787 1892 2862 ἀναγορεύειν,

241 2882 521 2956 χειμῶνος
552 2875 904 2949 ἐπικειμένου
968 2879 1269 2953 βαρυτάτου
1328 2877 1428 2932 οὐκ
1483 2875 1737 2949 ᾢκτειρεν
1795 2876 1896 2930 αύ-

230 2969 353 3035 τήν,
382 2966 512 3023 ἀλλ’
543 2968 798 3041 ἐξώρισεν
854 2968 930 3030 εἰς
992 2966 1340 3039 Μιτυλήνην,
1401 2973 1754 3044 φρουρεῖσθαι
1801 2965 1893 3021 αύ-

229 3057 333 3124 τῆν
367 3057 685 3131 προστάξας.
741 3055 826 3131 Τῇ
882 3054 939 3111 δὲ
987 3058 1032 3122 θ’
1084 3061 1182 3112 τοῦ
1231 3056 1552 3133 Αὐγούστου
1606 3055 1779 3129 μηνὸς
1833 3053 1893 3110 ἐκ

226 3145 412 3217 λύπης
451 3147 542 3201 καὶ
574 3145 802 3218 ἀθυμίας
835 3146 1179 3216 ἐτελεύτησεν
1237 3145 1289 3199 ἐν
1348 3148 1418 3218 τῇ
1478 3145 1615 3219 αὐτῇ
1672 3140 1890 3217 Λέσϐῳ.

224 3235 562 3309 Μετεκόμισε
595 3232 654 3290 δὲ
681 3235 744 3290 τὸ
777 3240 936 3305 σῶμα
967 3236 1138 3305 αὐτῆς
1171 3235 1198 3289 ὀ
1235 3233 1489 3310 βασιλεὺς
1532 3233 1587 3289 ἐν
1641 3238 1708 3307 τῇ
1746 3241 1881 3308 μονῆ

227 3333 332 3394 τῆς
364 3327 708 3402 Ηριγκήπου,
739 3325 807 3394 ἢν
840 3324 974 3393 αύτή
1018 3321 1368 3398 ᾠκοδόμησε.
1404 3321 1625 3400 Σφόδρα
1655 3323 1759 3398 γὰρ
1797 3323 1880 3378 εύ-

232 3409 398 3482 σεϐἡς
429 3414 519 3469 καὶ
552 3413 840 3492 φιλάρετος
871 3412 1005 3468 οὖσα
1035 3410 1221 3468 πολλά
1277 3411 1594 3491 ξενοδοχεῖα
1632 3413 1722 3467 καὶ
1779 3435 1887 3489 γη-

234 3510 516 3582 ρωκομεῖα
571 3503 661 3559 καὶ
724 3506 1057 3578 μοναστήρια
1103 3503 1478 3566 κατεσκεύασε,
1561 3501 1650 3557 καὶ
1700 3503 1881 3581 φόρων

232 3595 572 3666 κο·σ‹ρισμοῦς
613 3595 704 3648 καὶ
760 3592 905 3648 ἄλλα
963 3591 1190 3647 πλεῖστα
1245 3593 1663 3665 κατιυρθώσατο.
1727 3597 1886 3646 Κων-

229 3687 513 3737 σταντῖνον
547 3677 606 3736 δέ
637 3683 727 3735 τὸν
762 3682 876 3735 υἱὸν
906 3681 1099 3749 αὐτῆς,
1133 3678 1468 3758 φιλαργυρίᾳ
1502 3678 1720 3751 μᾶλλον
1753 3677 1881 3751 ἀγό-

233 3791 389 3842 μενος
419 3767 454 3839 ἤ
489 3769 677 3842 οῗκτῳ,
745 3764 1119 3844 προσελάϐετο
1152 3769 1422 3822 συνέστιον
1469 3767 1637 3839 αύτῷ,
1699 3766 1884 3839 οἰόμε-

224 3881 313 3922 νος
354 3860 591 3914 πλοῦτον
624 3859 1060 3934 ἐγκεκρυμμένον
1115 3860 1420 3936 φανερώσαι
1479 3857 1650 3929 αύτῷ.
1707 3857 1766 3910 Ὀ
1825 3854 1882 3910 δὲ

223 3948 735 4029 φιλουρονούμενος
765 3950 856 4004 ὕπ’
887 3949 1053 4002 αύτοῦ
1085 3948 1383 4024 κουφότητι
1418 3951 1644 4022 γνώμης
1672 3943 1882 4002 ὑπέδει-

223 4044 308 4112 ξεν
333 4038 478 4110 αύτῷ
502 4037 594 4094 τὸν
627 4036 680 4092 ἐν
712 4043 792 4110 τῷ
824 4037 1168 4110 ἡμικυκλίῳ,
1215 4037 1244 4091 ὅ
1299 4041 1387 4091 νῦν
1431 4034 1641 4112 λέγεται
1677 4035 1876 4110 Σίγμα,

223 4129 492 4203 θησαυρὸν
551 4127 932 4182 ἀνακτισθέντα
991 4125 1059 4181 δι’
1135 4126 1683 4200 ὀρθομαρμαρώσεως
1740 4129 1874 4196 (29).

222 4218 330 4274 Καὶ
358 4221 549 4273 τοῦτον
580 4215 920 4293 ἀφελόμενος
951 4215 1038 4270 καὶ
1097 4216 1259 4270 αὐτὸν
1319 4215 1527 4288 ὁμοίως
1571 4221 1640 4281 τῆ
1705 4211 1876 4286 μητρὶ

223 4307 390 4362 αύτοῦ
421 4303 661 4380 παρεῖδε.
696 4307 779 4380 [Ρ.
811 4306 938 4377 476]
997 4307 1240 4374 Νικίξταν
1296 4324 1354 4357 τε
1406 4302 1497 4357 τὸν
1531 4299 1872 4381 Τριφίλλιον

222 4397 389 4467 ἀξίως
419 4399 512 4463 τῆς
543 4398 734 4450 ἑαυτοῦ
794 4395 1020 4468 γνώμης
1080 4387 1465 4464 ἀμειϐόμενος,
1526 4391 1599 4452 ὡς
1630 4411 1874 4465 συναγω-

221 4485 467 4541 νισθέντα
497 4485 644 4556 αύτῷ
674 4484 750 4548 εἷς
779 4484 841 4538 τὸ
870 4487 1164 4558 κατασχεῖν
1214 4483 1315 4552 τὴν
1381 4478 1683 4556 βασιλείαν,
1737 4502 1871 4556 φαρ-

224 4575 386 4651 μάκῳ
420 4573 652 4645 ἀνεῖλεν,
686 4571 743 4629 εὖ
772 4594 836 4650 γε
862 4579 962 4641 τῆς
994 4571 1146 4642 ἀξίας
1175 4568 1584 4632 ἀνταποδιδούς,

2025 1977 2148 2026 tare
2181 1972 2423 2028 domum
2447 1973 2926 2028 Eleutherianam
2961 1990 2997 2028 a
3051 1989 3147 2028 me
3203 1973 3523 2040 conditam,
3557 1991 3674 2045 quo

2017 2060 2553 2132 incomparabilem
2587 2079 2780 2118 meam
2802 2061 3078 2120 consoler
3107 2061 3562 2118 calamitatem.»
3582 2062 3672 2118 Ad

2016 2149 2144 2204 haec
2202 2152 2566 2222 Nicephorus
2621 2152 2946 2223 respondit.
3008 2151 3246 2222 quando
3316 2151 3398 2208 ita
3450 2153 3670 2224 cupiat,

2015 2266 2076 2304 se
2112 2266 2219 2322 per
2247 2251 2451 2306 omnia
2481 2252 2532 2306 ei
2561 2251 2973 2307 liberalissime
2990 2251 3455 2324 gratiﬁcaturum
3479 2267 3490 2305 :
3515 2250 3663 2308 881

2001 2339 2239 2409 juraret
2285 2341 2461 2395 modo
2512 2342 2749 2396 nullum
2809 2358 2872 2396 se
2927 2342 3272 2396 thesaurum
3321 2339 3666 2396 celaturam.

2008 2428 2230 2484 Juravit
2264 2431 2455 2490 lrena.
2491 2436 2547 2484 et
2578 2447 2820 2503 magnas
2852 2431 2905 2485 ei
2957 2447 3101 2500 opes
3159 2431 3665 2487 commonstravit.

2010 2519 2122 2575 Sed
2154 2519 2519 2590 Nicephorus
2551 2521 2769 2592 optatis
2812 2521 3055 2592 potitus,
3089 2520 3290 2575 statim
3322 2536 3452 2575 eam
3508 2520 3664 2576 rele-

2007 2609 2165 2681 gavit
2193 2608 2250 2663 in
2271 2610 2696 2664 monasterium
2715 2609 2871 2680 quod
2894 2611 2954 2663 in
2976 2609 3267 2680 Principis
3284 2609 3580 2680 appellata
3601 2611 3662 2664 in

2007 2699 2137 2754 sula
2168 2698 2295 2770 ipsa
2327 2698 2692 2755 condiderat.
2728 2700 2989 2754 Cernens
3013 2698 3226 2753 deinde
3260 2699 3660 2756 insatiabilem

2005 2805 2172 2843 suam
2198 2789 2502 2843 avaritiam
2517 2788 2794 2843 omnibus
2811 2788 3154 2858 proceribus
3177 2787 3491 2844 molestam
3507 2805 3658 2859 esse,

2004 2877 2064 2931 in
2103 2884 2325 2932 metum
2387 2877 2544 2931 venit
2590 2895 2664 2932 ne
2717 2878 2973 2948 p0pulus
3028 2876 3350 2947 aliquando
3399 2876 3655 2945 Irenam,

2002 2964 2292 3020 memoria
2322 2970 2701 3036 acceptorum
2733 2964 2805 3020 ab
2851 2982 2921 3020 ea
2978 2965 3405 3020 beneficiorum
3438 2972 3651 3036 motus,

1999 3052 2073 3108 ad
2101 3051 2417 3123 imperium
2449 3058 2790 3120 revocaret;
2824 3052 3046 3108 idcirco
3081 3069 3211 3108 eam
3243 3052 3468 3124 absque
3487 3054 3654 3108 omni

1997 3140 2381 3195 miseratione
2411 3139 2757 3211 Mitylenem
2806 3139 3114 3213 relegavit.
3173 3141 3521 3214 gravissima
3550 3141 3655 3196 im-

1997 3230 2265 3284 minente
2300 3234 2671 3301 tempestate.
2706 3231 2899 3300 Atque
2925 3229 3005 3285 ibi
3038 3230 3144 3286 illa
3171 3230 3234 3285 in
3252 3230 3434 3286 Lesbo
3453 3230 3652 3286 insula

1996 3336 2068 3374 ex
2123 3318 2307 3374 animi
2373 3318 2722 3390 aegritudine
2781 3317 3058 3388 decessit,
3119 3321 3150 3374 9
3207 3320 3452 3390 Augusti
3527 3318 3646 3378 die.

1989 3409 2212 3479 Corpus
2244 3409 2373 3479 ejus
2404 3407 2728 3478 imperator
2757 3407 2819 3462 in
2877 3409 3303 3464 monasterium
3355 3409 3645 3481 Principis

1988 3498 2214 3562 retulit,
2247 3497 2404 3569 quod
2437 3497 2510 3552 ab
2542 3514 2612 3552 ea
2639 3497 2822 3552 fuisse
2861 3496 3218 3553 aedificatum
3247 3497 3638 3556 ostendimus.

1986 3589 2130 3643 Nam
2163 3605 2266 3658 pro
2297 3587 2513 3659 insigni
2546 3587 2763 3658 pietate
2794 3603 2862 3642 ac
2911 3587 3121 3642 virtute
3151 3605 3258 3644 sua
3315 3588 3505 3644 multa
3534 3606 3638 3660 pro

1986 3676 2344 3748 recipiendis
2378 3677 2706 3747 peregrinis
2738 3682 2797 3730 et
2826 3676 3345 3732 fovendissenibus
3361 3677 3632 3747 aediﬁcia,

1986 3766 2177 3821 multa
2207 3765 2568 3820 monasteria
2605 3765 2976 3826 condiderat,
3039 3782 3337 3820 annonam
3395 3780 3633 3836 quoque

1985 3856 2264 3911 leviorem
2299 3854 2624 3926 redegerat,
2657 3854 2894 3925 aliaque
2926 3855 3114 3910 multa
3162 3854 3448 3926 praeclara
3476 3855 3633 3912 facta

1985 3945 2270 4001 ediderat.
2307 3947 2488 4000 Porro
2520 3944 2880 4014 Nicephorus
2937 3945 3392 4002 Constantinum
3431 3947 3633 4003 lrenes

1985 4034 2199 4101 ﬁlium,
2225 4033 2470 4088 avaritia
2501 4032 2688 4103 magis
2713 4031 2925 4087 ductus
2970 4050 3147 4104 quam
3201 4035 3630 4105 misericordia,

1983 4126 2043 4179 in
2076 4140 2248 4178 suum
2283 4122 2737 4176 contubernium
2786 4122 3030 4194 recepit.
3064 4141 3168 4194 spe
3218 4124 3631 4182 thesaurorum

1981 4215 2052 4269 ab
2085 4231 2153 4269 eo
2188 4211 2553 4284 percipiendi
2578 4211 2798 4266 indicia
2822 4229 2834 4266 :
2857 4218 2911 4266 et
2938 4211 3178 4283 quidem
3201 4215 3449 4269 comiter
3473 4215 3544 4269 ab
3563 4231 3632 4269 eo

1980 4309 2266 4359 tractatus
2325 4300 2769 4364 Constantinus,
2830 4307 2898 4357 ut
2954 4307 3082 4357 erat
3154 4301 3311 4358 futili
3368 4303 3628 4375 ingenio,

1979 4389 2406 4448 demonstravit
2427 4390 2479 4444 ei
2511 4391 2856 4445 thesaurum
2905 4390 2966 4445 in
2997 4390 3378 4447 Semicirculo
3409 4393 3626 4466 (Sigma

1977 4483 2153 4538 hodie
2183 4479 2414 4552 vocant)
2449 4479 2738 4547 abditum,
2795 4480 2903 4535 sub
2950 4481 3164 4537 erectis
3227 4482 3624 4539 marmoribus

1978 4575 2314 4628 constructo
2336 4586 2507 4625 muro
2539 4587 2554 4636 ;
2588 4586 2766 4640 quem
2813 4575 3022 4626 nactus
3053 4571 3413 4643 Nicephorus
3443 4572 3624 4632 istum

216 4683 344 4721 non
383 4681 553 4720 secus
583 4681 652 4720 ac
681 4669 932 4718 matrem
963 4661 1244 4733 neglexit.
1274 4661 1541 4718 Nicetam
1571 4677 1706 4717 vero
1735 4659 2150 4733 Triphyllium,
2182 4657 2355 4729 cujus
2384 4662 2628 4714 strenua
2656 4673 2837 4729 opera
2885 4658 2948 4716 in
2979 4659 3230 4731 imperio
3260 4662 3625 4736 acquirendo

219 4771 368 4809 usus
392 4754 604 4819 fuerat,
636 4753 922 4826 praeclare
953 4751 1180 4808 scilicet
1211 4751 1396 4808 relata
1424 4752 1632 4825 gratia,
1662 4767 1888 4807 veneno
1921 4749 2180 4807 sustulit.

299 4846 592 4924 Ιὶαρδάνιος
622 4847 680 4904 δὲ
715 4857 816 4920 τῆς
851 4847 1152 4918 Ἀνατολῆς
1183 4848 1486 4923 στρατηγὸς
1514 4846 1588 4902 ὢν
1614 4850 1670 4902 ἓν
1694 4848 1870 4920 ἐαυτῷ

219 4940 502 5020 ἐφρόντιζε
533 4945 630 5007 τῆς
692 4936 966 5013 βασιλείας
1017 4933 1392 5002 ἐπιλαϐέσθαι.
1448 4939 1556 5006 Τὴν
1591 4932 1874 5012 διατριϐὴν

219 5029 284 5085 δὲ
343 5030 397 5084 ἐν
443 5032 522 5099 τῷ
578 5027 902 5102 Φιλομιλίῳ
959 5027 1290 5100 ποιούμενος
1349 5031 1577 5103 μοναχῷ
1605 5049 1714 5084 τινι
1769 5031 1876 5082 τῶν

215 5117 589 5190 προγνώσεως
621 5114 938 5188 ἠξιωμένων
967 5117 1034 5172 τά
1062 5123 1162 5186 τῆς
1205 5112 1414 5191 βουλῆς
1474 5115 1872 5181 ἀνακοινοῦται,

215 5207 509 5279 συνίστορα
537 5204 681 5282 ἔχων
719 5205 920 5261 Λέοντα
983 5208 1076 5261 τὸν
1127 5205 1437 5280 Ἀρμένιον.
1490 5207 1758 5267 ’Λκούσας
1819 5203 1878 5260 δὲ

211 5297 380 5359 οὗτος
413 5298 441 5352 ὁ
473 5293 766 5372 Βαρδάνιος
801 5296 948 5372 παρὰ
974 5300 1071 5351 τοῦ
1107 5300 1356 5371 μοναχοῦ
1414 5297 1514 5365 τὴν
1571 5303 1672 5365 τῆς
1703 5296 1876 5350 αὐτοῦ

2051 4847 2203 4904 832
2242 4847 2322 4902 Eo
2381 4851 2646 4919 tempore
2702 4845 3030 4906 Bardanius
3073 4849 3314 4920 quidam
3370 4851 3626 4908 Orientis

1987 4937 2124 5005 dux,
2157 4937 2228 4992 de
2283 4935 2532 5008 imperio
2581 4936 2694 4992 sibi
2745 4938 3098 4994 vindicando
3153 4941 3438 5013 cogitans,
3491 4958 3628 4998 cum

1988 5025 2227 5096 degeret
2256 5023 2611 5094 Philomelii,
2643 5026 2956 5080 consilium
2986 5044 3161 5082 suum
3195 5030 3483 5084 monacho
3508 5030 3631 5085 cui-

1987 5114 2146 5180 dam,
2178 5131 2355 5185 quem
2382 5114 2719 5170 futurorum
2750 5114 3126 5186 praescientia
3170 5118 3325 5173 Deus
3356 5117 3629 5186 dignatus

1987 5203 2199 5272 fuerat,
2231 5202 2692 5274 aperit.conscio
2723 5204 2806 5256 rei
2830 5203 3019 5259 Leone
3050 5206 3636 5264 Armenio.Prmdixit

1989 5294 2042 5349 ei
2077 5297 2423 5357 monachus,
2473 5293 2522 5347 si
2579 5292 2894 5364 imperium
2952 5295 3274 5364 aifectaret,
3307 5301 3367 5351 et
3421 5296 3632 5368 Opibus

1393 5397 1767 5452 XYLANDRI
1809 5395 1894 5449 ET
1934 5393 2152 5448 GOARI
2192 5392 2416 5447 ΝΟΤᾸΞ.

291 5496 403 5568 (28)
433 5498 720 5552 Zonaram
753 5498 1165 5568 sccutus§um,
1197 5495 1431 5568 tametsi
1455 5493 1872 5568 nostercrebro

208 5565 306 5624 ita
339 5565 617 5640 appellat.
652 5567 799 5640 ern.
860 5597 928 5640 ἡ
983 5566 1064 5640 Τῇ
1127 5567 1443 5640 ΙΙρι-(κήπῳ.
1480 5565 1872 5640 Propontidos

208 5637 604 5697 insula—infra
632 5637 880 5709 Cpolim,
915 5637 975 5690 in
1007 5637 1294 5693 Astac'eno
1325 5639 1482 5704 sinu,
1506 5637 1660 5694 GoAn

289 5715 403 5782 (29)
435 5715 612 5767 Arcus
659 5710 882 5779 aediﬁcii
929 5709 1367 5765 semicirculum
1425 5715 1485 5766 et
1557 5710 1868 5781 antiquum

1987 5487 2216 5560 σίγμαΟ
2263 5487 2462 5551 refert.
2524 5493 2583 5543 et
2629 5487 2855 5558 junctis
2910 5489 3068 5545 inter
3116 5508 3177 5546 se
3232 5494 3628 5552 marmoribus

1980 5559 2365 5615 construitur.
2450 5560 2561 5614 Sub
2614 5563 2803 5615 erectis
2870 5565 3231 5619 marmoribus
3285 5574 3628 5624 constructus

1979 5648 2164 5688 murus
2196 5630 2564 5687 inconditum
2597 5637 2688 5686 est
2730 5631 3015 5704 Xylandri
3073 5635 3414 5693 aediﬁcium.
3447 5639 3624 5698 Gem.
