4052 6316
364 381 479 452 915

1728 376 2050 448 GEORGII
2093 374 2437 444 CEDRENI

3646 372 3770 437 916

366 524 491 579 suis
523 527 583 578 et
612 522 797 578 oculis
828 520 1143 594 spoliatum
1174 520 1268 576 iri.
1300 520 1445 577 Cum
1476 519 1661 577 tristis
1676 519 2011 577 discederet

2140 512 2436 589 περιουσίας
2465 508 2740 589 ἀφαίρεσιν
2787 509 2879 564 καὶ
2932 510 3040 563 τῶν
3112 504 3408 587 ὀφθαλμῶν
3433 507 3537 576 τὴν
3570 508 3765 594 πήρω·

367 612 695 668 Bardanius
751 610 1077 681 famulique
1127 627 1312 682 equos
1363 610 1728 667 adducerent
1782 610 1843 664 in
1901 610 2010 665 hos

368 700 614 755 intuitus
638 700 968 756 monachus
1000 701 1212 755 reverti
1243 700 1318 755 ad
1350 717 1410 755 se
1434 700 1787 756 Bardanium
1804 696 2007 772 jussit,

363 791 664 863 sperantiq
674 807 744 847 ue
775 791 1004 863 aliquid
1030 809 1093 848 se
1110 808 1314 848 eorum
1329 810 1460 865 quae
1478 792 1753 865 cupiebat
1772 791 1908 847 audi
1918 795 2011 845 tu-

361 896 516 943 rum,
568 880 764 936 denuo
805 882 1091 954 praecepit
1161 898 1235 938 ne
1291 882 1362 938 de
1425 881 1708 954 potiundo
1758 878 2010 952 imperio

362 970 686 1040 quidquam
720 972 1006 1042 cogitaret
1038 987 1051 1025 :
1084 987 1221 1027 nam
1257 972 1378 1027 sive
1408 971 1469 1026 id
1499 972 1654 1026 ultro
1688 970 1806 1025 sive
1841 969 2015 1024 aliter

359 1062 698 1115 tentaturus
729 1064 902 1127 esset,
922 1060 1046 1115 fore
1060 1065 1125 1116 ut
1148 1077 1280 1116 cum
1297 1061 1509 1133 Opibus
1529 1059 1732 1117 oculos
1750 1059 2010 1124 amittat;

364 1152 643 1203 caaterum
672 1165 744 1203 ex
776 1149 849 1204 iis
880 1147 982 1219 qui
1013 1165 1198 1220 equos
1224 1149 1632 1213 adduxissent,
1664 1148 1927 1220 primum
1958 1149 2017 1200 et

365 1236 700 1292 secundum
732 1236 1068 1293 diademate
1100 1238 1429 1310 potituros:
1479 1238 1723 1293 tertium
1779 1250 2016 1307 quoque

367 1325 789 1397 imperatorem
814 1326 1174 1383 declaratum
1206 1327 1410 1398 iri,sed
1440 1327 1639 1382 statim
1662 1326 2015 1398 periturum,

368 1416 616 1471 minime
655 1422 1039 1472 consecutum
1098 1416 1255 1488 quod
1314 1417 1634 1489 cupiverat.
1692 1413 2019 1470 Bardanius

368 1505 481 1560 hoc
510 1521 860 1577 responsum
893 1506 1383 1576 Leoni,Michaelo
1399 1506 1703 1561 etThomaa
1718 1503 2015 1559 recitavit:

369 1615 398 1643 «
425 1595 513 1649 Tu
546 1595 809 1666 quidem,
842 1612 874 1649 o
905 1594 2020 1667 Leo.inquiens,imperator,etThomas

374 1683 701 1755 imperator
730 1685 1093 1757 designatus,
1137 1701 1170 1740 a
1218 1685 1500 1741 Michaelo
1558 1681 2020 1750 interﬁciemini,

378 1772 550 1844 isque
575 1774 889 1846 imperium
915 1774 1170 1829 tenebit:
1205 1775 1290 1829 sic
1315 1775 1475 1830 enim
1506 1775 1655 1830 mihi
1696 1774 2023 1829 monachus

2116 622 2224 675 σιν,
2256 601 2301 657 εἰ
2323 606 2485 657 τοῦτο
2514 598 2985 673 κατα-τολμήσειεν
3020 598 3440 667 ὑποστήσεσθαι,
3495 596 3629 671 μετά
3659 593 3764 650 λύ-

2114 713 2224 763 πης
2267 692 2610 767 ὑπέστρεψεν.
2642 691 2730 751 Ὦς
2769 686 2827 744 δὲ
2879 687 3007 752 τοὺς
3035 684 3245 751 ἵππους
3300 686 3447 759 αὐτῷ
3502 686 3766 760 προσεκό-

2119 802 2281 854 μισαν
2314 781 2365 835 οἱ
2392 780 2572 853 τούτῳ
2597 777 3110 853 ἐξυπηρετούμενοι,
3162 777 3380 838 τούτοις
3432 775 3462 830 ὁ
3518 776 3762 850 μοναχὸς

2118 870 2420 932 ἐνατενίσας
2477 870 2789 925 ὑπονοστεῖν
2848 871 3161 946 προσφωνεῖ
3201 866 3293 920 τὸν
3321 862 3645 939 Βαρδάνιον.
3701 866 3764 917 '0

2120 960 2178 1017 δὲ
2232 958 2615 1038 προσδοκήσας
2652 982 2705 1017 τι
2761 964 2870 1014 τῶν
2925 959 3072 1033 αὐτῷ
3128 957 3509 1030 καταθυμίων-
3541 954 3767 1030 μέλλειν

2121 1051 2288 1106 εἰπεῖν
2315 1053 2406 1107 τὸν
2443 1051 2712 1130 μοναχὸν,
2741 1047 2944 1120 ἤκουσε
2971 1050 3096 1124 παρ’
3154 1047 3319 1103 αὐτοῦ
3350 1051 3468 1103 τοῦ·
3503 1068 3532 1102 α
3591 1042 3773 1115 Μηδὲν

2122 1161 2208 1196 σοι
2243 1138 2710 1219 πεφροντισμένον
2740 1136 2877 1193 ἔστω
2906 1137 3031 1212 περὶ
3084 1143 3186 1207 τῆς
3216 1134 3516 1212 βασιλείας.
3576 1135 3689 1192 Κᾶν
3717 1155 3778 1190 τε

2118 1230 2221 1305 γὰρ
2255 1230 2432 1285 ἑκοντὶ
2475 1228 2573 1284 κᾶν
2619 1249 2680 1285 τε
2714 1229 2814 1301 μή,
2877 1229 2953 1301 μὴ
3002 1230 3163 1282 τοῦτο
3211 1223 3672 1297 κατατολμήσεις.
3706 1223 3775 1280 Εἰ

2123 1324 2286 1376 τοῦτο
2317 1316 2376 1375 δὲ
2413 1324 2700 1394 πειραθῇς,
2746 1322 2854 1373 τῶν
2885 1323 2991 1373 σῶν
3024 1317 3314 1389 ὀμμάτων,
3351 1316 3425 1377 ὡς
3456 1309 3615 1392 ἔφην,
3682 1313 3776 1368 καὶ

2122 1416 2223 1480 τῆς
2257 1409 2533 1484 ὑπάρξεως
2567 1408 2849 1482 ὑποστήσῃ
2876 1407 2975 1474 τὴν
3035 1403 3177 1462 ἀλλο
3191 1405 3429 1480 τρίωσιν.
3462 1405 3530 1461 Οἱ
3562 1401 3619 1458 δὲ
3645 1401 3778 1464 τοὺς

2122 1498 2331 1561 ἵππους
2363 1520 2458 1554 σου
2500 1497 2844 1571 κομίσαντες,
2882 1495 3088 1552 τούτων
3116 1496 3144 1550 ὁ
3176 1500 3394 1570 πρῶτος
3451 1494 3542 1549 καὶ
3574 1494 3602 1547 ὁ
3658 1490 3781 1547 δεύ-

2125 1608 2279 1664 τερος
2341 1584 2981 1664 διαδηματοφορήσουσι,
3041 1585 3128 1639 καὶ
3193 1584 3221 1638 δ
3259 1583 3445 1657 τρίτος
3483 1580 3775 1659 ἀναγορευ-

2127 1680 2236 1740 Θεὶς
2262 1679 2479 1756 ταχέως
2510 1675 2819 1746 ἀπολεῖται,
2882 1677 2957 1748 μή
3021 1673 3205 1749 τυχὼν
3267 1674 3340 1727 ὧν
3370 1672 3592 1750 ἐφίεται.
3630 1694 3652 1724 ι
3713 1673 3775 1727 Ὁ

2126 1770 2306 1827 τοίνυν
2341 1766 2631 1843 Βαρδάνιος
2657 1767 2725 1822 τὰ
2761 1771 2859 1821 τοῦ
2883 1768 3162 1841 λογισμοῦ
3191 1765 3339 1837 αὐτῷ
3388 1785 3447 1819 τε
3474 1769 3554 1837 τῷ
3585 1764 3780 1819 Λέοντι

373 1863 730 1919 vaticinatus
760 1869 867 1918 est.
902 1886 932 1914 ››
962 1864 1090 1918 Non
1120 1864 1305 1919 multo
1334 1869 1471 1936 post
1507 1869 1771 1936 tempore
1797 1862 2027 1933 aliquot

2140 1859 2221 1916 καὶ
2275 1854 2508 1933 Μιχαὴλ
2538 1857 2629 1911 καὶ
2681 1859 2853 1929 Θωμᾷ
2898 1852 3238 1929 παρεδήλου,
3292 1853 3511 1928 φάσκων
3570 1849 3779 1907 τοιάδε·

377 1953 670 2008 exercitus
701 1952 923 2008 crebris
951 1952 1265 2024 Nicephori
1302 1953 1709 2009 exactionibus
1739 1951 1924 2007 coacti
1953 1950 2026 2005 ab

373 2040 734 2112 imperatore
746 2041 1143 2108 desciverunt,
1154 2041 1628 2114 Bardaniumque
1642 2046 2029 2115 cognomento

376 2132 628 2186 Turcum
660 2133 1080 2204 imperatorem
1113 2138 1408 2189 crearunt.
1444 2133 1553 2199 Qui
1600 2132 1835 2188 tametsi
1866 2137 2030 2188 metu

374 2220 625 2291 periculi
648 2220 762 2275 sibi
788 2221 1123 2278 denuntiati
1153 2222 1306 2278 888
1337 2228 1661 2285 recusaret,
1684 2221 2028 2294 compulsus

374 2313 573 2364 tamen
592 2316 649 2365 et
660 2311 979 2383 effugiendi
1007 2311 1286 2383 facultate
1300 2312 1616 2368 destitutus
1638 2310 2028 2382 Chrysopolin

370 2399 550 2465 venit,
581 2399 782 2470 ibique
812 2400 1101 2455 salutatus
1156 2407 1250 2457 est
1296 2401 1644 2473 imperator.
1705 2400 1805 2455 His
1834 2399 2026 2468 factis,

373 2487 486 2543 Leo
507 2492 567 2541 et
594 2489 913 2545 Michaelus
942 2490 1017 2544 ad
1055 2490 1452 2561 Nicephorum
1487 2507 1550 2545 se
1595 2490 1979 2545 contulerunt
2011 2503 2026 2542 :

372 2576 587 2631 horum
619 2577 771 2633 alter
826 2577 1268 2646 fusderatorum,
1327 2579 1478 2634 alter
1517 2579 1752 2634 comitis
1800 2575 2028 2633 cohorti

374 2666 719 2736 prmﬁcitur.
753 2667 1007 2722 Thomas
1038 2684 1172 2723 vero
1201 2673 1267 2722 ut
1298 2667 1476 2723 ﬁdem
1508 2667 1750 2723 domino
1779 2684 1885 2723 suo
1912 2684 2028 2722 ser-

375 2755 799 2819 varet,nullum
830 2756 1161 2827 periculum
1195 2756 1603 2811 ret‘ormidavit
1625 2773 1640 2824 ;
1665 2772 1801 2811 mox
1825 2761 2025 2811 autem

378 2842 727 2911 Bardanius,
759 2849 825 2899 ut
854 2850 982 2899 erat
1017 2845 1115 2899 Hei
1157 2851 1454 2914 metuens,
1485 2845 1707 2900 veritus
1738 2862 1813 2900 ne
1869 2844 2028 2900 civili

380 2930 532 2987 bello
554 2948 793 2988 causam
826 2934 1137 3005 praeberet,
1154 2934 1353 2989 missis
1376 2934 1529 2990 clam
1546 2934 1619 2990 ad
1633 2935 2028 3005 Nicephorum

380 3021 607 3077 nuntiis
627 3022 1043 3094 impunitatem
1070 3024 1345 3095 postulat.
1374 3040 1560 3095 eaque
1583 3024 1900 3096 impetrata
1925 3041 2031 3095 per

380 3116 614 3166 noctem
643 3112 874 3183 navigio
904 3112 1187 3184 profugit,
1220 3118 1277 3168 et
1305 3113 1368 3168 in
1390 3114 1819 3169 monasterium
1844 3114 2028 3168 Hera-

381 3200 501 3257 clii.
536 3201 697 3272 quod
729 3208 821 3256 est
850 3201 910 3255 in
942 3201 1267 3270 Catabolio,
1309 3203 1542 3258 delatus
1590 3203 1669 3257 ibi
1699 3204 2026 3258 monachus

380 3295 471 3345 est
506 3290 717 3347 factus.
748 3290 1034 3362 Pepulus,
1067 3291 1169 3361 qui
1230 3290 1339 3346 sub
1398 3308 1468 3347 eo
1526 3292 1738 3359 fuerat,
1790 3291 2033 3347 domum

383 3378 675 3434 discessit.
711 3382 787 3432 At
815 3379 1139 3449 imperator
1188 3380 1373 3435 missa
1419 3380 1617 3436 celoce
1675 3381 1917 3437 simulat
1972 3398 2035 3436 se

380 3465 740 3522 Bardanium
769 3465 973 3538 Cpolin
1007 3483 1249 3523 evocare
1283 3485 1296 3533 ;
1325 3468 1426 3539 qui
1483 3486 1617 3524 cum
1672 3471 1935 3525 venisset
1971 3470 2034 3525 in

378 3558 617 3611 Protam
657 3555 937 3622 insulam,
999 3556 1076 3611 ad
1124 3556 1559 3613 monasterium
1609 3559 1766 3629 quod
1819 3558 1900 3614 ibi
1972 3560 2035 3614 in

381 3645 725 3701 suburbano
755 3651 1187 3714 construxerat,
1236 3662 1311 3701 ex
1366 3654 1566 3702 mente
1614 3648 2034 3720 voluntateque

381 3735 760 3807 imperatoris
818 3735 975 3791 oculi
1026 3736 1079 3790 ei
1137 3752 1172 3792 a
1229 3736 1601 3808 Lycaonibus
1677 3739 2035 3810 quibusdam

383 3831 692 3882 eruuntur.
740 3826 812 3880 Et
861 3825 1226 3897 Nicephorus
1273 3825 1335 3881 id
1385 3827 1607 3883 factum
1661 3829 1775 3883 sibi
1833 3829 2035 3885 dolere

382 3916 673 3970 simulans
707 3914 1048 3986 juramento
1071 3914 1350 3971 omnibus
1382 3916 1700 3973 conﬁrmat
1730 3934 1791 3972 se
1823 3917 1884 3972 in
1910 3919 2034 3974 cul-

381 4020 459 4076 pa
489 4006 618 4075 ejus
642 4020 764 4058 non
795 4019 946 4073 esse,
977 4020 1112 4059 cum
1161 4020 1239 4060 ne
1293 4004 1441 4060 alias
1498 4006 1738 4077 quidem
1770 4023 2033 4079 unquam

382 4109 585 4149 verum
608 4093 893 4165 jurasset.

2140 1976 2168 2004 «
2205 1948 2280 2004 Σὺ
2325 1949 2441 2022 μὲν,
2473 1948 2519 2002 ὧ
2551 1947 2707 2014 Λέον,
2743 1944 3087 2022 βασιλεύσας,
3120 1943 3209 1999 καὶ
3241 1945 3270 1999 ὁ
3300 1948 3503 2018 Θωμᾶς
3547 1942 3792 2018 ἀναῤῥη-

2140 2039 2271 2107 θεὶς,
2304 2037 2450 2111 παρὰ
2482 2035 2719 2112 Μιχαὴλ
2750 2036 3144 2114 φονευθήσεσθε
3171 2034 3339 2107 (οὓτω
3396 2032 3501 2111 γὰρ
3558 2033 3587 2087 ὁ
3621 2052 3789 2105 μονα»

2139 2130 2244 2208 χὸς
2276 2127 2449 2202 ἐξεῖπέ
2492 2130 2632 2199 μοι),
2694 2125 2860 2198 μόνου
2916 2128 3014 2180 τοῦ
3057 2121 3289 2203 Μιχαήλ
3331 2119 3790 2202 διαφυλαχθησο-

2144 2218 2306 2288 μένου
2340 2216 2390 2272 ἒν
2419 2217 2490 2287 τῇ
2521 2211 2797 2289 βασιλείᾳ.
2842 2238 2863 2265 ι
2919 2214 2998 2272 Οὐ
3051 2212 3195 2269 πολὺ
3242 2213 3306 2268 τὸ
3359 2210 3412 2268 ἐν
3458 2210 3628 2285 μέσῳ,
3694 2211 3791 2267 καὶ

2139 2313 2247 2364 τῶν
2303 2307 2548 2380 θεμάτων
2635 2310 2749 2378 (30)
2827 2303 3014 2360 πολλὰ
3092 2301 3645 2378 καταναγκαζομὲνων
3700 2298 3794 2357 διὰ

2137 2398 2233 2462 τάς
2277 2397 2609 2461 ἐπιτεθεῖσας
2667 2394 2851 2457 αὐτοῖς
2908 2396 3224 2466 ἀπαιτήσεις
3271 2394 3416 2470 παρὰ
3471 2392 3793 2471 Νικηφόρου

2138 2489 2632 2563 ἀποσκιρτήσαντες
2717 2484 3086 2563 ἀνηγόρευσαν
3175 2483 3401 2559 βασιλὲα
3474 2480 3790 2558 Βαρδάνιον,

2138 2578 2184 2652 ᾧ
2216 2576 2444 2648 ἐπίκλην
2466 2581 2721 2652 Τοῦρκοςν
2758 2577 2854 2639 "Oc
2881 2596 2944 2650 γε
2974 2573 3257 2652 δυσφορῶν
3313 2573 3401 2629 ἐπὶ
3429 2575 3609 2647 τούτῳ
3657 2592 3791 2649 παρ-

2137 2673 2341 2742 ῃτεῖτο,
2402 2668 2478 2740 μὴ
2533 2664 2780 2734 δυνηθεὶς
2840 2662 2898 2720 δὲ
2948 2662 3230 2739 διαδρᾶναι
3317 2664 3639 2740 βιαζόμενος
3699 2664 3794 2719 ὑπ’

2139 2758 2314 2813 αὐτῶν
2399 2753 2670 2826 κατῆλθεν
2750 2754 2801 2810 ἐν
2874 2752 3263 2829 Χρυσουπόλει
3341 2752 3790 2834 εὐφημούμενος.

2141 2846 2367 2906 Τούτων
2401 2842 2457 2901 δὲ
2482 2845 2807 2921 γενομένων,
2843 2846 2992 2899 Λέων
3046 2844 3137 2899 καὶ
3179 2842 3410 2919 Μιχαὴλ
3462 2848 3541 2915 τῷ
3576 2842 3794 2917 βασιλεῖ

2140 2935 2576 3013 προσεῤῥύησαν,
2610 2935 2741 2989 ὥνὸ
2775 2934 2871 3008 μὲν
2930 2940 3030 3003 τῆς
3086 2938 3197 2989 τῶν
3256 2930 3593 3010 φοιδεράτων
3649 2934 3785 3005 (31),

2142 3027 2170 3080 ὁ
2202 3023 2261 3081 δὲ
2287 3033 2386 3093 τῆς
2425 3027 2522 3078 τοῦ
2552 3024 2799 3096 κόμητος
2828 3023 3032 3098 κόρτης
3090 3026 3200 3096 (32)
3228 3024 3328 3092 τὴν
3360 3023 3539 3098 ἀρχὴν
3596 3019 3782 3095 ἐγχει-

2143 3117 2406 3191 ρίζονται.
2435 3119 2634 3189 Θωμᾶς
2666 3113 2724 3169 δὲ
2754 3113 2925 3191 μέχρι
2955 3111 3218 3169 κινδύνων
3273 3118 3353 3185 τῷ
3400 3113 3524 3186 ἰδίῳ
3555 3109 3791 3186 δεσπότῃ

2145 3207 2368 3279 ἀφοσιοῖ
2389 3205 2455 3260 τὰ
2481 3212 2582 3273 τῆς
2624 3203 2879 3267 πίστεως.
2942 3204 3075 3259 Εἶτα
3128 3204 3220 3258 τὸν
3276 3207 3374 3258 τοῦ
3432 3206 3565 3258 Θεοῦ
3622 3196 3799 3280 φοϐον

2144 3293 2194 3348 ἐν
2227 3290 2426 3368 καρδίᾳ
2451 3291 2786 3365 κεκτημένος
2837 3293 2865 3347 ὁ
2924 3290 3242 3368 Βαρδάνιος,
3297 3291 3388 3346 καὶ
3447 3289 3641 3355 δεδιὼς
3701 3292 3811 3363 μή-

2142 3405 2262 3446 πως
2316 3380 2386 3437 δι’
2440 3382 2600 3438 αὐτὸν
2663 3380 2934 3459 ἐμφύλιος
3013 3382 3237 3459 γένηται
3296 3378 3566 3455 πόλεμος,
3625 3380 3809 3455 λάθρα

2143 3474 2282 3546 πρὸς
2308 3474 2401 3528 τὸν
2436 3471 2661 3548 βασιλέα
2710 3473 2974 3547 ἐκπέμπει
3034 3473 3232 3548 Λόγους
3287 3471 3543 3545 ἀπαθείας
3598 3475 3801 3541 ζητῶνο

2143 3564 2234 3618 καὶ
2266 3558 2451 3618 λαϐὼν
2507 3563 2836 3634 ναυσιπόρος
2895 3559 3080 3637 διέδρα
3126 3563 3338 3630 νυκτὸς,
3397 3562 3486 3618 καὶ
3544 3561 3804 3626 ἀπελθὼν

2144 3650 2196 3706 ἐν
2281 3656 2363 3725 τῷ
2445 3647 2773 3725 Καταϐολίῳ
2851 3654 2964 3726 (33)
3015 3651 3092 3716 εἷς
3145 3653 3248 3721 τὴν
3322 3656 3417 3707 τοῦ
3473 3650 3806 3726 Ἡρακλείου

2150 3742 2325 3815 μονήν
2404 3740 2591 3815 γέγονε
2661 3741 2922 3817 μοναχός.
2981 3742 3039 3797 ’0
3097 3738 3154 3796 δὲ
3216 3742 3333 3813 μετ’
3415 3737 3581 3796 αἰ)τοῦ
3663 3739 3805 3804 λαὸς

2147 3828 2333 3886 οἴκαδε
2361 3829 2564 3911 ᾤχετο.
2628 3829 3124 3906 Σχηματισάμενος
3177 3828 3223 3886 δ’
3280 3832 3308 3886 ὁ
3344 3829 3601 3907 βασιλεὺς
3660 3830 3804 3907 ἀγα-

2144 3925 2259 3995 γεῖν
2317 3920 2409 3975 τὸν
2469 3917 2770 3995 Βαρδάνιον
2848 3919 2900 3976 ἐν
2977 3924 3048 3995 τῇ
3095 3919 3256 3976 πόλει
3324 3918 3583 3995 δρόμωνα
3632 3919 3799 3991 ἑξαπ-

2145 4010 2370 4070 ἐστειλε.
2401 4014 2516 4069 Τοῦ
2573 4008 2631 4067 δὲ
2686 4014 3131 4088 παραγενομένου
3186 4011 3238 4067 ἐν
3293 4010 3363 4087 τῇ
3425 4013 3622 4088 Πρώτη
3682 4012 3801 4086 (34)

2144 4102 2295 4174 νήσῳ
2350 4100 2486 4174 πρὸς
2537 4102 2637 4170 τήν
2705 4103 2877 4176 μονὴν
2905 4101 2972 4172 ἢν
3031 4101 3194 4165 αὐτὸς
3250 4101 3625 4173 κατεσκεύασε,
3656 4122 3805 4174 προ-

387 4181 604 4236 ἀστειον
635 4180 797 4236 οὖσαν
829 4180 1020 4252 αύτοῦ,
1054 4180 1416 4257 ἐκτυφλοῢται
1448 4184 1552 4241 ὑπὸ
1575 4185 1864 4243 Λυκαόνων
1891 4192 2056 4243 τινῶν
2094 4189 2291 4265 γνώμῃ
2348 4194 2446 4246 τοῦ
2509 4189 2801 4262 βασιλέως.
2856 4192 2942 4266 [Ρ.
2998 4192 3125 4264 477]
3187 4192 3280 4246 Διὸ
3332 4190 3421 4247 ἐπὶ
3469 4194 3538 4264 τῇ
3567 4192 3797 4267 τοιαύτῃ

392 4269 670 4346 ὑποκρίσει
703 4267 862 4340 δῆθεν
895 4269 1185 4344 λυπηθεὶς,
1210 4273 1417 4337 πάντας
1451 4277 1568 4348 μεθ’
1601 4277 1780 4352 ὅρκων
1813 4274 2273 4356 ἐπληροφόρησεν
2306 4280 2544 4336 ἀναίτιον
2570 4280 2733 4337 αὐτὸν
2787 4279 2926 4337 εἶναι
2980 4284 3078 4336 τοῦ
3131 4281 3388 4337 τοιούτου
3426 4276 3709 4356 δράματος
3763 4282 3793 4337 ὁ

387 4357 662 4434 μηδέποτε
690 4358 781 4415 suo
789 4360 1014 4434 ρκήσας.

454 4463 626 4516 Anno
657 4461 693 4514 2
713 4460 1085 4515 Stauracium
1115 4459 1306 4517 ﬁlium
1336 4480 1511 4520 suum
1541 4470 1808 4534 coronat,
1836 4466 2028 4522 homi-

2207 4469 2301 4540 Τῷ
2373 4468 2419 4543 β’
2473 4465 2580 4524 ἔτει
2638 4465 2827 4544 ἔστεψε
2882 4467 2975 4524 τὸν
3034 4468 3151 4523 υἱὸν
3206 4467 3373 4526 αὐτοῦ
3437 4472 3796 4545 Σταυράκιον,

385 4566 523 4605 nem
553 4565 749 4620 neque
779 4548 970 4604 forma
998 4565 1191 4620 neque
1221 4553 1423 4607 animo
1453 4570 1647 4626 neque
1679 4555 1900 4611 viribus
1932 4574 2038 4612 no-

385 4639 591 4693 bilem.
624 4638 845 4692 Eodem
874 4653 1029 4692 anno
1062 4637 1124 4693 in
1154 4640 1380 4697 Arabes
1437 4644 1764 4701 exercitum
1823 4646 1992 4702 duxit
2022 4661 2036 4712 ;

387 4728 694 4797 victusque
716 4734 775 4781 et
809 4727 1241 4797 propemodum
1264 4729 1337 4784 ab
1368 4730 1638 4789 hostibus
1670 4734 2042 4806 captus(qui—

388 4815 525 4872 dam
555 4815 714 4870 enim
744 4814 962 4870 ducum
983 4814 1288 4872 fortissimi
1321 4835 1475 4893 aagre
1506 4837 1641 4877 eum
1669 4824 2036 4896 eripuerunt)

392 4924 529 4965 cum
559 4905 851 4962 dedecore
866 4904 1110 4961 domum
1130 4906 1327 4963 rediit.

2148 4556 2414 4626 ἀποίητον
2447 4560 2559 4629 (35)
2608 4552 2737 4613 ὄντα
2792 4561 2860 4631 τῇ
2887 4578 2947 4613 τε
3002 4554 3116 4628 ἶδὲᾳ
3144 4559 3235 4613 καὶ
3264 4559 3455 4633 γνώμῃ
3480 4560 3569 4615 καὶ
3600 4559 3793 4635 ῥώμῃ.

2145 4643 2329 4717 Τούτῳ
2347 4649 2427 4717 τῷ
2456 4642 2560 4701 ἔτει
2582 4645 2775 4717 ἐξῆλθε
2803 4647 2939 4702 κατά
2967 4642 3233 4720 Ἀράϐων,
3258 4649 3351 4702 καὶ
3385 4650 3500 4721 μετ’
3528 4647 3800 4723 αἰσχύνης

2147 4734 2401 4804 ἡττηθεὶς
2434 4733 2748 4809 ὑπέστρεψε,
2779 4735 2926 4810 παρὰ
2960 4736 3155 4810 μικρὸν
3182 4736 3467 4813 συσχεθεὶς
3490 4736 3577 4792 καὶ
3612 4736 3799 4810 αὐτὸς,

2149 4821 2199 4877 εἴ
2231 4824 2305 4896 μή
2340 4843 2483 4886 τινες
2513 4829 2619 4879 τῶν
2649 4823 2935 4899 ἀρχόντων
2963 4821 3334 4901 ἀνδρειότατοι
3389 4823 3580 4882 τοῦτον
3634 4827 3806 4901 μόλις

2147 4931 2211 4966 πε
2221 4911 2568 4986 ριεσὼσαντο.

1627 5010 1995 5067 XYLANDRI
2023 5012 2112 5068 ET
2141 5012 2360 5069 GOARI
2388 5016 2614 5072 NOTAE.

465 5101 582 5172 (30)
953 5096 1476 5172 quodprovincias
1494 5096 1677 5172 etiam
1709 5099 1857 5155 alias
1892 5100 2048 5155 desi-

392 5167 674 5244 gnat.Sed
702 5171 956 5243 zonaras
988 5167 1196 5244 scribit
1238 5167 1385 5240 Ἑῷα
1440 5170 1713 5244 τάγματα,
1745 5173 2041 5228 exercitus

394 5240 671 5303 Orientis.
705 5240 1107 5312 eum_cre_asse
1142 5240 1586 5312 imperatorem.
1620 5243 1738 5297 KYL

466 5317 577 5387 (31)
607 5312 720 5387 _Pro
752 5306 1113 5385 φοιϐερέτων,
1146 5306 1305 5387 quod
1336 5312 1484 5387 nihil
1508 5312 1694 5386 (puto)
1728 5314 2042 5387 significat,

398 5383 736 5462 γοιᾷεράτων
758 5383 830 5440 ex
860 5383 1202 5462 conjectura
1237 5384 1405 5462 legi,_
1439 5383 2045 5462 quanquam"_rur§us

398 5448 460 5511 i'n
495 5448 683 5510 Leone
713 5448 990 5531 {Armenio
1021 5448 1638 5531 ροιϐεράτῶνὶεέςαιυιί
1671 5458 1783 5513 Sed
1814 5458 1897 5513 ibi
1934 5460 2044 5513 Zo-

406 5544 582 5599 naras
608 5524 941 5599 φοιδεράτων
966 5524 1163 5581 habet.
1186 5524 1334 5583 ΧΠ..

424 5652 431 5668 ε
479 5596 592 5668 (32)
622 5596 741 5660 Ὠιιί
771 5614 942 5668 comes
972 5599 1396 5668 cortinqriorum
1440 5615 1476 5654 a
1524 5599 1750 5655 Codino
1780 5601 1998 5656 dicitur
2030 5615 2044 5655 :

415 5664 744 5745 tuiqurogt
769 5664 833 5745 te
858 5667 910 5719 οἱ
940 5666 1292 5745 κοριτινάριοι
1348 5667 1425 5731 εἰς
1485 5670 1585 5745 τῂν
1648 5673 1745 5745 τοῦ
1779 5670 2046 5745 βασιλέως

407 5734 636 5809 σκηνήν.
668 5738 740 5793 Et
765 5737 985 5795 iterum
1009 5734 1031 5794 ἐ
1064 5734 1286 5793 εἲσὶκαὶ
1314 5734 1649 5814 κορτινάριοι
1680 5734 1900 5818 ἔχοντες
1955 5741 2048 5796 καὶ

2162 5095 2560 5180 οὖτρι-ἔνοχον,
2590 5102 2649 5164 ’ὀς
2678 5103 2859 5180 κόμης
2887 5103 3153 5159 καλεῖται.
3188 5106 3363 5163 ϐοΑιι.

2222 5174 2337 5248 (3_3)
2370 5174 2581 5248 Si'_'non
2620 5174 2952 5248 proprium.
3011 5183 3249 5248 portum
3307 5182 3410 5234 aut
3481 5178 3807 5235 stationem

2153 5246 2392 5301 navium
2424 5246 2709 5304 denotare
2738 5246 2988 5304 videtur.
3015 5246 3165 5304 Χγι..
3186 5280 3251 5290 -
3279 5249 3496 5305 Ciliciae
3520 5250 3664 5307 urbs
3691 5258 3806 5309 est.

2153 5319 2369 5372 Anton.
2412 5320 2586 5372 (ἰοΑιι.

2198 5323 2369 5372 nton.
2412 5321 2586 5375 (£01m.

2226 5390 2339 5458 (34)
2370 5390 2545 5446 Juxta
2581 5390 2814 5460 urbem,
2846 5392 3245 5462 Propontidos
3284 5393 3496 5449 insula.
3519 5394 3696 5451 Gom.

2223 5462 2339 5531 (35)
2369 5462 2665 5533 Ineptum,
2696 5463 2921 5518 nullius
2951 5464 3146 5534 pretii,
3169 5466 3497 5534 ungemacht
3525 5466 3673 5521 oder
3692 5482 3814 5521 un-

2154 5534 2486 5609 grscftaff'eu.
2511 5539 2577 5589 ut
2601 5550 2717 5609 nos
2746 5534 3065 5609 loquimur.
3096 5537 3352 5591 Zonaras
3383 5554 3506 5592 rem
3541 5537 3817 5609 explica-

2154 5602 2564 5681 vit_disertius.
2601 5605 2728 5660 XYL.
2760 5602 2846 5647 —_
2869 5607 3107 5681 Fatuum
3164 5614 3225 5662 et
3280 5611 3533 5681 inertem,
3593 5602 3699 5681 qui
3734 5625 3816 5665 ne

2157 5675 2487 5746 quidquam
2517 5691 2689 5750 agere
2719 5682 2823 5733 aut
2852 5677 3048 5733 moliri
3081 5683 3294 5750 potest.
3323 5680 3498 5739 Gom.
