4108 6300
283 372 426 434 91Ἷ

1449 367 1994 438 HISTORIARUM
2038 367 2594 438 COMPENDIUM.

3611 385 3729 446 918

385 509 484 578 Τῷ
543 506 592 582 γ¹
643 502 751 562 ἔτει
807 504 976 578 εὑρών
1034 504 1228 580 μικρὰν
1284 505 1464 563 ἄδειαν
1521 504 1724 566 ἔκτισεν
1754 510 1941 585 Ἀγκυ-

2149 505 2303 563 834
2332 511 2501 565 Anno
2531 512 2583 575 3,
2615 510 3054 582 aliquantulum
3087 513 3192 569 otii
3250 519 3482 582 nactus,
3526 519 3728 591 Ancy-

301 617 418 673 ραν
450 595 718 657 Γαλατίας
750 596 838 649 καὶ
871 597 972 664 τήν
1005 594 1320 668 Ἀνδρασόν.

388 686 484 758 Τᾦ
516 685 559 742 δ’
591 683 697 742 ἔτει
729 687 998 760 Ταράσιος
1028 690 1055 743 6
1086 689 1389 761 άγιώτατος
1421 691 1771 768 πατριάρχης
1807 692 1964 745 Κων-

2074 613 2202 650 ram
2234 597 2472 653 Galatiae
2502 601 2882 672 Thebamque
2914 609 2971 658 et
2995 603 3321 659 Andrasum
3348 605 3638 662 condidit.

2147 692 2314 742 Anno
2346 691 2378 742 4
2408 691 2682 744 Tarasius
2712 693 3123 748 sanctissimus
3154 694 3351 765 Cpolis
3383 698 3726 767 patriarcha

300 776 820 837 σταντινουπόλεως
878 773 1087 830 ἀπεϐίω
1145 775 1380 848 ἓνδόξος,
1441 779 1530 833 καὶ
1600 782 1766 854 ετάφτ,
1799 779 1852 832 ὲν
1884 783 1941 847 τᾷ

2074 777 2320 832 honeste
2341 778 2516 832 vitam
2544 778 2775 842 clausit,
2802 783 3186 852 sepultusque
3212 790 3301 839 est
3331 785 3392 840 in
3427 794 3730 843 monaste-

295 864 405 918 ὕπ’
429 863 599 918 αὖτοῦ
640 863 904 918 κτισθὲντι
971 865 1322 938 μοναστηρίῳ
1377 867 1426 920 ἐν
1451 871 1531 939 τῷ
1562 870 1762 937 Στενῷ.
1793 868 1876 938 Τῇ
1911 863 1964 919 δ’

291 960 410 1021 τῆς
442 954 668 1027 πρώτης
701 947 1006 1021 ἑϐδομάδος
1037 958 1144 1008 τῶν
1177 960 1456 1024 Νηστεῖὼν
1489 957 1577 1010 καὶ
1629 959 1698 1028 τῇ
1735 952 1950 1031 μεγάλῃ

299 1045 557 1116 Κυριακῇ
613 1041 1003 1116 ἐχειροτοντ,θη
1066 1044 1386 1117 Νικηφόρος
1447 1047 1475 1099 6
1518 1045 1822 1119 ἀγιώτατος
1857 1064 1956 1097 πα-

291 1133 580 1205 τριάρχης
639 1131 743 1185 άπὸ
802 1132 1145 1206 ἀσηκρῆτις,
1205 1135 1374 1211 ψήφῳ
1433 1135 1631 1196 παντὸς
1689 1131 1825 1188 λαοῦ
1866 1131 1954 1187 καί

293 1224 408 1274 τοῦ
442 1219 711 1295 βαειλὲως
763 1221 854 1274 καὶ
907 1226 1015 1275 τῶν
1074 1223 1284 1296 ίερὲων.
1347 1223 1578 1279 Πλάτων
1620 1221 1796 1277 δὲκαὶ
1829 1220 1955 1276 Θεό-

298 1308 486 1384 δωρος
525 1308 831 1386 ἡγούμενος
865 1316 973 1366 τῶν
1009 1310 1270 1368 Στουδίου
1309 1313 1372 1368 οὗ
1430 1309 1842 1383 συνηυδόκησαν
1880 1315 1954 1384 τῇ

295 1402 625 1476 χειροτονίᾳ
665 1400 1006 1476 Νικηφόρου,
1066 1399 1213 1456 ἀλλᾶ
1243 1401 1334 1458 καὶ
1396 1401 1609 1477 σχίσμα
1667 1401 1952 1469 ἐποίησαν,

299 1489 486 1543 αἰτίαν
518 1487 673 1556 δῆθεν
724 1489 953 1566 εὔλογον
995 1485 1216 1565 ἔχοντες
1245 1492 1308 1546 τὸ
1343 1494 1418 1563 μή
1453 1489 1562 1546 δεῖν
1603 1491 1708 1546 ἀπὸ
1740 1490 1951 1545 λαϊκῶν

299 1578 521 1653 ἀΟροως
579 1579 654 1639 εἰς
712 1578 1004 1634 ἐπίσκοπον
1073 1580 1412 1654 ἀνατρέχειν·
1469 1579 1563 1640 οὒς
1616 1581 1644 1633 6
1697 1578 1952 1653 βασιλεὺς

297 1675 408 1736 τῆς
439 1665 653 1728 πόλεως
710 1667 978 1722 ἀπελάσαι
1040 1668 1332 1742 βουληθεὶς
1373 1669 1642 1740 ἀνετράπη
1695 1668 1839 1742 παρά
1865 1689 1950 1722 τιο

298 1779 432 1815 νων.
467 1757 568 1812 Καί
612 1757 711 1812 οὐκ
740 1759 804 1826 ἦν
836 1758 897 1811 τὸ
953 1762 1179 1832 πρᾶγμα
1237 1756 1382 1828 ξενον
1445 1755 1570 1812 οὐδὲ
1625 1761 1950 1831 προσράτως

2071 866 2158 920 rio
2191 866 2349 936 quod
2385 868 2512 937 ipse
2545 875 2882 923 extruxerat
2915 871 2974 924 in
3024 873 3346 936 Angustiis.
3381 876 3599 939 Quarta
3626 877 3726 932 die

2072 956 2276 1026 primm
2297 956 2644 1027 septimanis
2664 957 3054 1026 Jejuniorum,
3080 965 3138 1013 et
3167 977 3380 1032 magna
3412 964 3720 1020 Dominica

2069 1044 2434 1115 Nicephorus
2466 1045 2820 1099 secretarius
2847 1053 3080 1100 creatur
3103 1049 3514 1106 sanctissimus
3541 1055 3720 1122 patri-

2069 1133 2265 1192 archa.
2325 1133 2503 1188 totius
2563 1134 2786 1206 populi,
2843 1135 3219 1205 imperatoris
3251 1143 3308 1192 et
3339 1140 3714 1196 sacerdotum

2067 1221 2380 1290 sull'ragiis.
2410 1222 2576 1277 Plato
2607 1229 2806 1278 autem
2837 1230 2897 1278 et
2924 1224 3264 1280 Theodorus
3287 1227 3554 1282 Studiani
3585 1230 3710 1284 col-

2066 1309 2199 1382 legii
2232 1311 2548 1382 prmfectus
2580 1328 2708 1367 eam
2743 1311 3093 1367 electionem
3133 1315 3620 1386 improbaverunt
3648 1324 3707 1373 et

2064 1399 2487 1454 discessionem
2519 1401 2810 1469 fecerunt,
2853 1402 3146 1472 probabili
3187 1404 3275 1458 usi
3337 1411 3707 1477 argumento,

2062 1505 2182 1542 non
2215 1489 2433 1544 debere
2455 1489 2678 1545 scilicet
2699 1491 2891 1546 subito
2924 1493 3183 1562 aliquem
3212 1493 3284 1548 de
3308 1494 3460 1549 laico
3492 1497 3714 1567 episco-

2062 1595 2202 1648 pum
2234 1578 2383 1632 fieri.
2417 1579 2572 1643 Quos
2604 1578 2924 1650 imperator
2953 1581 3097 1636 urbe
3124 1583 3536 1652 ejecisset.nisi
3572 1601 3709 1640 con-

2061 1668 2257 1722 silium
2291 1667 2418 1737 ejus
2444 1667 2687 1738 quidam
2712 1670 3255 1726 intlexissent.Sane
3288 1672 3347 1726 id
3369 1690 3563 1744 neque
3590 1691 3705 1729 no-

2058 1771 2192 1808 vum
2227 1771 2419 1825 neque
2450 1772 2658 1810 recens
2711 1757 3103 1828 excogitatum
3151 1759 3258 1813 fuit
3289 1760 3530 1824 factum,
3564 1777 3701 1816 cum

303 1846 612 1916 ἐπινοηθὲν,
652 1843 800 1900 ἀλλὰ
853 1845 943 1900 καὶ
1001 1844 1206 1901 πολλοὶ
1263 1845 1428 1901 αλλοι
1477 1846 1584 1900 ἀπὸ
1616 1845 1823 1901 λαϊκῶν
1855 1846 1941 1900 ἐπ-

2059 1843 2231 1898 multi
2253 1844 2431 1898 etiam
2458 1844 2558 1898 alii
2580 1844 2653 1899 de
2676 1845 2841 1899 laicis
2864 1845 3119 1918 episcopi
3153 1848 3333 1903 creati
3367 1850 3484 1904 Deo
3502 1865 3708 1905 conve-

299 1935 634 2004 εσκὸπησαν,
674 1933 838 2006 ἀξίως
894 1938 975 2005 τῷ
1031 1940 1148 2006 Θεῷ
1195 1935 1614 2008 ἱερατεόσαντες.
1649 1935 1842 2006 Τούτῳ
1873 1939 1951 2006 τῷ

299 2021 409 2079 ἔτει
470 2023 682 2097 Ἀαρὼν
729 2027 836 2077 τῶν
932 2018 1177 2097 Ἀράϐιον
1229 2023 1482 2101 ἀρχηγὸς
1566 2023 1950 2098 ἐπεστρατευσε

307 2113 449 2168 κατᾶ
503 2113 810 2184 Ῥωμανίας
860 2114 993 2184 μετά
1023 2109 1294 2187 χιλιάδων
1324 2115 1393 2179 τ’,
1424 2113 1514 2167 καὶ
1545 2112 1720 2176 ἐλθὼν
1779 2111 1854 2174 ε”ς
1883 2112 1949 2166 τὰ

305 2204 482 2260 Τύανα
541 2201 897 2276 ᾠκοδόμησεν
966 2204 1118 2257 οἶκον
1173 2211 1275 2271 τῆς
1339 2204 1699 2278 βλασφημίας
1753 2202 1948 2267 αὑτοῦ,

298 2293 390 2348 καὶ
438 2287 718 2364 παρέλαϐε
775 2292 980 2365 κάστρα
1047 2291 1258 2367 ἄπειρα.
1292 2291 1610 2348 Ἀπέστειλε
1669 2288 1726 2345 δὲ
1780 2294 1942 2363 κοῦρ⁹

301 2404 392 2438 σον
445 2386 556 2457 (36)
711 2379 974 2460 χιλιάδας
1019 2379 1122 2444 ἓως
1185 2383 1478 2459 Ἀγκύρας,
1535 2382 1627 2437 καὶ
1686 2381 1945 2457 ἀφανίσας

300 2474 474 2527 πάντα
543 2471 886 2544 ὑπέστρεψεν.
945 2473 1172 2544 Ί-.ξῆΛΘε
1222 2469 1277 2526 δὲ
1327 2471 1418 2525 καὶ
1468 2472 1496 2526 6
1536 2470 1851 2548 Νικηφόρος
1892 2468 1944 2524 ἐν

304 2562 606 2635 ἀπογνώσει
657 2563 725 2615 τά
778 2566 990 2634 γενναῖα
1039 2567 1139 2629 τῆς
1198 2559 1576 2630 ταλαιπωρίας
1636 2557 1941 2616 ἐπιδεικνύ-

310 2671 489 2722 μενος,
519 2651 610 2705 καὶ
651 2648 716 2719 δὴ
751 2649 1085 2723 σκεψάμενος
1141 2651 1344 2722 πέμπει
1399 2650 1536 2724 πρός
1593 2649 1756 2704 αὐτὸν
1791 2648 1945 2722 εἰρή-

304 2761 400 2810 νην
430 2741 682 2814 γενέσθαι,
739 2738 996 2809 δηλώσας
1055 2739 1250 2798 οὕτως·
1308 2745 1470 2792 «Ἳνα
1526 2739 1576 2792 τί
1637 2736 1943 2810 ἐπιχαίριις

303 2835 417 2890 ταῖς
454 2827 686 2890 ἀδικίαις
718 2827 808 2882 καὶ
838 2833 955 2888 ταῖς
986 2825 1458 2904 αἰματεκχυσίαις,
1496 2828 1571 2898 μὴ
1605 2825 1942 2900 ἀρκούμενος

301 2918 374 2982 εἰς
400 2918 466 2972 τά
497 2913 627 2988 ἴδια,
659 2916 807 2971 ἀλλᾶ
827 2910 1181 2991 παραϐαίνεις
1202 2916 1398 2989 ὅρκους
1429 2913 1694 2989 ἀρχαίους
1725 2915 1815 2968 κεί
1845 2933 1943 2967 πα·

294 3007 503 3080 τρῴούς
539 3026 552 3075 ;
587 3012 748 3068 ποῖος
779 3007 884 3080 γὰρ
926 3025 1012 3060 σοι
1045 3006 1335 3082 προφήτης
1388 3009 1534 3067 θεῖος
1563 3007 1734 3058 ταῦτα
1757 3008 1938 3057 ποιεῖν

298 3095 546 3169 εῗρτ,κεν;
580 3096 724 3174 Οοχὶ
759 3095 1098 3173 Μουχούμετ
1140 3094 1168 3148 6
1207 3094 1498 3171 προφήτης
1519 3113 1615 3146 σου
1645 3093 1940 3166 παρήγγει-

2057 1932 2295 1986 nienter
2325 1949 2385 1986 se
2430 1932 2490 1985 in
2527 1948 2594 1986 eo
2627 1949 2872 1987 munere
2936 1935 3332 1991 tractaverint.
3367 1938 3484 1993 Hoc
3541 1954 3699 1993 anno

2056 2026 2250 2078 Aaron
2271 2022 2528 2077 Arabum
2553 2021 2667 2077 dux
2686 2023 2744 2076 in
2767 2025 3090 2079 Romanam
3116 2025 3403 2082 ditionem
3431 2034 3696 2083 trecenta

2057 2112 2246 2166 millia
2275 2111 2462 2177 duxit,
2496 2128 2750 2182 cumque
2773 2114 2968 2183 Tyana
2989 2115 3375 2184 pervenisset,
3410 2115 3590 2171 aedem
3613 2116 3696 2170 ibi

2057 2221 2176 2258 sum
2205 2203 2493 2274 impietati
2525 2205 2740 2275 posuit.
2770 2205 3006 2260 Inﬁnita
3033 2213 3227 2261 castra
3256 2208 3443 2278 cepit;
3477 2209 3698 2263 emisit-

2054 2310 2167 2363 que
2201 2293 2504 2361 sexaginta
2535 2293 2739 2360 millia,
2767 2294 2866 2364 qui
2907 2294 3349 2350 incursionibus
3402 2300 3698 2368 Ancyram

2051 2398 2240 2452 usque
2271 2383 2458 2453 vagati
2507 2387 2664 2445 sunt,
2697 2383 3093 2453 evastatisque
3150 2384 3211 2438 in
3243 2401 3374 2454 qua)
3404 2384 3697 2440 incideret

2052 2470 2350 2528 omnibus.
2383 2470 2626 2524 domum
2659 2469 2854 2524 rediit.
2887 2470 3100 2525 Eduxit
3131 2488 3270 2526 suos
3302 2472 3480 2526 etiam
3526 2472 3696 2528 Nice-

2050 2560 2292 2631 phoms,
2328 2559 2654 2630 desperatis
2671 2560 2798 2629 jam
2823 2558 3000 2614 rebus
3025 2575 3193 2614 suam
3207 2560 3482 2615 virtutem
3497 2567 3699 2616 osten-

2048 2649 2235 2712 dens;
2269 2648 2536 2719 initoque
2568 2648 2841 2706 consilio.
2873 2648 2947 2702 ad
2971 2648 3226 2704 Arabem
3284 2650 3444 2720 pacis
3497 2650 3688 2721 impe-

2049 2737 2275 2792 trandm
2309 2753 2487 2792 causa
2518 2737 2744 2791 litteras
2774 2738 3033 2808 scripsit,
3065 2754 3318 2807 quarum
3355 2739 3695 2809 exemplum

2048 2827 2317 2897 sequitur
2331 2828 2676 2890 :«Quorsum
2693 2827 3055 2897 injustitiaet
3067 2827 3327 2881 caedibus
3341 2828 3561 2900 gaudes
3575 2845 3694 2883 non

2047 2923 2360 2972 contentus
2377 2916 2511 2980 tuis,
2537 2915 2804 2985 ﬁnesque
2823 2921 3048 2970 veteres
3070 2921 3420 2986 etpaternos
3436 2917 3653 2971 transis
3668 2917 3696 2971 ‘2

2045 3005 2329 3070 Quisnam
2361 3004 2592 3058 divinus
2617 3010 2776 3059 vates
2807 3004 2933 3058 haec
2963 3009 3019 3058 te
3069 3004 3219 3061 835
3256 3021 3426 3078 agere
3451 3005 3635 3076 jussit
3665 3005 3692 3060 τ

2047 3097 2250 3148 Nonne
2273 3093 2681 3148 Muchumetus
2701 3098 2838 3148 tuus
2855 3098 3014 3147 vates
3033 3109 3269 3148 omnem
3293 3094 3693 3149 Christianum

301 3187 387 3242 λεν
411 3186 495 3247 ὡς
537 3181 770 3263 ἀδελφὸν
803 3182 950 3258 ἔχειν
1012 3183 1333 3256 Χριστιανὸν
1389 3184 1560 3237 πάντα
1588 3183 1677 3236 καὶ
1709 3179 1888 3255 λέγειν
1920 3199 1934 3249 ;

2055 3188 2108 3236 te
2135 3199 2241 3254 pro
2272 3182 2451 3237 fratre
2503 3181 2720 3236 habere
2751 3187 2928 3252 atque
2986 3198 3304 3254 agnoscere
3343 3182 3518 3253 jubet
3545 3183 3572 3238 ?
3601 3185 3692 3238 An

297 3278 386 3342 Μὴ
421 3275 522 3350 γάρ
548 3274 576 3326 6
607 3273 823 3328 πάντων
859 3273 1009 3332 Θεὸς.
1053 3271 1080 3324 6
1112 3269 1458 3345 Δημιουργὸς
1505 3267 1593 3323 xu“
1619 3269 1933 3340 προνοητὴς

291 3363 633 3441 ἀμφοτέρων,
666 3361 889 3430 α’θμασιν
921 3359 1222 3436 ἀνθρώπων
1285 3356 1484 3420 ἀδίκως
1544 3357 1933 3432 ἐκχυνομένοις

295 3455 474 3530 χαίρεί
501 3473 513 3523 ;
549 3457 634 3519 Μὴ
660 3465 868 3528 γενοίτο
895 3453 905 3508 l
932 3454 1000 3508 Ἤ
1028 3451 1291 3525 ἀργυρίου
1321 3449 1410 3504 καὶ
1443 3449 1674 3524 χρυσίου
1704 3451 1791 3503 καῖ
1824 3453 1930 3503 τῶν

295 3545 502 3600 λοιπῶν
582 3542 968 3615 ὑστερούμενος
1025 3538 1246 3608 ἐξῆλθες
1301 3535 1556 3607 ἀδικῆσαι
1593 3537 1719 3599 τοὺς
1768 3534 1934 3608 μηδὲν

295 3633 650 3703 ἀδικήσαντάς
678 3653 735 3685 σε
769 3650 782 3698 ;
817 3630 1005 3687 Καίτοι
1037 3651 1099 3702 γε
1126 3630 1193 3683 τὰ
1223 3626 1491 3682 κάλλιστα
1521 3627 1608 3682 καὶ
1643 3630 1777 3696 ἡμῖν
1808 3623 1932 3681 δυσ-

296 3724 521 3795 πόριστα
550 3722 640 3776 καὶ
692 3719 953 3790 ἐπέραστα
1009 3724 1326 3790 κατακόρως
1383 3715 1550 3791 ἔχεις.
1610 3715 1670 3770 Εἰ
1703 3713 1759 3770 δὲ
1789 3738 1932 3777 τινος

293 3819 399 3869 τῶν
455 3812 738 3886 ἡμετέρων
798 3807 982 3878 ἐνδεὴς
1040 3810 1112 3877 εἴ,
1172 3805 1362 3861 αὐτίκα
1419 3807 1715 3880 παρέξομεν
1769 3805 1934 3884 φιλο-

293 3902 538 3976 στοργίας
573 3901 784 3974 τρόπῳ.
849 3901 933 3971 [Ρ.
996 3898 1122 3969 478]
1183 3897 1274 3963 Mi)
1321 3897 1499 3949 τοίνυν
1552 3895 1625 3956 ὠς
1685 3896 1935 3949 ἀθάνατοι

291 3993 377 4047 καὶ
446 3990 590 4045 ἄθεοι
642 3988 760 4042 κατ’
807 3985 1072 4056 ἀλλήλων
1136 3986 1580 4057 στρατευώμεθα.
1635 3983 1843 4037 καὶτὸν
1877 3983 1937 4038 ἐκ

294 4080 564 4153 δαιμόνων
610 4079 726 4132 κατ’
787 4075 1080 4147 ἀνθρώπων
1128 4075 1372 4145 πόλεμον
1406 4073 1462 4128 ἐυ
1511 4072 1709 4148 φθόνου
1744 4073 1931 4142 μιμώ-

298 4173 446 4244 μεθα,
471 4169 830 4243 γινώσκοντες
875 4166 959 4220 δτι
1021 4163 1212 4237 μικρὸν
1267 4162 1486 4236 ὕστερον
1534 4159 1932 4230 τελε-στήσομεν

295 4260 380 4315 καὶ
431 4260 568 4331 πρὸς
625 4257 819 4331 κριτὴν
879 4249 1167 4308 ἀδέκαστον
1221 4250 1651 4324 ἀπελευσόμεθα,
1691 4251 1750 4310 ὃς
1787 4249 1932 4304 ἁπο-

294 4349 450 4406 δώσει
507 4349 715 4419 ἑκάστῳ
774 4346 908 4400 κατὰ
963 4345 1030 4398 τά
1091 4340 1218 4420 ἔργα
1275 4341 1462 4408 αὐτοῦ,
1515 4363 1544 4393 ››
1603 4343 1782 4396 Ταῦτα
1836 4344 1934 4396 τοῦ

297 4440 561 4519 βασιλέως
616 4437 938 4516 Νικηφόρου
985 4431 1387 4495 ἐπιστείλαντος
1440 4431 1576 4505 μετά
1623 4428 1813 4505 δώρων
1846 4452 1934 4485 τι-

2051 3271 2317 3327 omnium
2349 3271 2566 3342 opifex.
2593 3272 2766 3338 Deus,
2803 3277 2862 3324 et
2882 3276 3200 3341 utrumque
3232 3287 3434 3326 curam
3456 3287 3692 3344 gerens,

2049 3359 2334 3431 sanguine
2366 3358 2679 3412 hominum
2711 3358 2930 3423 injuste
2980 3357 3109 3413 fuso
3139 3357 3512 3414 delectatur?
3569 3361 3688 3414 Ab-

2048 3448 2160 3504 sitl
2196 3455 2282 3502 An
2317 3448 2449 3502 ideo
2490 3447 2683 3501 exiisti
2715 3447 2912 3514 domo,
2946 3447 3166 3518 injuria
3221 3450 3495 3503 allectum
3527 3466 3627 3505 eos
3658 3466 3694 3505 a

2049 3538 2268 3608 quibus
2303 3538 2476 3591 laesus
2508 3553 2626 3590 non
2665 3553 2766 3602 .es,
2801 3537 2941 3606 quia
2991 3553 3156 3603 auro,
3215 3544 3457 3610 argento
3487 3538 3691 3594 aliisve

2052 3629 2228 3682 rebus
2287 3627 2550 3697 indigeas
2582 3626 2609 3681 Ἰ
2662 3627 2839 3696 Atqui
2880 3627 3312 3697 pretiosissima
3342 3645 3591 3698 quaeque
3636 3635 3696 3684 et

2052 3717 2222 3772 nobis
2253 3717 2446 3788 magni
2477 3717 2769 3770 mstimata
2813 3723 3139 3786 paratuque
3166 3717 3432 3772 difficilia
3462 3718 3698 3774 abunde

2051 3805 2338 3877 possides.
2371 3803 2590 3868 Quodsi
2624 3819 2740 3873 qua
2770 3820 2832 3857 re
2858 3809 3062 3857 nostra
3097 3820 3244 3873 opus
3275 3804 3458 3860 habes
3490 3807 3690 3862 statim

2053 3910 2161 3947 nos
2208 3908 2336 3946 eam
2371 3891 2474 3945 tibi
2505 3895 2776 3944 amanter
2804 3889 3203 3960 prebebimus.
3238 3893 3364 3946 Non
3397 3908 3554 3964 ergo,
3587 3911 3691 3963 pe-

2051 3981 2219 4036 rinde
2247 3997 2314 4035 ac
2345 3981 2392 4034 si
2426 3978 2790 4033 immortales
2817 3995 3085 4033 essemus
3115 3978 3383 4050 nullique
3414 3982 3530 4036 Deo
3563 3983 3696 4037 sub-

2051 4072 2178 4136 diti,
2215 4072 2370 4125 inter
2399 4086 2506 4123 nos
2555 4068 2984 4140 depugnemus,
3027 4069 3316 4126 malorum
3351 4071 3687 4129 daemonum

2049 4159 2208 4213 bella
2236 4159 2515 4213 adversus
2534 4157 2806 4211 homines
2824 4157 3208 4222 imitati,cum
3234 4159 3490 4214 sciamus
3512 4161 3690 4231 paulo

2050 4253 2185 4319 post
2214 4263 2323 4301 nos
2354 4245 2695 4313 morituros,
2719 4249 2778 4299 et
2800 4245 3358 4316 coramjudice,qui
3388 4250 3692 4320 corrumpi

2052 4353 2113 4392 se
2145 4353 2265 4391 non
2296 4336 2537 4407 patitur,
2589 4333 3042 4405 comparituros,
3077 4335 3178 4405 qui
3238 4336 3421 4391 cuivis
3451 4336 3692 4406 dignam

2053 4442 2297 4481 suorum
2327 4425 2617 4480 factorum
2650 4423 2986 4478 mercedem
3003 4423 3230 4480 reddet.
3261 4445 3290 4475 »
3323 4426 3423 4481 His
3453 4426 3690 4496 litteris,

291 4513 417 4599 νῶν,
465 4529 494 4582 6
546 4528 728 4601 ’Ἄραψ
780 4513 1096 4598 ἆγαθυνθεὶς
1155 4521 1242 4574 καὶ
1309 4516 1733 4580 ἀνταποστείλας
1789 4515 1938 4593 δῶρα

2055 4515 2265 4586 quibus
2296 4520 2354 4569 et
2381 4513 2537 4568 dona
2583 4513 2854 4585 quaedam
2907 4519 3076 4569 erant
3130 4514 3383 4586 adjecta,
3415 4515 3684 4588 placatus

292 4619 520 4676 πλεῖστά
576 4636 636 4670 τε
698 4615 787 4669 καὶ
843 4615 1115 4686 Θαυμασια
1175 4611 1290 4682 μετ’
1349 4609 1567 4683 εἰρήνης
1619 4604 1936 4683 ὑπέστρεψε,

291 4715 385 4780 τὴν
423 4709 741 4785 Νικηφόρου
774 4705 982 4760 σύνεσιν
1037 4701 1487 4775 ὑπερθαυμάζων.
1549 4701 1649 4757 Καὶ
1703 4702 1938 4774 στοιχή-

297 4820 386 4860 σας
423 4799 536 4853 κατ’
593 4793 712 4856 ἓτος
764 4792 1038 4854 τελεῖσθαι
1087 4789 1274 4852 αὐτοῖς
1329 4789 1643 4860 νομίσματα
1676 4785 1934 4862 χιλιάδας

297 4889 366 4958 Λ’,
396 4886 486 4940 καὶ
516 4885 616 4939 ἀνά
641 4883 766 4957 τρία
795 4881 1104 4952 νομίσματα
1145 4877 1305 4932 αὐτὸν
1333 4877 1424 4931 τὸν
1469 4874 1696 4947 βασιλέα
1725 4876 1814 4929 καὶ
1842 4876 1932 4930 τὸν

297 4977 411 5032 υἱον
461 4974 650 5040 αὐτού,
701 4971 751 5026 ἐν
782 4971 928 5041 ταξει
957 4964 1369 5046 κεφαλητίωνος
1417 4967 1548 5038 (37),
1580 4964 1670 5020 καὶ
1701 4961 1840 5038 μηδέ
1869 4964 1934 5019 τὰ

296 5061 718 5139 παραληφθέντα
767 5060 854 5115 ὑπ’
909 5057 1072 5112 αὐτοῦ
1121 5055 1327 5124 κάστρα
1387 5057 1694 5120 κτισθῆναι,
1745 5051 1933 5126 ἀπῄει.

295 5153 516 5213 Τούτων
572 5148 628 5205 δὲ
686 5147 1133 5223 ὑποστρεψάντων
1192 5145 1390 5205 εύϐἐως
1423 5143 1451 5196 ὁ
1488 5141 1742 5217 βασιλεὺς
1786 5142 1933 5196 ἑκτι-

293 5265 374 5299 σεν
431 5240 564 5297 αὐτὰ
619 5239 709 5294 καὶ
767 5237 1208 5312 κατωχόρωσεν.
1268 5233 1439 5305 Ὅπερ
1502 5233 1686 5304 μαθὼν
1741 5232 1769 5285 ὁ
1825 5239 1932 5285 Λα-

293 5335 396 5410 ρὼν
431 5328 762 5390 ἀποστείλας
795 5325 958 5381 πάλιν
1009 5326 1126 5379 εἴΛε
1170 5323 1272 5392 τήν
1325 5316 1530 5391 Θήϐαν,
1562 5320 1652 5374 καὶ
1709 5320 1930 5393 πεμψας

291 5408 484 5481 στόλον
517 5419 594 5483 εἷς
647 5419 861 5492 Κύπρον
907 5415 994 5486 τά,
1053 5433 1110 5468 τε
1165 5410 1459 5482 ἐκκηησίας
1491 5409 1814 5483 κατεστρεψε
1841 5408 1932 5462 καὶ

2044 4605 2230 4660 Arabs
2260 4604 2518 4676 plurima
2549 4609 2607 4658 et
2636 4603 2933 4658 mirabilia
2963 4620 3212 4660 munera
3235 4605 3492 4663 vicissim
3522 4609 3690 4665 Nice-

2047 4695 2235 4767 phoro
2266 4693 2447 4760 misit,
2471 4693 2798 4748 admiratus
2831 4693 2958 4762 ejus
2989 4709 3259 4753 acumen.
3285 4701 3505 4767 etpace
3536 4697 3693 4754 facta

2047 4783 2341 4839 discessit.
2376 4785 2618 4837 Pactum
2647 4789 2844 4837 autem
2879 4782 2989 4838 fuit
3018 4789 3082 4837 ut
3113 4786 3357 4840 Romani
3402 4787 3692 4845 Arabibus

2048 4873 2368 4944 quotannis
2385 4872 2621 4943 triginta
2639 4871 2827 4925 millia
2843 4873 3266 4928 nomismatum
3280 4874 3696 4946 peuderent,et

2047 4969 2217 5017 terna
2238 4963 2364 5033 ipse
2386 4962 2710 5032 imperator
2731 4964 2978 5030 ejusque
2999 4961 3156 5016 ﬁlius
3178 4964 3692 5022 nomismata.loco

2046 5069 2258 5107 census
2285 5052 2344 5105 in
2379 5051 2590 5120 capita.
2625 5065 2768 5104 neve
2800 5049 3050 5104 Romani
3082 5056 3273 5106 castra
3294 5052 3366 5106 ab
3399 5053 3690 5110 Arabibus

2044 5149 2216 5213 capta
2248 5141 2578 5194 reficerent.
2612 5139 2920 5192 Enimvero
2953 5138 3238 5194 Arabibus
3269 5140 3546 5211 digressis
3579 5149 3687 5200 sta-

2047 5232 2150 5285 tim
2185 5247 2253 5284 ea
2282 5228 2646 5298 Nicephorus
2679 5226 3028 5280 instauravit
3056 5235 3246 5296 atque
3291 5229 3526 5285 muniit.
3561 5233 3685 5296 Quo

2043 5320 2480 5389 cognitoAaron
2497 5329 2732 5370 rursum
2760 5313 2937 5367 misso
2960 5316 3225 5369 exercitu
3239 5317 3495 5373 Thebam
3508 5321 3666 5392 cepit

2044 5408 2342 5476 missaque
2396 5405 2457 5458 in
2533 5407 2788 5475 Cyprum
2857 5401 3044 5458 classe
3104 5404 3328 5478 templa
3374 5410 3581 5465 evertit
3637 5416 3695 5469 et

1489 5507 1852 5565 XYLANDRI
1889 5507 1977 5562 ΕΤ
2013 5505 2227 5560 GOARI
2267 5503 2490 5557 NOTAE.

511 5621 750 5690 Κοῦρσος
773 5615 1075 5686 piraticum
1102 5611 1317 5690 nauale.
1351 5609 1526 5690 ϐοέῃ.

365 5625 455 5698 (36
511 5622 750 5690 Κοῦρσος
773 5622 1075 5686 piraticum
1102 5622 1317 5667 navale.
1351 5622 1526 5665 UOAR.
1610 5679 1622 5690 _
1854 5677 1866 5690 ο

361 5622 480 5770 (στί
507 5689 789 5748 Videatur
817 5690 1023 5744 auctor
1049 5701 1107 5755 p.
1137 5685 1238 5738 467
1262 5697 1416 5738 anno
1449 5681 1659 5736 Leonis
1683 5680 1870 5736 Isauri
1904 5679 1990 5736 16.
2022 5677 2196 5736 Gen.
