4108 6300
423 354 541 416 919
1763 352 2083 416 GEORGII
2125 353 2471 420 GEDRENI
2742 405 2744 408 μ
3722 357 3866 417 920

427 487 671 559 Cyprios
712 486 956 559 pepulit,
1001 498 1333 560 magnaque
1390 492 1560 559 parta
1607 487 1811 561 praada
1861 505 2102 560 pacem,

2211 492 2311 554 ob;
2342 488 2617 565 Κυπρίους
2664 489 2980 564 μετέστησε,
3011 488 3101 545 καὶ
3147 487 3369 559 πολλὴν
3400 487 3619 546 ἅλωσιν
3674 490 3864 558 ποιή-

434 576 690 633 discidit.

2211 601 2275 642 a:
2302 580 2401 647 την
2432 579 2657 654 εἰρήνην
2703 576 3005 653 ὃιὲστρεψε.
3430 636 3441 643 .

501 668 655 723 830
676 670 846 728 Anno
899 673 1063 724 sexto
1095 668 1318 726 Arabes
1366 686 1502 725 cum
1558 669 1747 725 classe
1804 669 2076 726 Rhodum

2252 672 2350 741 Τῷ
2379 676 2422 733 ς’
2450 665 2556 724 ἔτει
2587 670 2639 723 οἳ
2670 663 2898 744 ’Ἄραϐες
2934 672 3071 742 μετᾶ
3106 667 3305 724 στόλου
3336 668 3436 737 τήν
3468 664 3669 725 Ῥόδον
3713 687 3861 720 κειτ-

430 757 805 829 appulerunt,
841 758 1163 830 multisque
1186 760 1374 832 captis
1392 759 1738 815 hominibus
1760 758 2075 815 castellum

2211 753 2404 828 λαόον,
2455 758 2545 813 καὶ
2601 756 2852 821 πολλοὺς
2912 755 3428 833 αἷχμαλωτίσαντες
3478 757 3547 813 τὸ
3576 756 3861 835 φρούριον

430 863 717 919 occupare
749 848 1168 918 nequiverunt.
1202 850 1266 903 In
1298 849 1495 903 reditu
1525 865 1660 904 cum
1692 850 1853 920 Myra
1880 847 2078 902 venis-

2211 855 2449 923 ιρατῆσαι
2508 848 2607 903 οὐκ
2688 846 2940 924 ἴσχυσαν.
3029 849 3116 905 Ἐν
3191 844 3248 902 δὲ
3298 851 3381 920 τῷ
3436 845 3857 924 ἐπανέρχεσθαι

432 940 584 1003 sent,
617 936 811 990 conati
845 952 1075 993 sacram
1121 936 1241 991 divi
1290 937 1512 992 Nicolai
1571 936 1779 992 cistam
1811 936 2078 992 confrin-

2211 938 2378 1000 εὐτοὺς
2409 936 2656 1003 ἐλθόντες
2702 936 2779 1001 εἰς
2835 938 2903 995 τὰ
2954 937 3136 1008 Μύρα,
3186 938 3286 1007 τήν
3334 937 3484 1011 ἱερὰν
3544 939 3646 991 τοῦ
3680 934 3859 1009 ἁγίου

427 1040 587 1098 gere,
617 1025 797 1081 aliam
828 1042 1011 1097 prope
1043 1026 1220 1081 sitam
1250 1025 1381 1098 ejus
1410 1026 1540 1082 loco
1571 1028 2075 1083 comminuerunt.

2211 1025 2462 1083 ίικολάου
2521 1026 2763 1102 λάρνακα
2844 1025 3190 1101 πειραθέντες
3273 1028 3585 1099 συντρῖψαι,
3656 1022 3863 1094 ἄλλην

431 1114 759 1185 Statimque
799 1114 1053 1170 classem
1099 1131 1315 1186 magna
1359 1121 1670 1171 ventorum
1719 1114 1984 1187 procella
2024 1118 2084 1169 et

2211 1117 2293 1171 εντ’
2350 1116 2563 1187 ἐκείνης
2617 1116 2857 1187 πλησίον
2913 1116 3166 1190 κειμένην
3236 1115 3580 1188 συνέτριψαν·
3642 1113 3862 1169 αὐτίκα.

432 1203 872 1259 maritimorum
921 1203 1211 1259 ﬂuctuum
1262 1203 1518 1275 impetus
1548 1205 1998 1274 tonitruumque
2024 1207 2083 1258 et

2211 1227 2243 1262 ἐ
2289 1203 2478 1276 πολλή
2539 1206 2753 1281 ἀνέμων
2810 1204 3015 1262 θύελλα
3063 1206 3155 1261 καὶ
3208 1204 3507 1261 Θαλαττίων
3571 1204 3856 1277 κυμάτων

434 1291 734 1364 fulgurum
765 1292 1102 1363 promiscua
1133 1299 1455 1363 tempestas
1485 1293 1719 1353 invasit.
1742 1293 2080 1363 multasque

2211 1298 2328 1373 >ορὰ
2362 1298 2602 1373 βροντῶν
2632 1318 2691 1353 τε
2717 1298 2808 1353 καὶ
2840 1296 3130 1372 ἀστραπῶν
3178 1295 3470 1369 ἀνωμαλία
3494 1295 3589 1351 τὸν
3636 1293 3855 1349 στόλον

436 1398 613 1437 naves
641 1382 935 1452 contrivit,
967 1383 1049 1439 ita
1081 1388 1147 1438 ut
1174 1384 1364 1439 sancti
1396 1383 1507 1438 viri
1549 1385 1881 1456 potentiam
1925 1382 2082 1439 mul-

2211 1381 2504 1457 ιατὲλαϐεν,
2570 1386 2645 1450 ὡς
2705 1385 2856 1442 ῗκανᾶ
2912 1381 3264 1459 συντριϐῆναι
3296 1385 3501 1463 σκάφη,
3561 1382 3729 1439 αὐτόν
3790 1404 3859 1438 τε

437 1471 628 1527 titudo
657 1471 1021 1527 intellexerit
1070 1477 1130 1528 et
1157 1477 1375 1545 praeter
1405 1490 1573 1546 spem
1618 1473 1867 1530 exitium
1899 1473 2081 1529 evita-

2211 1478 2278 1532 ιὸν
2336 1474 2470 1533 λαὸν
2527 1475 2824 1555 ἐπιγνῶναι
2879 1479 2980 1547 τήν
3036 1474 3130 1532 τοῦ
3185 1475 3346 1552 ἁγίου
3404 1473 3635 1548 δύναμιν
3678 1519 3696 1543 ,
3746 1474 3848 1529 καὶ

439 1563 611 1618 verit.
2190 1567 2317 1637 παρ’
2343 1562 2540 1621 ἐλπίδα
2577 1567 2679 1636 τὴν
2709 1567 2948 1622 κάκωσιν
2976 1568 3253 1643 ἒκφυγεῖν.

508 1655 734 1709 Anno7
763 1652 1100 1710 Theedorus
1142 1654 1411 1711 Studiani
1478 1656 1712 1730 collegii
1772 1657 2088 1728 prmfectus

2260 1656 2349 1728 Τῷ
2382 1660 2421 1725 ζ¹
2478 1648 2585 1711 ἔτει
2650 1652 2931 1731 Θεόδωρος
2986 1657 3014 1711 ὁ
3072 1655 3382 1731 ἡγούμενος
3433 1660 3542 1710 τῶν
3571 1650 3858 1710 Στουδίου

441 1744 880 1815 ejusquefratrr
906 1744 1200 1815 Iosephus
1227 1746 1657 1802 Thessalonica;
1690 1746 2090 1818 archiepisco-

2211 1744 2279 1801 ιαῖ
2318 1746 2518 1823 Ἰωσήφ
2551 1745 2579 1800 ὁ
2619 1743 2958 1824 αὖτάόελφος
3018 1743 3184 1800 αὐτοῦ
3222 1743 3659 1822 ἀρχιεπίσκοπος
3715 1750 3865 1798 Θεσ-

441 1849 573 1905 pus,
596 1849 729 1888 cum
752 1832 993 1889 Platone
1017 1833 1248 1890 incluso
1272 1841 1331 1890 et
1347 1835 1595 1907 reliquis
1624 1836 1951 1901 monachis,
1970 1852 2034 1891 se
2050 1851 2085 1891 a

2211 1832 2513 1904 ταλονίκης,
2547 1834 2661 1908 ἅμα
2719 1833 2972 1890 Πλάτωνι
3025 1831 3322 1907 ἐγκλείστῳ
3350 1832 3441 1888 καὶ
3472 1837 3593 1894 τοῖς
3619 1833 3862 1893 λοιποῖς

442 1922 796 1978 commercio
820 1921 975 1978 beati
999 1923 1348 1994 patriarchas
1372 1924 1683 1997 Nicephori
1706 1924 2089 1980 absciderunt

2211 1930 2492 1999 ιοναχοῖς,
2518 1930 2621 1994 τῆς
2658 1923 2945 1996 κοινῳνίας
3002 1923 3318 1998 Νίκηφόρου
3374 1926 3472 1977 τοῦ
3524 1921 3863 1998 ἆγιωτάτου

440 2017 684 2083 propter
708 2012 1028 2083 Josephum
1077 2011 1574 2084 dispensatorem,
1618 2014 1777 2084 quod
1804 2015 1854 2068 is
1884 2019 2092 2070 contra

2211 2014 2543 2092 πατριάρχου
2623 2012 2922 2088 άπέσχισαν
2990 2008 3079 2067 διὰ
3138 2013 3339 2090 Ἰωσὴφ
3393 2011 3487 2066 τὸν
3548 2010 3865 2085 οἷκονόμον

442 2101 601 2175 leges
623 2102 1081 2158 Constantinum
1106 2108 1163 2157 et
1192 2103 1554 2159 Theodotam
1587 2111 1953 2160 coronasset.
1984 2105 2094 2158 Im-

442 2196 682 2263 perator
693 2207 762 2247 ea
774 2197 1008 2263 arrepta
1021 2192 1569 2259 occasione,multis
1591 2193 1886 2265 episcopis
1907 2197 1967 2248 et
1982 2192 2095 2263 pri-

445 2281 649 2337 mariis
677 2282 817 2337 viris
847 2282 1205 2351 convocatis,
1232 2282 1429 2337 effecit
1456 2288 1523 2337 ut
1551 2288 1760 2338 contra
1784 2283 1922 2338 illos
1951 2298 2094 2337 con-

448 2371 653 2427 cilium
684 2370 1005 2428 haberetur
1033 2388 1046 2437 ;
1071 2371 1233 2443 quod
1267 2389 1368 2427 eos
1399 2377 1455 2427 et
1478 2373 1837 2428 monasterio
1868 2378 1927 2427 et
1948 2371 2095 2427 urbe

452 2459 821 2531 ejecitatque
837 2460 1135 2532 relegavit.
1160 2460 1380 2516 Eodem
1407 2477 1564 2518 anno
1596 2478 1730 2517 cum
1743 2462 1817 2518 ad
1840 2462 2098 2533 Strymo-

453 2566 592 2606 nem
614 2549 910 2621 stipendia
938 2549 1305 2606 multitudini
1340 2551 1729 2618 solverentur,
1754 2552 1987 2624 Bulgari
2006 2568 2099 2607 su-

452 2639 575 2696 bito
605 2640 900 2696 irruentes
941 2657 1012 2696 ea
1066 2641 1528 2712 interceperunt,
1562 2643 1688 2697 auri
1722 2641 1903 2697 libras
1938 2643 2095 2709 HOO,

452 2728 783 2799 ducemque
814 2744 947 2784 cum
980 2729 1242 2785 exercitu
1268 2729 1633 2799 occiderunt,
1662 2736 1721 2786 et
1743 2736 1910 2803 rapto
1934 2730 2096 2786 tuldo

452 2817 875 2873 discesserunt.
903 2819 981 2872 Eo
1013 2819 1142 2891 ipso
1160 2824 1424 2891 tempore
1450 2824 1696 2875 Crumus
1718 2820 2097 2887 Bulgarorem

452 2908 729 2979 princeps
748 2907 1047 2964 Sardicam
1063 2909 1221 2980 cepit
1240 2915 1298 2964 et
1319 2926 1419 2964 sex
1442 2909 1632 2965 millia
1652 2909 1910 2965 militum
1922 2925 2100 2965 neca-

452 2996 924 3067 vit.Nicephorus
942 3005 1140 3053 autem
1168 2998 1540 3070 expeditione
1558 3005 1766 3055 contra
1785 3016 1921 3055 eum
1944 3000 2099 3055 facta

451 3100 729 3157 magnum
768 3091 829 3141 et
857 3087 1242 3142 memorabile
1296 3087 1446 3142 nihil
1477 3088 1614 3160 egit.
1648 3089 1797 3144 831
1854 3088 2099 3160 Elapsos

451 3175 693 3247 quidem
722 3176 861 3247 fuga
891 3176 1070 3233 duces
1112 3178 1347 3233 veniam
1378 3185 1709 3250 poscentes,
1743 3196 1813 3235 ea
1854 3196 1974 3234 non
2006 3179 2100 3234 di-

452 3280 664 3337 gnans,
696 3265 1062 3338 transfugere
1094 3267 1167 3322 ad
1186 3268 1388 3322 hostes
1417 3270 1626 3341 coegit.
1660 3269 1793 3323 Fuit
1824 3270 1981 3324 inter
1996 3285 2098 3324 eos

451 3354 804 3424 Euthymius
835 3355 1169 3424 spatharius
1204 3355 1607 3411 mechanicus.
1631 3358 1771 3413 Orta
1799 3363 2007 3413 contra
2038 3374 2099 3412 se

455 3441 766 3507 seditione,
790 3442 1106 3512 plerosque
1138 3442 1309 3497 donis
1342 3443 1620 3500 delinitos
1648 3446 1958 3517 postmodo
1989 3463 2101 3517 pu-

456 3531 878 3587 blicationibus
902 3531 1194 3588 bonorum
1216 3533 1511 3589 etexsiliis
1533 3534 1696 3590 ultus
1725 3541 1833 3591 est.
1858 3535 2018 3591 Idem
2039 3540 2106 3590 ut

459 3621 753 3677 exercitus
810 3621 1190 3693 deprimeret,
1244 3622 1402 3695 quod
1432 3641 1553 3679 non
1584 3625 1723 3679 mali
1755 3625 2106 3697 excogitavit

459 3712 739 3769 adversus
768 3712 1131 3769 Christianos
1159 3713 1188 3769 ‘I
1217 3714 1415 3769 Primo
1446 3714 1605 3769 enim
1637 3715 2001 3771 Christianos
2032 3731 2102 3769 ex

459 3803 737 3859 omnibus
765 3801 1108 3876 regionibus
1134 3802 1194 3858 in
1208 3803 1528 3860 Slaviniam
1541 3805 1733 3877 coegit
1749 3804 2103 3877 demigrare,

461 3899 517 3949 et
538 3910 745 3948 eorum
767 3892 1166 3949 habitationes
1191 3893 1550 3961 divendidit;
1575 3911 1706 3966 quas
1727 3910 1823 3950 res
1848 3894 2001 3949 nihil
2030 3892 2103 3948 ab

455 3982 654 4038 hostili
682 3982 1021 4054 captivitate
1055 3982 1267 4053 abfuit,
1299 3983 1576 4039 omnibus
1608 3985 1669 4038 in
1701 4000 1965 4039 summas
1995 4000 2105 4038 an-

456 4073 677 4145 gustias
699 4073 1005 4146 conjectis.
1032 4073 1367 4130 Secundum
1387 4074 1770 4146 maleficium,
1793 4074 2106 4148 imperavit

454 4167 520 4217 ut
546 4162 715 4236 egeni
736 4163 1083 4230 militarent,
1119 4162 1310 4235 iisque
1329 4180 1363 4219 a
1384 4164 1588 4220 vicinis
1613 4181 1779 4220 arma
1799 4171 1857 4221 et
1877 4167 2105 4237 stipen-

456 4251 554 4308 dia
578 4251 638 4307 in
662 4252 930 4324 singulos
955 4253 1021 4306 18
1044 4252 1471 4308 nomismatum
1494 4253 1873 4321 darentur,ac
1890 4270 2105 4310 census

2197 2104 2273 2168 ὡς
2353 2104 2687 2179 παρανόμως
2773 2103 3185 2180 στεφανώσαντα
3271 2105 3668 2156 Κωνσταντῖνον
3762 2101 3867 2155 καὶ

2197 2190 2466 2264 Θεοδότην
2504 2195 2639 2267 (38).
2674 2192 2738 2247 Ὀ
2765 2189 2822 2247 δὲ
2849 2190 3103 2267 βασιλευς
3158 2190 3415 2265 ἀφορμῆς
3482 2187 3868 2265 δραξάμενος,

2198 2281 2527 2344 ἐπισκόπους
2558 2279 2807 2343 πολλοὺς
2848 2280 2939 2336 καὶ
2996 2279 3341 2357 ἡγουμένους
3404 2278 3690 2354 ἀθροίσας,
3728 2280 3868 2331 σῦν-

2200 2369 2324 2427 οδον
2379 2372 2498 2427 κατ’
2546 2371 2717 2427 αὐτοῦ
2772 2376 3110 2444 κροτηθῆναι
3168 2368 3450 2438 ἐκέλευσε,
3506 2364 3576 2423 δι’
3635 2368 3713 2436 ἧς
3777 2366 3869 2438 ἒξ-

2200 2456 2512 2531 εϐλήθησαν
2542 2466 2642 2531 τῆς
2702 2466 2876 2532 μονῆς
2930 2458 3020 2514 καὶ
3075 2465 3175 2529 τῆς
3234 2457 3471 2521 πόλεως,
3526 2456 3727 2532 ἐξορίᾳ
3758 2479 3874 2513 τεα-

2204 2550 2627 2627 ραπεμφθὲντες.
2687 2552 2783 2622 Τῷ
2843 2545 2890 2603 δ’
2947 2547 3096 2620 αὖτῷ
3160 2544 3267 2603 ἔτει
3327 2547 3495 2624 ῥόγας
3556 2543 3877 2619 διδομένης

2201 2644 2279 2712 τῷ
2335 2637 2456 2712 λαῷ
2513 2637 2565 2695 ἐν
2623 2638 2953 2714 Στρυμόνι,
3013 2638 3357 2701 ἐπιπεσόντες
3436 2637 3489 2691 οἱ
3544 2635 3876 2711 Βούλγαροι

2200 2727 2404 2797 ταύτην
2476 2725 2798 2807 ἀφείλοντο,
2856 2725 3087 2801 χρυσίου
3146 2724 3335 2799 λίτρας
3396 2722 3584 2799 χιλίας
3643 2725 3870 2794 ἑκατὸν,

2201 2818 2289 2875 καί
2345 2816 2437 2872 τὸν
2495 2816 2800 2894 στρατηγὸν
2855 2818 2988 2889 ἅμα,
3027 2820 3111 2888 τῷ
3176 2813 3295 2887 λαῷ
3343 2813 3709 2887 κατέσφαξαν,
3774 2816 3869 2869 καὶ

2203 2903 2465 2969 λαϐόντες
2519 2908 2583 2962 τὸ
2637 2903 2871 2963 τοῦλδον
2930 2903 3285 2979 ὑπέστρεψαν.
3342 2908 3428 2977 Τῷ
3485 2903 3635 2977 αὖτῷ
3663 2905 3870 2980 χρόνῳ

2204 3000 2459 3071 Κροῦμος
2491 2996 2521 3051 ὁ
2570 2999 2678 3051 τῶν
2737 2993 3075 3070 Βουλγάρων
3132 2992 3385 3071 ἀρχηγὸς
3442 2995 3539 3061 τὴν
3572 2990 3867 3063 Σαρδικην

2202 3080 2500 3162 παρέλαϐε,
2527 3083 2618 3139 καὶ
2674 3081 2936 3163 χιλιάδας
2995 3084 3039 3147 ς’
3097 3088 3442 3157 στρατιωτῶν
3498 3080 3867 3159 κατέσφαξεν.

2209 3178 2270 3233 Ὁ
2325 3172 2383 3230 δὲ
2435 3174 2752 3253 Νικηφόρος
2812 3171 2968 3243 δῆθεν
3025 3175 3142 3229 κατ’
3200 3172 3368 3228 αὐτοῦ
3431 3171 3667 3242 ὶξελθὼν
3702 3172 3871 3245 ἀξιό-

2212 3266 2376 3342 λογον
2440 3264 2534 3338 μὶν
2594 3259 2746 3319 οὐδὲν
2804 3261 3049 3332 ἐποίησε,
3105 3266 3222 3323 τοῖς
3273 3259 3329 3316 δὲ
3384 3263 3774 3336 περισωθεῖσι-δ
3810 3261 3871 3317 ἐκ

2208 3361 2307 3425 τῆς
2362 3360 2539 3432 φυγῆς
2599 3350 2861 3428 ἄρχουσιν
2932 3352 3143 3407 αἰτοῦσι
3210 3347 3378 3425 λόγον
3440 3350 3717 3425 σωτηρίας
3787 3354 3868 3423 μή

2212 3442 2340 3506 δοὺς
2395 3448 2515 3507 τοῖς
2571 3440 2793 3517 ἐχθροῖς
2850 3446 3181 3518 προσφυγεῖν
3264 3435 3539 3510 ἐϐιάσατο,
3586 3438 3642 3494 ἐν
3679 3440 3768 3501 οἷς
3798 3442 3868 3511 ἧν

2212 3532 2489 3605 Εὐθύμιος
2548 3530 2848 3605 σπάθάριος
2909 3527 3241 3604 μηχανικός,
3285 3530 3367 3600 [Ρ.
3426 3529 3554 3601 479]
3606 3527 3871 3590 Στάσεως

2214 3620 2271 3677 δὶ
2298 3619 2382 3676 ἐπ’
2410 3620 2557 3691 αὐτῷ
2604 3618 2924 3694 γινομένης,
2984 3615 3185 3692 δώροις
3240 3616 3368 3678 τοὺς
3431 3616 3692 3679 πλείονας
3729 3618 3867 3672 ὑπ)-

2211 3710 2418 3785 κλέψας
2473 3708 2692 3785 ὕστερον
2776 3708 3015 3762 ἐκάκωσε
3092 3704 3390 3779 δημεύσεσι
3464 3706 3553 3761 καὶ
3624 3704 3869 3779 ὲξορίαις

2211 3794 2637 3855 καθυποϐαλὼν.
2698 3798 3046 3872 Σκεψάμενος
3101 3792 3157 3851 δὲ
3222 3800 3550 3852 ταπεινῶσαι
3578 3796 3649 3851 τὰ
3702 3816 3869 3872 στρι-

2210 3891 2473 3965 τεῦματα,
2532 3895 2689 3947 ποῖον
2750 3886 2920 3944 δεινὸν
2970 3888 3107 3943 κατά
3161 3889 3531 3960 Χριστιανοῶν
3580 3886 3686 3943 οὒκ
3738 3887 3870 3943 ἐπε-

2211 3980 2376 4051 νόησε
2420 3981 2581 4053 (39);
2676 3977 2975 4054 Προσέταξε
3029 3978 3132 4053 γάρ
3197 3976 3326 4040 τοὺς
3383 3978 3746 4052 Χριστιανοὺς
3810 3975 3868 4033 ἐκ

2212 4070 2413 4133 παντὸς
2452 4069 2683 4143 θὲματος
2740 4065 2829 4122 ἒπὶ
2893 4067 2990 4130 τὰς
3043 4060 3371 4129 Σθλαϐινίας
3433 4067 3863 4138 μετοικίζεσθαι,

2213 4160 2307 4223 τὰς
2338 4156 2396 4215 δὲ
2422 4158 2630 4215 τούτων
2681 4158 2894 4220 στάσεις
2946 4155 3367 4232 πιπράσκεσθαι·
3424 4154 3514 4211 καὶ
3572 4156 3642 4226 ἦν
3683 4155 3867 4233 αἰχμ-

2214 4248 2454 4314 αλωσίας
2482 4249 2586 4303 οὐκ
2613 4242 2840 4304 ἔλαττον
2867 4246 2931 4301 τὸ
2985 4249 3233 4323 πρᾶγμα·
3267 4245 3353 4302 Ἐν
3412 4243 3710 4324 ἀμηχανία
3734 4246 3865 4311 τοὺς

1647 4350 2007 4407 XYLANDRI
2046 4353 2132 4406 ET
2169 4350 2386 4406 GOARI
2424 4349 2647 4405 NOTAE.

534 4451 646 4523 (38)
678 4452 825 4506 Ante
853 4450 980 4505 haec
1002 4448 1180 4523 verba
1208 4448 1367 4504 haud
1398 4449 1574 4505 dubie
1606 4450 1834 4521 aliquid
1864 4451 2100 4506 excidit.
2136 4454 2180 4518 Ι)
2212 4451 2533 4507 Conraratae
2563 4447 2858 4523 monachus
2888 4453 2942 4523 e_t
2969 4446 3177 4523 _abbas._
3215 4444 3768 4523 qui._iussu_Taras‘ii
3812 4445 3864 4523 vi

462 4521 606 4578 Nam
628 4521 823 4593 neque
843 4521 1134 4592 Josephus
1150 4538 1491 4577 wconomus
1517 4538 1711 4593 neque
1739 4523 2103 4593 Nicephorus

465 4595 801 4664 patriarcha
829 4594 932 4648 sed
944 4596 1024 4647 hu
1023 4612 1042 4663 λ
1053 4609 1121 4647 us
1133 4594 1755 4664 antecessorTarasius
1770 4595 2107 4664 patriarcha

465 4663 823 4720 Theodotam
849 4682 883 4719 a
906 4664 1292 4719 Constantino
1316 4663 1849 4721 renudiataMarina
1867 4666 2104 4721 ductam

467 4737 789 4790 coronavit.
824 4735 938 4789 Sed
983 4736 1110 4805 jam
1162 4742 1287 4789 tum
1343 4735 1649 4791 Platonem
1694 4739 2113 4792 communione

464 4807 684 4862 Tarasii
708 4806 1007 4878 abstinere
1038 4806 1284 4878 cmpisse
1308 4806 1532 4878 scribit,
1566 4825 1920 4878 rursumque
1942 4809 2111 4863 Nice-

464 4878 636 4951 phori
669 4876 1149 4951 subrogationem
1173 4876 1796 4951 deinde-improbasse,
1827 4876 2109 4934 nimirum

462 4946 788 5006 ambitione
820 4946 1142 5019 impulsum
1170 4964 1183 5013 ;
1216 4946 1375 5018 quod
1395 4946 1647 5005 Zonaras
1679 4966 1798 5004 non
1831 4951 2108 5006 dissimu-

460 5023 563 5079 lat.
606 5025 754 5095 Ergo
786 5022 1127 5095 imperator,
1163 5020 1262 5090 qui
1311 5026 1448 5095 ante
1503 5021 1576 5075 ob
1634 5021 1945 5095 dissidium
1973 5039 2107 5077 cum

460 5092 709 5150 Tarasio
756 5095 913 5148 hunc
973 5094 1277 5146 Platonem
1327 5092 1506 5146 sciret
1552 5109 1586 5147 a
1614 5094 1998 5148 Constantino
2043 5095 2106 5148 in

459 5183 758 5222 carcerem
791 5163 973 5235 (quod
1012 5165 1311 5218 annotavit
1359 5163 1539 5234 idem)
1590 5166 1946 5234 conjectum,
1980 5172 2103 5220 tum

460 5255 694 5309 quoque
718 5237 790 5292 de
823 5234 890 5292 eo
923 5252 1058 5309 cum
1090 5236 1264 5309 sociis
1294 5234 1534 5290 tandem
1567 5236 1861 5304 ejiciendo
1892 5253 1999 5308 per
2017 5254 2108 5309 oc-

459 5307 761 5365 casionem
780 5309 926 5389 egit._
944 5307 1235 5389 Iosephus
1266 5313 1465 5389 autem
1484 5322 1850 5389 teconomus
1864 5307 2013 5389 quid
2032 5308 2107 5364 ad

459 5395 746 5452 eamgrem
778 5378 1147 5452 conduxerit,
1170 5396 1290 5434 non
1319 5378 1520 5449 liquet.
1554 5379 1688 5435 XvL.
1713 5411 1780 5420 ——
1811 5381 2054 5452 Proprie
2088 5396 2100 5435 :

459 5450 609 5518 quod
638 5454 700 5506 is.
726 5453 1049 5506 adversante
1069 5450 1249 5518 legum
1267 5466 1552 5504 sacrarum
1571 5452 1723 5519 jure.
1760 5450 2107 5521 nuptiali/ius

459 5523 674 5594 coronis
703 5521 979 5594 impositis
1008 5522 1426 5594 Constantinum
1456 5528 1507 5575 et
1541 5522 1877 5594 Theodotum
1909 5526 2104 5594 conju-

458 5589 553 5671 gio
586 5592 901 5671 capulasset.
927 5594 1050 5671 [δοκι
1082 5592 1143 5671 is
1164 5593 1289 5671 ipse
1321 5609 1456 5671 vero
1475 5593 1851 5671 :Vicephorus
1882 5589 2106 5666 nuptiis

420 5660 734 5734 .interfuit
778 5667 881 5716 aut
934 5660 1258 5729 benedixit,
1309 5663 1412 5734 sed
1468 5660 1759 5734 Iosephus
1798 5660 2107 5723 aroundmus

460 5731 534 5788 ab
592 5738 832 5789 auctore
912 5736 1152 5786 vocatus
1184 5774 1200 5803 ,
1257 5748 1294 5787 a
1346 5731 1706 5804 Theophane
1780 5739 2107 5793 monasterii

2213 4538 2247 4577 a
2274 4519 2661 4577 Constantino
2692 4519 2983 4591 compulsi
3013 4516 3304 4591 nuptialis
3328 4516 3769 4573 benedictionis
3796 4519 3864 4591 rig

2214 4598 2340 4648 tum
2372 4597 2462 4648 est
2491 4588 3039 4655 exsecutuszuem
3073 4589 3215 4659 quia
3244 4588 3608 4661 Nicephorus
3638 4590 3861 4644 Tarasii

2220 4681 2528 4720 successor
2566 4670 2624 4717 et
2680 4663 2875 4717 fautor
2930 4667 3263 4732 protegeret
3317 4660 3401 4715 ac
3443 4660 3860 4715 ecclesiastica:

2219 4734 2657 4791 communionis
2714 4733 2939 4788 socium
2993 4732 3233 4799 faceret,
3287 4732 3452 4786 Plato
3504 4737 3563 4785 et
3614 4733 3860 4787 Studitaa

2217 4807 2516 4875 monachi,
2550 4805 2820 4860 nefandas
2850 4804 3012 4858 illius
3043 4803 3271 4875 copulae
3294 4801 3562 4875 perpetui
3585 4803 3860 4859 adversa-

2216 4879 2309 4943 rii,
2342 4873 2510 4932 velut
2539 4876 2921 4931 ecclesiastici
2946 4875 3103 4945 juris
3123 4873 3481 4929 ’violatnrem
3538 4873 3854 4940 habebant,

2216 4966 2324 5004 nec
2347 4949 2535 5003 ullum
2548 4948 2835 5019 deinceps
2866 4945 3219 5019 sacramenti
3247 4945 3609 5001 consortium
3631 4963 3768 5002 cum
3790 4962 3854 5001 eo

2214 5021 2305 5075 vel
2336 5037 2469 5075 cum
2498 5016 2827 5091 Nicephoro
2873 5018 3130 5091 retinere
3188 5016 3598 5091 decreverunt.
3632 5019 3735 5091 His
3761 5024 3856 5072 at-

2215 5092 2394 5146 tentis
2420 5088 2948 5160 cuncta'Xylandri
2995 5089 3308 5143 diluuntur
3361 5088 3559 5143 dubia.
3597 5089 3856 5160 quidque

2214 5164 2275 5218 in
2308 5179 2377 5216 eo
2407 5162 2681 5234 coniugio
2711 5160 3001 5234 Iosephus
3019 5160 3373 5234 praestiterit
3416 5160 3857 5234 liqu_et.gModus

2214 5251 2390 5316 porro
2422 5231 2703 5316 loquendi
2738 5234 2809 5316 de
2840 5231 3063 5316 nuptiis
3121 5231 3229 5287 sub
3286 5231 3688 5289 coronationis
3718 5248 3855 5287 voce

2216 5305 2431 5362 iterum
2459 5305 2881 5371 observandus.
2914 5305 3087 5360 Goan'

2287 5380 2395 5448 (39)
2427 5377 2609 5432 Paulo
2640 5383 2793 5448 post.
2834 5394 2969 5432 cum
3003 5373 3305 5448 Cedrenus
3350 5373 3556 5429 decem
3600 5374 3853 5448 invectas

2216 5445 2464 5520 imperio
2492 5445 2859 5504 calamitates
2898 5465 2932 5503 a
2965 5447 3290 5520 Nicephoro
3325 5453 3635 5520 memorat,
3678 5445 3853 5500 libra-

2214 5517 2338 5575 rius
2370 5521 2677 5576 annotavit
2707 5520 2814 5576 sub
2836 5537 2904 5575 eo
2937 5534 3174 5589 quoque
3207 5517 3409 5589 decem
3434 5518 3635 5589 plagas
3656 5520 3852 5589 Roma-

2215 5609 2365 5647 noru
2377 5609 2439 5664 m7
2464 5591 2713 5664 imperio
2744 5587 3064 5664 immissas,
3081 5587 3446 5664 j‘espicicns
3469 5587 3750 5664 nimirum
3777 5587 3849 5664 ad

2213 5657 2569 5738 {Egyptiasz-
2591 5661 2859 5738 "Qpa_xgl
2918 5657 3399 5738 bnbﬂNmﬁpdpou
3456 5662 3525 5734 τῇ
3584 5657 3850 5734 Ῥωμανίᾳ

2218 5730 2597 5807 ἐπξνέχθεῖσαν
2637 5730 3004 5809 δεκάπληγον.
3035 5733 3180 5789 Χη.
