4108 6300
398 359 514 421 921
1551 360 2087 426 HISTORIARUM
2135 360 2673 426 COMPENDIUM
3692 364 3811 426 922

396 493 604 555 πάντας
657 492 972 568 γεγονότας,
1059 489 1309 570 δευτέραν
1381 495 1474 549 σὺν
1551 494 1721 571 ταύτῃ

405 580 699 658 προσέταξε
783 579 1160 657 στρατεύεσθαι
1244 584 1529 658 πτωχοὺς,
1608 584 1698 639 καὶ
1776 582 2060 655 ἐξοπλίζε-

404 683 528 736 σθαι
595 669 792 733 αὐτοὺς
856 671 1002 745 παρᾶ
1066 677 1173 728 τῶν
1268 672 1607 749 ὁμοχώρων,
1700 674 2061 748 παρεχόντων

404 761 506 815 ἀνα
536 761 608 831 ιη’
635 759 950 834 νομίσματα
987 760 1078 815 καὶ
1134 761 1272 837 πρὸς
1323 762 1416 817 τὸν
1477 758 1743 835 δημόσιον
1781 759 2060 835 ἂλληλεγ·

402 848 552 919 γύως
580 849 649 904 τὰ
680 846 923 926 δημόσια
964 850 1164 907 αὐτῶν.
1226 850 1390 927 Τρίτη
1451 852 1712 908 κακόνοια
1767 848 2058 907 ἐποπτεύε-

405 951 528 1004 σθαι
559 938 786 1007 πάντας,
833 940 922 996 καὶ
982 934 1396 1011 ἆναϐιὸάζεσθαι
1433 940 1503 997 τὰ
1556 941 1763 996 τούτων
1821 937 2061 1014 δημόσια

403 1028 567 1100 τέλη,
623 1030 969 1105 παρέχοντας
1017 1030 1111 1085 καὶ
1168 1034 1528 1106 χαρτιατικοῢ
1587 1032 1699 1105 (40)
1750 1028 1906 1085 ἓνεκα
1960 1027 2063 1084 ἀνὰ

402 1120 632 1194 κεράτια
679 1117 798 1177 δύο.
867 1120 1113 1196 Τετάρτη
1202 1116 1422 1195 πληγὴ,
1509 1120 1637 1183 τοὺς
1720 1117 2061 1200 κουφισμοὺς

403 1210 607 1272 πάντας
649 1205 1072 1280 ἀναϐιϐάζεσθαι
1126 1211 1444 1288 προσέταξε.
1502 1211 1733 1285 Πέμπτη
1784 1210 2058 1290 συμφορὰ,

399 1299 531 1363 τοὺς
559 1303 667 1355 τῶν
696 1298 902 1376 εὖαγῶν
952 1295 1120 1355 οἷ’κων
1181 1299 1501 1375 παροίκους,
1559 1304 1657 1356 τοῦ
1712 1321 1771 1356 τε
1829 1299 2061 1376 ὀρφανο-

400 1389 689 1468 τροφείου,
718 1389 981 1461 ξενώνων,
1035 1389 1457 1467 γηρωκομείων,
1509 1387 1841 1462 ἐκκλησιῶν,
1892 1408 2060 1463 μονα-

402 1476 666 1555 στηρίων,
729 1477 1054 1553 βασιλικῶν,
1113 1480 1180 1534 τὰ
1239 1479 1482 1536 καπνικᾶ
1537 1481 1650 1555 (41)
1719 1479 2058 1534 ἀπαιτεῖσθαι

401 1567 512 1623 ἀπὸ
542 1572 639 1625 τοῦ
665 1569 888 1642 πρώτου
917 1562 1073 1634 ἔτους
1108 1572 1211 1635 τῆς
1262 1568 1430 1626 αὐτοῦ
1490 1566 1833 1645 copam-380:,
1882 1567 1949 1624 τὰ
2004 1564 2061 1622 δὲ

401 1654 686 1731 κρείττονα
713 1660 825 1712 τῶν
866 1659 1160 1729 κτημάτων
1216 1657 1292 1720 εἰς
1350 1659 1449 1727 τήν
1509 1656 1801 1733 βασιλικὴν
1858 1677 2059 1732 κουρα-

400 1743 632 1821 τωρείαν
665 1746 779 1820 (42)
813 1743 1084 1819 αἶ’ρεσθαι,
1112 1745 1180 1801 τὰ
1242 1743 1424 1819 μέντοι
1472 1744 1607 1816 τέλη
1659 1747 1838 1802 αὐτῶν
1887 1743 2058 1801 ἐπιτί-

1813 493 2050 551 κάκωσιν
2083 495 2135 563 Α
2162 499 2451 567 prteterea
2480 496 2753 569 publicus
2784 514 2990 554 eorum
3020 496 3264 554 nomine
3314 496 3696 569 penderetur.
3750 497 3814 552 Id

2166 584 2579 658 Allelengyum
2608 587 2946 658 vocabatur,
2975 587 3134 659 quod
3164 587 3332 643 alteri
3358 604 3463 659 pro
3486 586 3690 642 alteris
3721 587 3823 641 tri-

2166 673 2293 730 buti
2314 675 2558 730 nomine
2576 693 2894 747 sponsores
2916 681 3132 733 essent.
3156 677 3347 733 Tertio
3372 675 3532 731 omni
3547 692 3641 731 um
3656 675 3818 731 bona

2166 762 2382 836 inspici
2421 764 2678 836 indeque
2709 783 2955 823 censum
2986 767 3048 822 in
3078 766 3382 839 publicum
3414 765 3566 839 exigi
3609 766 3812 838 jussit,

2168 854 2413 909 nomine
2451 853 2783 911 chartiatici
2830 862 3119 928 praeterea
3167 856 3386 911 exactis
3436 855 3497 910 in
3547 855 3816 928 singulos

2169 942 2400 999 duobus
2421 943 2903 1009 ceratiis.Quarto
2927 962 3136 1001 omnes
3157 961 3404 1000 onerum
3419 944 3814 1001 relexationes

2168 1032 2426 1089 sustulit.
2450 1033 2666 1098 Quinta
2695 1034 3022 1101 calamitas,
3051 1034 3209 1106 quod
3239 1034 3311 1090 ab
3333 1034 3609 1089 omnibus
3631 1034 3814 1089 sacris

2168 1121 2416 1189 uadibus,
2478 1123 2773 1194 paraeciis,
2829 1123 3074 1196 pupillis
3133 1123 3455 1179 educandis
3521 1122 3817 1177 destinata

2168 1211 2365 1282 domo,
2390 1212 2805 1284 hospitalibus,
2838 1212 2914 1268 ad
2943 1229 3116 1268 senes
3146 1211 3428 1268 fovendos
3458 1211 3628 1267 factis
3677 1211 3819 1266 mdi-

2169 1299 2305 1365 bus,
2334 1300 2657 1357 fumarium
2688 1301 2975 1358 tributum
3007 1304 3199 1374 exegit
3229 1300 3368 1356 inde
3398 1300 3471 1357 ab
3527 1300 3696 1356 initio
3728 1299 3817 1355 sui

2169 1390 2426 1462 imperii.
2461 1391 2704 1447 Meliora
2736 1391 2807 1447 de
2839 1409 3043 1447 eorum
3078 1391 3251 1448 bonis
3283 1392 3344 1447 in
3381 1393 3589 1447 [iscum
3640 1408 3815 1446 suum

2168 1480 2773 1554 transferrijubebat:
2798 1482 3190 1538 nihilominus
3211 1488 3411 1538 tamen
3432 1482 3721 1537 tributum
3744 1480 3814 1537 de

2169 1568 2262 1624 his
2294 1570 2675 1641 pendendum
2707 1571 2779 1626 iis
2810 1572 3226 1644 imponebatur
3247 1589 3377 1645 quae
3398 1572 3722 1643 reliquerat
3752 1570 3814 1625 in

2168 1660 2242 1715 iis
2271 1661 2415 1733 ipsis
2445 1663 2629 1719 sacris
2660 1663 2953 1727 domibus,
2989 1671 3055 1719 ut
3084 1664 3286 1720 multis
3309 1664 3595 1719 tributum
3618 1662 3815 1735 dupli-

2170 1757 2424 1821 caretur,
2457 1753 2696 1809 interim
2723 1753 3194 1810 habitationibus
3225 1754 3309 1809 ita
3360 1753 3699 1811 exinanitis.
3749 1756 3817 1807 ut

407 1834 590 1889 θεσθαι
638 1838 756 1896 τοῖς
815 1832 1229 1908 ἐναπομείνασιν
1287 1834 1365 1897 εἰς
1419 1835 1547 1898 τοὺς
1601 1833 1799 1897 αὐτοὺς
1851 1834 2058 1909 εὐαγεῖς

2173 1839 2308 1896 inde
2324 1843 2612 1915 emigrare
2634 1843 2787 1900 838
2805 1843 3423 1916 cogerentur.Sextum
3439 1841 3814 1914 tyrannicum

404 1920 613 1993 οἷ’κους,
646 1922 720 1985 ὡς
751 1921 1078 1980 διπλοῦσθαι
1123 1923 1355 1981 πολλῶν
1408 1925 1475 1980 τὰ
1526 1924 1685 1996 τέλη,
1741 1930 1850 1980 τῶν
1902 1923 2055 1994 οἷκήο

406 2033 543 2067 σεων
598 2011 993 2087 στενουμένων,
1053 2013 1146 2069 καὶ
1198 2019 1307 2070 τῶν
1380 2016 1609 2094 χωρίων
1666 2016 1758 2071 καὶ
1809 2013 2053 2087 ἐξοικεῖν.

402 2102 573 2174 Ἔκτη
620 2103 895 2178 τυραννὶς,
953 2106 1273 2159 σκοπεῖσθαι
1328 2104 1473 2177 παρὰ
1527 2108 1635 2160 τῶν
1692 2103 2055 2179 στρατηγούν-

400 2214 513 2249 των
541 2194 689 2256 -τοὺς
743 2194 956 2270 ἀθρόως
1013 2193 1072 2251 ἐκ
1127 2201 1230 2264 τῆς
1288 2193 1571 2274 πτωχείας
1629 2196 2057 2266 ἆνακτισθέντας,

400 2283 496 2339 καὶ
556 2285 896 2340 ἀπαιτεῖσθαι
957 2286 1223 2360 χρήματα
1288 2285 1363 2348 ὡς
1453 2285 1669 2361 εὗρετᾶς
1749 2285 2056 2359 θησαυρῶν.

401 2368 648 2447 Ἑϐδόμη
694 2372 956 2444 κάκωσις,
1012 2378 1140 2438 τοὺς
1195 2374 1302 2449 πρὸ
1360 2374 1408 2430 κ’
1479 2392 1698 2450 χρονων
1758 2372 2059 2449 εὑρηκότας

398 2464 492 2521 καὶ
550 2464 718 2540 μέχρι
774 2471 873 2535 τῆς
930 2462 1086 2539 δεῦρο
1154 2464 1311 2521 πίθον
1374 2461 1411 2534 ἤ
1471 2469 1662 2528 σκεῦος
1730 2465 1910 2519 ὁτιοῦν
1969 2462 2059 2518 καὶ

403 2552 598 2617 αὐτοὺς
683 2552 1139 2630 ἐξαργυρίζεσθαι.
1228 2551 1428 2629 Ὀγδὸη
1514 2551 1720 2626 ἀδικία,
1802 2553 1932 2615 τοὺς
1997 2553 2062 2606 ἐκ

407 2642 642 2700 πάππων
694 2643 730 2713 ἢ
790 2644 1139 2717 προπάππων
1192 2641 1720 2720 κληρονομήσαντας
1771 2639 2059 2716 διαιρεθὲν⁴

408 2753 509 2795 τας
541 2732 600 2789 ἐκ
635 2738 744 2788 τῶν
797 2731 974 2788 αὐτῶν
1025 2740 1072 2788 κ’
1131 2734 1347 2808 χρόνων
1402 2728 1771 2804 ἐξαναόιδόναι
1822 2736 1903 2805 τῷ
1961 2728 2062 2802 δη-

416 2821 615 2897 μοσίῳ,
676 2823 768 2878 καὶ
828 2822 963 2887 τοὺς
1055 2820 1409 2897 ὠνησαμένου
1501 2815 1603 2891 ἔξω
1667 2828 1768 2892 τῆς
1820 2816 2060 2879 ’Δϐύδου

412 2913 640 2986 σώματα
688 2913 926 2969 οἰκετικὰ
976 2912 1074 2969 ἀνὰ
1120 2910 1216 2969 δύο
1262 2913 1574 2987 νομίσματα
1617 2909 1834 2967 τελέσαι
1891 2930 2059 2987 προσ-

412 3001 583 3073 έταξε,
637 3001 877 3076 μάλιστα
929 3000 1058 3063 τοὺς
1120 3002 1258 3059 κατᾶ
1320 3003 1422 3073 τήν
1479 2997 1863 3071 Δωδεκάνησον
1923 3002 2057 3074 (43).

411 3093 638 3162 Ἐννάτη
696 3092 986 3165 παράνοια,
1055 3089 1184 3154 τοὺς
1270 3089 1365 3153 τὰς
1449 3088 1921 3166 παραθαλασσίους
1976 3089 2061 3143 οἱ-

406 3185 658 3252 κοῦντας,
704 3177 945 3253 μάλιστα
1006 3186 1109 3249 τῆς
1163 3184 1360 3254 μικρᾶς
1426 3179 1638 3250 Ἀσίας,
1695 3176 2057 3253 ναυκλήρους,

414 3268 691 3346 μηδέποτε
768 3275 1083 3346 γηπονικῶς
1171 3272 1465 3340 ζήσαντας,
1534 3270 1762 3330 ἄκοντας
1818 3269 2065 3323 ὠνεῖσθαι
2096 3246 2139 3313 C

411 3359 477 3415 ἐκ
522 3364 631 3415 τῶν
684 3360 1140 3434 καθαρπαγέντων
1200 3361 1330 3434 παρ’
1387 3358 1554 3414 αὐτοῦ
1612 3358 1930 3432 κτημάτων,
1989 3357 2062 3419 ὡς

410 3449 474 3503 όὶν
516 3447 855 3520 ἐκτιμηθῶσι
913 3448 1042 3523 παρ’
1097 3448 1295 3505 αὐτῶν.
1357 3449 1561 3517 Δεκάτη
1602 3447 1775 3518 ἆθεῗα,
1827 3445 1954 3511 τοὺς
2006 3445 2058 3501 ἐν

414 3535 992 3597 Κωνσταντινουπόλει
1052 3537 1359 3610 ἐπισήμους
1423 3534 1772 3611 ναυκλήρους
1829 3557 2061 3612 συναγα-

408 3628 528 3703 γὼν
586 3624 818 3683 δέδωκεν
877 3624 967 3681 ἐπὶ
1024 3625 1174 3699 τόκῳ
1239 3626 1632 3701 σετρακεράτου
1697 3626 1760 3681 τὸ
1816 3626 2062 3700 νόμισμα

411 3718 511 3774 ἀνὰ
565 3717 796 3793 χρυσίου
854 3714 1047 3789 λίτρας
1127 3713 1360 3787 δώδεκα,
1447 3715 1740 3781 τελοῦντας
1824 3716 1915 3772 καὶ
1996 3716 2064 3771 τὰ

410 3811 621 3880 συνήθη
652 3803 966 3882 κομμέρκια
1196 3808 1378 3864 Ταῦτα
1424 3805 1484 3862 ἐκ
1526 3810 1635 3863 τῶν
1696 3803 1927 3862 πολλῶν
1987 3805 2061 3868 ὡς

2168 1930 2696 2004 institutum,quod
2717 1948 2751 1987 a
2766 1932 3344 2005 prietoribusinspici
3360 1949 3454 1988 res
3477 1931 3816 2003 eorumjus-

2169 2019 2245 2074 sit
2274 2019 2376 2090 qui
2407 2036 2479 2075 ex
2510 2021 2792 2093 pauperie
2820 2022 3016 2077 subito
3045 2022 3119 2077 ad
3142 2038 3283 2094 opes
3302 2019 3810 2093 pervenissent,ab

2166 2108 2379 2181 iisque,
2413 2109 2592 2166 veluti
2624 2111 2724 2183 qui
2754 2112 3066 2169 thesauros
3088 2111 3471 2179 invenissent,
3495 2109 3810 2182 pecuniam

2165 2199 2478 2270 postulari.
2536 2200 2887 2272 Septimum,
2945 2201 3105 2273 quod
3161 2202 3428 2256 emunxit
3475 2201 3653 2256 etiam
3703 2199 3811 2254 hos

2168 2287 2424 2359 pecunia
2447 2288 2546 2358 qui
2570 2288 2825 2361 aviginti
2846 2295 3000 2344 retro
3023 2290 3195 2346 annis
3225 2289 3300 2345 ad
3330 2305 3591 2361 praesens
3622 2304 3811 2359 usque

2168 2380 2403 2447 tempus
2435 2377 2661 2432 dolium
2692 2384 2794 2433 aut
2822 2395 2921 2435 vas
2947 2377 3192 2449 aliquod
3222 2376 3543 2449 aliquando
3564 2375 3817 2448 reperis-

2170 2469 2321 2521 sent.
2350 2467 2652 2529 Octavum,
2675 2466 2778 2537 qui
2801 2466 2874 2523 ab
2900 2465 3022 2522 avis
3044 2467 3129 2522 vel
3153 2466 3386 2538 proavis
3408 2464 3816 2521 haereditatem

2167 2554 2593 2626 percepissent,
2627 2555 2737 2611 etsi
2769 2572 2840 2612 ea
2884 2555 3070 2611 divisa
3106 2556 3237 2629 jam
3286 2555 3428 2613 inde
3457 2573 3492 2612 a
3520 2559 3589 2611 2O
3641 2557 3815 2611 annis

2168 2648 2347 2713 esset,
2378 2661 2477 2700 eos
2505 2645 2854 2716 pensionem
2886 2645 2947 2701 in
2974 2645 3278 2718 publicum
3301 2646 3571 2702 conferre
3602 2646 3810 2718 coegit.

2169 2731 2357 2802 thue
2384 2732 2423 2786 ii
2455 2734 2557 2803 qui
2589 2739 2758 2790 extra
2782 2734 3056 2805 Abydum
3090 2735 3384 2806 mancipia
3414 2734 3709 2797 emebant,
3742 2734 3814 2789 de

2167 2820 2417 2893 singulis
2448 2821 2563 2877 duo
2593 2824 2955 2879 nomismata
2984 2824 3299 2887 solverent,
3333 2825 3589 2880 maxime
3621 2823 3813 2878 Dode-

2168 2926 2447 2967 canesum
2483 2911 2589 2983 (ita
2617 2911 2931 2967 duodecim
2961 2912 3297 2969 insularum
3327 2913 3533 2968 civitas
3554 2911 3820 2984 vocatur)

2168 3001 2515 3057 incolentes.
2539 3003 2792 3072 Nonum,
2810 3002 3124 3059 naucleros
3145 3003 3463 3073 maritima,
3482 3003 3817 3076 praesertim

2167 3089 2417 3146 minoris
2441 3090 2618 3160 Asiae,
2650 3091 3077 3160 inhabitantes,
3096 3097 3156 3148 et
3175 3109 3481 3165 nunquam
3504 3092 3818 3166 agricultu-

2168 3197 2298 3236 ram
2320 3180 2838 3252 expertos,invitos
2860 3183 3053 3255 coegit
3076 3199 3272 3239 emere
3299 3183 3664 3255 prazdiaquze
3683 3183 3819 3238 aliis

2172 3270 2298 3342 ipse
2321 3270 2905 3344 eripuerat,indeque
2926 3272 3210 3328 tributum
3230 3272 3477 3329 solvere.
3491 3273 3816 3338 Uecimum,

2170 3359 2435 3417 illustres
2459 3360 2624 3432 Cpoli
2655 3361 2966 3417 naucleros
2998 3362 3060 3417 in
3082 3379 3268 3419 unum
3301 3362 3602 3432 conduxit,
3626 3362 3817 3433 iisque

2170 3448 2483 3505 duodecim
2516 3450 2730 3522 cuique
2756 3450 2938 3507 libras
2959 3451 3085 3506 auri
3104 3450 3351 3508 tradidit
3379 3469 3450 3509 ea
3480 3453 3628 3525 lege,
3659 3459 3728 3507 ut
3754 3452 3817 3506 in

2173 3539 2407 3612 singula
2436 3540 2797 3596 nomismata
2826 3556 3025 3598 usurae
3056 3542 3300 3598 nomine
3324 3548 3579 3613 quatuor
3598 3542 3821 3597 ceratia

2171 3629 2486 3697 solverent,
2504 3646 2639 3685 cum
2664 3630 3054 3686 nihilominus
3066 3631 3299 3702 reliqua
3321 3632 3498 3686 etiam
3512 3630 3820 3704 vectigalia

2170 3718 2536 3791 navigiorum
2550 3718 2622 3774 ab
2640 3718 2713 3774 iis
2734 3718 3300 3791 penderentur,Hzec
3322 3734 3392 3774 ex
3413 3719 3619 3774 multis
3635 3736 3820 3789 pauca

2172 3807 2524 3891 compendio
2556 3808 2854 3875 annotavi,
2886 3823 2958 3864 ex
2978 3807 3194 3878 quibus
3218 3808 3346 3880 ejus
3376 3807 3450 3864 ad
3471 3823 3646 3863 omne
3670 3807 3822 3863 lucri

1611 3934 1975 3991 XYLANDRI
2016 3934 2103 3988 ET
2142 3934 2357 3989 GOARI
2391 3934 2613 3990 NOTAE.

488 4061 597 4133 (40)
628 4057 1050 4133 Cbartiaticum
1081 4057 1224 4130 quid
1254 4059 1349 4125 sit,
1377 4076 1519 4116 sane
1551 4059 1777 4133 ignoro.
1828 4061 2061 4115 Fortas-

414 4133 496 4190 sis
527 4130 753 4189 exactio
802 4130 915 4186 fuit
961 4130 1039 4186 ad
1084 4130 1597 4189 sustentationem
1626 4131 1953 4187 scribarum
2005 4135 2064 4185 et

415 4203 809 4269 cancellarim,
843 4207 908 4256 ut
935 4208 1164 4257 vocant.
1196 4203 1332 4259 XYL.

485 4280 593 4345 (41»
640 4274 964 4330 Fumarium
1014 4276 1298 4329 tributum.
1347 4275 1734 4331 Bauchsteuer.
1786 4276 1933 4329 Puto
1986 4273 2060 4330 de

414 4347 666 4420 singulis
686 4346 832 4403 focis
858 4351 1128 4401 exactum
1145 4345 1346 4420 fuisse,
1371 4347 1434 4401 in
1453 4347 1667 4420 quibus
1692 4347 1846 4420 ignis
1868 4347 2056 4402 fieret.

415 4417 628 4476 Omnia
656 4421 783 4473 hinc
814 4434 956 4471 sane
988 4423 1126 4472 sunt
1155 4417 1424 4474 obscura.
1459 4417 1623 4484 Quod
1667 4435 1700 4473 a

417 4492 647 4553 attinet,
684 4490 768 4544 sic
800 4488 1019 4561 divino,
1056 4487 1304 4545 voluisse
1337 4506 1472 4545 eum
1501 4496 1563 4545 ut
1594 4490 1785 4561 quivis
1833 4490 1925 4544 avi
1971 4488 2063 4543 sui

416 4570 520 4619 aut
548 4562 744 4634 proavi
779 4560 955 4634 modo
1003 4568 1361 4634 censeretur.
1396 4578 1464 4615 ac
1490 4560 1862 4634 tantumdem
1894 4567 2069 4634 atque

414 4635 520 4690 ille
548 4630 825 4689 solvisset
855 4630 1057 4685 tributi
1093 4631 1394 4702 penderet.
1424 4633 1655 4688 etiamsi
1687 4649 1891 4687 eorum
1912 4632 2070 4686 bona

420 4706 577 4761 inter
601 4705 792 4785 varios
813 4702 1082 4785 hmredes
1099 4702 1290 4785 divisa
1312 4703 1563 4785 singulis
1588 4705 1757 4785 longe
1777 4704 2068 4785 minorem

417 4792 663 4832 censum
686 4775 1181 4844 reliquissent.Ex
1198 4776 1446 4830 historia
1462 4775 1758 4835 cerularii,
1775 4775 2067 4830 decimam

418 4848 509 4902 sui
531 4847 657 4901 auri
676 4852 898 4917 partem
914 4846 1207 4916 ademptis
1222 4846 1470 4917 reliquis
1484 4847 1724 4901 domum
1752 4846 2066 4911 referente,

418 4918 467 4972 si
503 4934 636 4972 cum
665 4917 887 4972 Zonara
928 4924 1323 4988 comparetur,
1372 4917 1666 4973 videbitur
1711 4934 1927 4973 aureus
1975 4917 2069 4971 vel

421 4988 717 5044 nomisma
745 5004 989 5060 aureum
1023 4989 1254 5060 decima
1282 4988 1448 5043 librae
1480 5006 1617 5060 pars
1646 4989 1866 5055 fuisse;
1909 4988 2068 5060 quod

419 5062 534 5116 fuit
557 5059 980 5116 annotandum.
1004 5059 1115 5115 Sed
1147 5065 1207 5114 et
1237 5061 1297 5114 in
1345 5059 1567 5116 Joanne
1613 5059 1941 5125 Tziinisca,’
1963 5059 2066 5114 ubi

422 5132 733 5205 capnicum
767 5131 838 5186 ab
866 5148 937 5205 eo
966 5131 1246 5186 scribitur
1265 5132 1575 5193 abolitum.
1595 5132 2065 5188 animadvertere

419 5201 558 5259 licet
589 5202 827 5259 obolum
858 5201 1038 5257 fuisse
1065 5211 1433 5268 argenteum,
1477 5205 1770 5259 nomisma
1793 5218 2062 5259 aureum.

417 5277 801 5347 Περισπασμόν
854 5273 1317 5347 sollicitudinem
1373 5276 1563 5347 verti;
1624 5275 1780 5347 quod
1838 5274 2068 5329 scilicet

411 5346 886 5404 humaniSSimus
918 5346 1237 5417 imperaior
1267 5363 1386 5401 non
1418 5346 1696 5417 ignorans
1729 5361 2063 5417 curasrcum

409 5420 622 5492 opibus
653 5417 889 5492 augeri.
912 5423 967 5470 et
996 5415 1322 5492 locupletes
1352 5417 1413 5471 in
1437 5415 1657 5492 inagna
1679 5416 2059 5492 essesollici-

409 5486 1000 5548 tudine.cerularium
1026 5486 1203 5541 istum
1229 5489 1480 5543 voluerit
1500 5486 2062 5556 melestialiberare,

409 5565 700 5638 privatum
738 5567 855 5638 tam
889 5558 1061 5638 anxie
1095 5559 1459 5629 possidendo
1481 5578 1636 5638 _auro
1688 5561 1825 5615 XvL.

480 5636 596 5760 (42)
629 5632 739 5699 Τὴν
800 5626 1111 5703 βασιλικὴν
1154 5629 1561 5705 κουρατωρείαν
1622 5648 1743 5687 non
1799 5631 2065 5685 aerarium

534 5708 721 5760 ﬁscum
779 5698 1247 5760 uuomodolibet.
1298 5702 1400 5759 sed
1452 5705 1736 5760 privatum
1775 5701 2064 5760 principis

409 5698 502 5761 vel
532 5698 721 5774 ﬁscum
779 5698 1272 5773 quomodolibet,'
1298 5698 1425 5759 sed"
1446 5705 1736 5774 privatum
1775 5701 2064 5775 principis

2160 4057 2447 4132 peculium
2464 4072 2534 4112 ac
2561 4057 2871 4132 dominium
2892 4057 3271 4132 interpretor.
3291 4058 3481 4132 Hujus
3504 4076 3622 4132 pra:
3632 4059 3816 4115 fectus

2169 4128 2475 4205 κουράτωρ,
2528 4128 3235 4205 ᾳ-υβω,Ηᾶῐνωβιιοίρᾳξιιε
3291 4128 3589 4205 λοχοθέτην
3648 4136 3817 4185 vocat

2173 4199 2243 4255 de
2274 4198 2392 4291 illo
2424 4198 2694 4290 Agathias
2727 4199 2766 4255 Ι.
2817 4216 2893 4259 V;
2951 4198 3269 4255 Ἀνάτόλιον
3371 4198 3488 4255 ὄνον
3544 4198 3814 4273 φθαρῆναι

2173 4270 2386 4326 Ευνέοη.
2418 4270 2582 4326 ἄνδρα
2610 4274 2680 4326 τῆ
2729 4289 2788 4324 τε
2825 4273 2933 4325 τῶν
2993 4269 3208 4326 ὑπάτων
3252 4223 3373 4326 dit;
3426 4273 3814 4326 τετιμημένον.

2169 4269 2393 4344 ξυνέϐη,
2418 4269 2680 4344 ἅνδραέτῇ
2729 4289 2788 4324 τε
2825 4273 2933 4344 τῶν
2974 4269 3208 4344 ’ὑπάτων
3252 4269 3373 4344 ἀξία
3426 4269 3814 4344 τετιμημένον,

2171 4330 2262 4433 καὶ
2292 4330 2427 4433 πρός
2455 4330 2534 4433 γέ,
2554 4342 2617 4397 τὸ
2647 4330 2907 4431 ᾧροντίξα
2932 4340 3173 4432 τίθεσθαι
3203 4330 3312 4433 xui:
3339 4330 3653 4433 ἐπιμέλειάν
3703 4330 3811 4433 τῶν

1793 4427 2061 4473 octavum
2096 4406 2139 4471 Π
2175 4406 2741 4542 ᾗασιλέωςόῗκωνἙε
2782 4412 2872 4466 καὶ
2930 4432 3030 4483 κτη
3085 4406 3222 4470 aith
3284 4406 3462 4494 ἆρχήἶι
3519 4414 3812 4489 εἰληχότα.

1833 4490 1925 4542 avi
1971 4488 2063 4542 sui
2226 4487 2542 4542 ουοάτωοας
2570 4482 2628 4539 δὲ
2681 4483 2908 4542 τούτους
2966 4436 3194 4542 καλοῦσι
3249 4487 3540 4542 Ῥωμαῖοι.
3601 4493 3682 4542 Ac
3740 4504 3812 4542 ne

2226 4487 2542 4561 ουράτωρας
2681 4483 2908 4561 τούτους
2966 4482 3540 4561 καλοῦσιῬωμαῖοι.
3601 4482 3690 4543 Ᾰξ
3740 4504 3816 4542 ne

2176 4559 2249 4633 ab
2281 4557 2520 4633 auctore
2553 4557 2967 4633 discedamus:
3000 4560 3126 4632 ipse
3165 4557 3508 4633 pinguiores
3558 4563 3821 4633 agroset

2176 4631 2482 4687 uberiores
2515 4630 3041 4704 monasteriorum?
3062 4630 3489 4703 possessiones,
3536 4630 3621 4685 1?:—
3640 4630 3821 4704 κρείτ-

2174 4721 2300 4756 τονα
2328 4707 2433 4755 τῶν
2461 4701 2780 4774 κτημάτων,
2822 4700 2883 4756 in
2917 4700 3137 4774 regium
3180 4720 3347 4760 suam
3397 4700 3735 4760 curatoriam
3765 4709 3823 4758 ct

2176 4774 2508 4829 dominium
2543 4773 2939 4844 Nicephorum
2975 4773 3250 4830 retulisse
3293 4776 3549 4831 dilucide
3600 4779 3821 4830 naxrat.

2176 4847 2463 4901 Memorat
2505 4861 2742 4917 quoque
2773 4844 3159 4917 Theophanes
3190 4848 3251 4901 in
3281 4848 3614 4903 Justiniano
3634 4844 3831 4916 κουρά-

2171 4935 2324 4991 ⁴εωρ-ςιι
2358 4921 2467 4970 τῶν
2507 4918 2945 4991 κουρατωρειῶν,
2998 4925 3055 4991 et
3110 4918 3171 4991 in
3230 4920 3510 4991 Mauricio
3568 4917 3824 4990 Ἀριστό-

2175 4983 2378 5043 ϐουλον
2411 4983 2735 5061 κουράτωρα
2762 4983 2870 5061 τῶν
2909 4986 3210 5061 βασιλικῶν
3242 4986 3434 5046 ο”κων.
3468 4983 3642 5061 (ἰοΑιι.

2245 5060 2355 5133 (43)
2391 5058 2529 5116 Ruit
2557 5060 2653 5115 hic
2684 5058 2863 5133 simul
2893 5058 3027 5133 cum
3062 5060 3652 5133 Xylandri_versione
3683 5060 3824 5113 duo-

2172 5127 2348 5188 decim
2373 5132 2682 5186 insularum
2730 5129 2869 5184 ficta
2913 5127 3201 5186 civitas-si
3261 5127 3638 5196 Δωδεκάνησον
3689 5132 3822 5183 duo-

2172 5202 2347 5257 decim
2369 5200 2866 5273 Cycladesginsulas
2892 5211 3161 5273 tquarum
3189 5218 3307 5257 una
3323 5207 3449 5257 erat
3469 5201 3822 5273 praefectura

2173 5279 2232 5328 et
2261 5271 2590 5343 dispesitiot
2635 5271 3045 5340 interpreteris
3121 5290 3270 5343 quas
3321 5271 3530 5329 Strabo
3579 5289 3819 5344 quoque

2171 5344 2536 5417 duodenario
2564 5358 2811 5397 numero
2840 5343 3315 5417 comprehendit,
3339 5345 3553 5417 quibus
3580 5351 3638 5400 et
3667 5346 3817 5401 alias

2170 5416 2489 5470 accessisse
2521 5418 2820 5468 asseverat
2847 5413 2885 5467 l.
2920 5432 2975 5468 ι.
3011 5414 3181 5472 ϐολῇ.

2241 5488 2355 5552 (44)
2389 5486 2844 5559 Commerciorum
2874 5486 3189 5559 uectigalia,
3223 5493 3283 5543 et
3329 5488 3551 5545 tributa
3596 5487 3818 5559 qumvis

2169 5574 2275 5628 pro
2297 5558 2583 5651 merci'um
2617 5556 3020 5651 aspogtatione
3049 5560 3193 5644 fisco
3225 5561 3562 5651 pendentia.
3594 5556 3817 5651 Auct’or

2171 5620 2350 5706 supra
2380 5629 2441 5706 i_n
2472 5629 2639 5706 [rene
2660 5620 2946 5683 ε”Αϐύόου
2973 5627 3066 5682 καὶ
3096 5633 3193 5685 τοῦ
3230 5620 3412 5706 ’Ἱεροῦ
3453 5632 3522 5687 τὰ
3567 5629 3818 5705 κομμέρ-

2167 5698 2262 5754 κιᾶ
2286 5698 2556 5780 ἐκούφισε.
2591 5700 2771 5756 (ἰοΑιι.
