4052 6316
466 380 585 439 923
1828 369 2144 434 GEORGII
2189 368 2535 434 cannam
3714 382 3808 446 θοι

465 527 651 583 genus
681 511 1153 566 commentorum
1184 504 1498 579 multiplex
1539 505 1791 562 varietas
1842 506 2103 575 cognosci

2233 501 2286 559 ἰν
2323 504 2605 581 κεφαλαίῳ
2665 502 2833 581 μικρὰ
2891 527 2987 580 μοι
3044 506 3534 590 ἒστηλογράφηται,
3584 508 3808 583 δηλοῦντα

466 601 671 672 possit.
705 598 1028 655 Omisimus
1059 596 1219 653 enim
1253 613 1400 668 quas
1433 596 1489 651 in
1524 612 1685 669 regia
1707 596 1851 652 urbe
1874 596 2094 651 summi

2223 595 2287 649 τὸ
2317 595 2452 668 πρὸς
2483 600 2586 650 πᾶν
2646 592 2790 659 εἶδος
2848 595 3163 670 πλεονεξίας
3219 599 3384 654 αὐτοῦ
3438 598 3801 678 πολυμήχανον.

467 690 644 745 medii
679 695 739 745 et
767 688 958 743 intimi
992 688 1103 743 loci
1136 694 1312 758 atque
1372 686 1733 743 conditionis
1774 686 2103 741 hominibus

2223 684 2305 757 [P.
2339 686 2467 758 480]
2493 685 2571 738 Τὰ
2610 684 2715 760 γὰρ
2772 686 2909 741 κατὰ
2960 687 3061 757 τήν
3122 685 3382 763 βασιλίδα
3431 696 3540 752 τοῖς
3588 690 3633 744 ἐν
3689 690 3803 749 τίλει

464 777 665 832 intulit
696 776 968 847 injurias,
1002 775 1202 847 plures
1233 791 1411 846 quam
1445 780 1508 829 ut
1540 773 1825 845 prescribi
1864 773 2103 845 possint

2221 776 2313 827 καὶ
2378 776 2563 847 μέσοις
2621 772 2710 829 καὶ
2768 775 3039 832 εὐτελέσιν
3120 774 3449 853 ἐνδειχθέντα
3528 777 3661 836 δεινὰ
3705 785 3803 857 παρ’

462 870 642 939 Cujus
672 867 908 940 generis
940 878 1099 925 sunt.
1135 866 1293 937 quod
1324 865 1571 920 divitum
1606 882 1804 921 servos
1826 864 2103 919 suborna‘

2221 860 2388 916 αὐτοῦ
2444 861 2582 935 πὲρα
2639 869 2965 941 συγγραφῶν
3023 864 3149 922 ὄντα
3230 867 3615 942 παρελίπομεν,
3687 871 3805 933 ’ὁπως

460 959 556 1013 vit.
594 957 694 1028 qui
727 957 872 1011 falso
926 973 1064 1011 suos
1122 956 1398 1011 dominos
1448 955 1696 1010 crimine
1746 959 2103 1023 accusarent,

2218 949 2348 1011 τοὺς
2378 952 2653 1025 πονηροὺς
2680 957 2787 1007 τῶν
2842 953 3070 1010 οἲκετῶν
3119 952 3461 1012 καθυπέϐαλε
3514 966 3805 1035 συκοφαντεῖν

462 1046 953 1117 delatoribusque
985 1046 1273 1101 honorem
1297 1045 1522 1109 habuit,
1549 1044 1848 1100 calumnia
1870 1045 2103 1099 circum-

2218 1038 2353 1103 τοὺς
2410 1040 2615 1096 ἑαυτῶν
2671 1039 2955 1105 δεσπότας.
3037 1045 3162 1101 ’ὀσοι
3245 1042 3459 1116 δηλαδὴ
3530 1047 3578 1103 ὲν
3625 1047 3807 1123 εὐπορίᾳ

460 1141 667 1192 ventos
696 1144 943 1208 argento
1003 1136 1285 1191 multans.
1334 1135 1486 1200 Quin
1537 1140 1597 1190 et
1648 1151 1717 1189 eo
1770 1134 2103 1205 rapinarum

2219 1125 2442 1205 ἔτυχον,
2474 1130 2602 1193 τοὺς
2633 1132 2729 1205 μὲν
2762 1129 3163 1199 διαϐάλλοντας
3191 1143 3363 1209 τιμῆς
3409 1137 3581 1208 ἀξιῶν,
3622 1139 3731 1203 τοὺς
3767 1138 3811 1195 δὲ

459 1226 749 1300 processit
765 1232 828 1280 ut
847 1225 1165 1297 quemdam
1183 1224 1335 1280 889
1358 1224 1551 1279 mellis
1578 1240 1848 1294 ceraeque
1871 1222 2103 1277 instito-

2222 1213 2699 1293 διαϐαλλομένους
2766 1220 3157 1299 ἐξαργυρίζων.
3214 1227 3376 1281 Ὥστε
3425 1225 3513 1281 καί
3577 1247 3685 1283 τινα
3727 1248 3805 1297 κη-

459 1333 585 1372 rem
618 1317 678 1369 in
709 1315 834 1370 foro
866 1313 1202 1387 degentem.
1235 1314 1334 1385 qui
1369 1331 1473 1369 suo
1507 1313 1709 1369 labore
1740 1312 2103 1368 sufﬁcientes

2222 1308 2515 1383 ρουλάριον
2577 1306 2706 1366 ὄντα
2757 1310 2811 1366 ἐν
2873 1317 2954 1384 τῷ
3007 1313 3184 1391 φόρῳ,
3251 1312 3469 1385 ἀνενδεῆ
3522 1316 3808 1392 τυγχάνοντα

458 1406 569 1462 sibi
597 1423 738 1477 opes
770 1411 1094 1477 paraverat.
1128 1404 1203 1459 ad
1220 1421 1281 1459 se
1307 1410 1577 1460 vocatum
1597 1404 1844 1477 jusserit
1871 1419 2103 1458 manum

2218 1396 2279 1453 ἐκ
2368 1397 2551 1454 πόνων
2645 1396 2817 1470 ἰδίων,
2915 1401 3410 1477 μεταστειλάμενος
3471 1406 3499 1460 ὁ
3560 1407 3808 1485 παμφάγος

460 1499 633 1570 cupiti
654 1497 1034 1569 imperatoris
1053 1498 1860 1570 imponere.itaqucjuratum
1881 1497 2103 1552 edicere

2218 1486 2371 1564 φησί’
2409 1508 2434 1538 ε
2465 1488 2564 1544 Θὲε
2605 1491 2706 1559 τήν
2753 1494 2917 1568 χεῖρά
2972 1512 3070 1547 σου
3121 1492 3210 1549 ἐπὶ
3274 1495 3376 1563 τήν
3431 1492 3657 1572 κεφαλήν
3708 1516 3804 1567 μου,

460 1596 745 1661 quantum
780 1587 1111 1659 possideret
1135 1587 1284 1642 auri.
1322 1587 1587 1658 Cumque
1634 1587 1684 1642 is
1715 1593 1953 1642 centum
1985 1586 2103 1641 auri

2215 1578 2303 1631 καὶ
2339 1576 2543 1650 ὅμοσον
2605 1580 2774 1645 πόσος
2822 1581 3028 1658 γρυσός
3077 1582 3163 1638 σοί
3209 1581 3372 1641 ἐστιν.
3409 1584 3525 1641 »Ὀ
3553 1580 3607 1638 δὲ
3657 1580 3808 1655 λίτρας

458 1679 643 1733 libras
677 1677 789 1733 sibi
825 1694 954 1733 esse
996 1677 1302 1740 fateretur,
1354 1678 1551 1732 statim
1603 1682 1669 1731 ut
1718 1693 1816 1731 eas
1875 1677 2103 1730 afferret

2217 1666 2406 1723 ἑκατὸν
2435 1666 2639 1736 ἐξεῖπεν
2670 1663 2839 1745 ἔχειν,
2886 1672 2949 1730 Ὀ
2986 1670 3043 1726 δὲ
3089 1672 3313 1749 ἀγαγεῖν
3361 1671 3556 1734 ταύτας
3599 1672 3702 1727 κατ’
3739 1670 3813 1726 αὖ·

460 1766 775 1822 mandavit.
813 1767 935 1831 Quo
968 1767 1137 1835 facto,
1171 1790 1198 1817 «
1232 1767 1523 1832 Quorsum
1572 1765 1785 1835 inquit,
1816 1763 1918 1818 tibi
1948 1764 2103 1818 solli-

2214 1758 2317 1824 τῆν
2357 1756 2457 1825 τῆν
2495 1758 2640 1833 ὥραν
2688 1756 2812 1838 ἔφη.
2862 1762 2959 1816 Ὧν
3009 1758 3341 1836 ἐνεχθέντων
3398 1762 3556 1841 φησὶν
3587 1762 3612 1815 ὁ
3641 1760 3811 1816 ἐσκοτι-

459 1858 721 1914 citudine
753 1857 866 1913 ista
897 1874 1045 1929 opus
1077 1857 1211 1912 est?
1245 1856 1471 1912 Prande
1524 1871 1777 1925 mecum,
1836 1861 2103 1910 centum-

2219 1850 2434 1925 σμένοςσ
2492 1852 2627 1909 «Σὺ
2681 1852 2736 1908 τί
2796 1852 2986 1927 χρείαν
3040 1850 3188 1928 ἔχεις
3246 1856 3656 1927 περιπασμοῦς
3705 1858 3814 1908 Συνι-

458 1964 571 2020 que
596 1946 1055 2004 nomismatibus
1081 1951 1274 2003 tecum
1291 1947 1532 2003 domum
1556 1944 1770 2001 ablatis
1792 1950 2108 2000 contentus

457 2045 603 2093 θειο.
638 2059 666 2088 ›>

526 2129 698 2181 Auno
727 2128 760 2179 9
791 2125 916 2179 suis
945 2128 1157 2180 contra
1186 2124 1551 2179 Christianos
1582 2122 1937 2179 commentis
1981 2136 2107 2176 ma-

455 2217 542 2290 gis
575 2216 922 2289 magnisque
954 2216 1247 2283 incubuit,
1270 2216 1485 2288 impias
1507 2213 2108 2287 opuminspectiones

456 2306 1175 2377 exercens,coemptiones
1196 2307 1450 2376 injustas
1473 2306 1738 2361 omuium
1756 2303 2105 2359 animalium

461 2396 772 2451 brutorum
805 2401 863 2449 et
909 2395 1159 2466 pecoris,
1222 2395 1659 2467 publicationes
1707 2393 1999 2448 bonorum
2052 2395 2111 2446 et

462 2486 683 2542 multas
728 2502 1059 2558 procerum.
1120 2502 1331 2541 usuras
1388 2485 1460 2540 de
1513 2483 1762 2555 navigiis
1820 2487 2106 2554 captatas,

461 2595 595 2633 cum
615 2576 851 2631 interim
873 2593 935 2630 re
959 2576 1205 2631 faenebri
1229 2575 1363 2630 aliis
1385 2572 2104 2639 omnibusinterdixisset,

460 2666 693 2738 aliaque
724 2664 956 2720 inﬁnita
988 2665 1142 2721 mala
1165 2664 1525 2737 excogitans,
1561 2679 1692 2734 quae
1732 2660 2108 2733 cupientibus

457 2773 553 2812 res
584 2763 779 2828 gestas
801 2755 1155 2827 compendio
1187 2769 1542 2821 cognoscere
1576 2751 1862 2806 molestus
1893 2751 1970 2805 sit
2014 2750 2109 2805 fu-

450 2851 646 2911 turus,
690 2845 737 2900 si
799 2845 932 2916 quis
987 2844 1129 2899 velit
1185 2842 1525 2914 singulatim
1582 2857 1916 2897 recensere.
1975 2840 2110 2895 Fuit

460 2935 638 2991 etiam
672 2951 906 2991 summo
939 2932 1134 2989 studio
1194 2931 1427 2986 deditus
1484 2930 1821 2987 Manicbmis
1872 2929 1946 2984 iis
2005 2929 2107 3000 qui

2217 1942 2507 2014 αρίστησόν
2542 1962 2658 2016 μοι,
2689 1941 2779 1996 καὶ
2826 1939 2957 2018 ἄρας
3013 1942 3333 2017 νομίσματα
3388 1942 3573 1999 ἑκατὸν
3619 1941 3812 2017 πορεύου

2214 2028 2549 2105 ἀρκούμενοι⁹
2580 2032 2791 2094 αὐτοῖς.
2827 2054 2857 2083 ››

2283 2123 2376 2191 Τῷ
2430 2121 2475 2175 θ’
2531 2114 2637 2176 ἔτει
2692 2121 2788 2183 τὰς
2838 2120 2975 2176 κατὰ
3046 2126 3391 2195 Χριστιανῶν
3456 2119 3675 2183 ἰπινοίας
3715 2116 3812 2175 tiri-

2211 2229 2401 2279 τεινεν,
2433 2207 2666 2285 ἐποψίας
2697 2209 2906 2280 ἆθέους,
2940 2210 3362 2289 ἰπαγορασμοὺς
3405 2211 3665 2268 παντοίων
3708 2207 3812 2265 ἀλό-

2213 2321 2326 2376 γων
2363 2300 2728 2376 βοσκημάτων
2759 2320 2819 2356 τε
2855 2300 2945 2355 καὶ
3003 2306 3247 2374 καρπῶν,
3297 2299 3521 2365 ἀδίκους
3568 2298 3811 2373 δημεύσεις

2212 2388 2303 2445 καὶ
2373 2387 2575 2462 ζημίας
2628 2393 2737 2445 τῶν
2792 2389 2845 2445 ἐν
2900 2388 3071 2461 τέλει,
3151 2391 3456 2464 τοκισμοὺς
3510 2388 3563 2445 ἑν
3632 2385 3811 2448 πλοίοις

2214 2482 2243 2535 ὁ
2273 2486 2407 2535 πᾶσι
2435 2485 2744 2554 νομνθετῶν
2774 2481 2837 2537 τὸ
2870 2482 2946 2555 μή
2996 2481 3252 2551 τοκίζειν,
3301 2480 3393 2536 καὶ
3443 2479 3613 2542 ἄλλας
3662 2477 3814 2553 μυρίας

2212 2574 2393 2625 κακῶν
2448 2568 2703 2641 ἐπινοίας,
2762 2571 2837 2625 ὧν
2875 2572 2911 2641 ἡ
2945 2570 3082 2626 κατὰ
3131 2569 3296 2647 μέρος
3355 2571 3570 2646 ἱστορία
3621 2565 3811 2644 φορταή

2213 2667 2333 2724 τοῖς
2371 2661 2820 2736 ἔπιτετμημένως
2851 2664 3073 2733 ζητοῦσι
3118 2663 3404 2735 μανθάνειν
3462 2663 3530 2717 τὰ
3568 2676 3813 2735 πραγματα

2213 2754 2436 2833 πέφυκε.
2468 2755 2591 2810 Τῶν
2652 2750 2710 2809 δὲ
2768 2753 3117 2831 Μανιχαίων,
3174 2757 3281 2807 τῶν
3333 2756 3431 2807 νῦν
3491 2750 3811 2808 Παυλικιανῶν

2211 2843 2299 2898 καὶ
2354 2844 2713 2917 Ἀθιγκάνων,
2768 2846 2875 2898 τῶν
2929 2842 3066 2897 κατᾶ
3112 2842 3357 2918 Φρυγίαν
3418 2844 3506 2898 καὶ
3566 2840 3812 2897 Λυκαονίαν

2212 2930 2613 3010 ἆγχιγειτόνων
2649 2929 2796 3004 αἱ)τῷ
2844 2930 3068 3005 (ἐκεῖθεν
3120 2933 3224 3008 γὰρ
3272 2930 3536 3007 ἐγεγόνει)
3579 2928 3721 3008 φίλος
3761 2927 3811 2995 ἦν

460 3042 618 3082 nunc
648 3023 976 3080 Pauliciani
1007 3028 1067 3077 et
1094 3021 1414 3094 Athingani
1450 3021 1749 3077 dicuntur.
1784 3037 1891 3092 per
1920 3019 2103 3091 Phry-

2213 3018 2499 3096 διάπυρος,
2531 3025 2812 3096 χρησμοῖς
2851 3019 2943 3075 καὶ
2998 3019 3247 3083 τελεταῖς
3294 3021 3478 3076 αὐτῶν
3530 3018 3812 3095 ἐπικαίρων.

456 3116 611 3188 giam
644 3120 703 3170 et
733 3112 1085 3185 Lycaoniam
1119 3110 1467 3184 degentibus
1499 3117 1553 3166 et
1574 3109 1684 3166 sibi
1714 3109 1922 3165 vicinis
1946 3108 2103 3181 (inde

2213 3110 2383 3168 Οὗτοι
2417 3110 2605 3185 χώραν
2637 3105 2837 3166 ἔλαϐον
2878 3107 2965 3165 ἒπὶ
3022 3116 3122 3179 τῆς
3185 3108 3471 3185 βασιλείας
3519 3106 3672 3165 αὐτοῦ
3711 3106 3815 3184 ἀφό-

457 3205 618 3260 enim
653 3208 819 3258 ortus
875 3206 1044 3268 erat),
1106 3200 1362 3256 oraculis
1419 3217 1626 3256 eorum
1686 3205 1744 3255 et
1795 3198 2103 3255 sacrificiis

2212 3195 2326 3263 ϐως
2356 3199 2757 3268 πολιτεύεσθαι,
2791 3198 2881 3255 καὶ
2919 3197 3124 3255 πολλοὶ
3179 3203 3288 3254 τῶν
3345 3198 3681 3278 κουφοτέρων
3722 3198 3813 3254 ταῖς

456 3292 741 3365 gaudens.
776 3291 822 3344 Ii
854 3306 992 3362 ergo
1036 3289 1164 3361 ipso
1211 3290 1541 3361 imperante
1592 3289 1895 3345 licentiam
1945 3288 2102 3343 nacti

2211 3287 2490 3362 ἀθεμίτοις
2550 3289 2729 3344 αὑτῶν
2788 3284 3155 3363 διεφθάρησαν
3222 3283 3429 3357 δόξαις.
3467 3268 3478 3278 ’
3513 3268 3595 3343 Ἐν
3661 3281 3711 3338 δὶ
3755 3283 3815 3350 τῷ

457 3398 564 3437 suo
599 3395 760 3434 more
794 3377 1022 3432 vivendi
1057 3377 1274 3432 multos
1318 3377 1509 3433 futilis
1556 3377 1778 3450 ingenii
1827 3376 2101 3432 homines

2211 3376 2532 3450 Ἐξωκιονίῳ
2563 3379 2679 3450 (45)
2719 3375 3132 3452 ψευδερημίτης
3175 3378 3246 3445 ἦν
3296 3375 3572 3438 Νικόλαος
3615 3370 3817 3445 τοῦνομα

454 3468 701 3524 nefariis
754 3467 877 3522 suis
934 3466 1316 3538 opinionibus
1385 3466 1736 3522 infecerunt.
1786 3466 1920 3521 Fuit
1976 3472 2101 3521 tum

2211 3466 2262 3529 ὃς
2298 3465 2390 3521 σὺν
2420 3472 2540 3529 τοῖς
2569 3465 2661 3521 σὺν
2690 3465 2837 3535 αὐτῷ
2865 3466 3004 3522 κατᾶ
3030 3468 3128 3520 τοῦ
3172 3465 3338 3541 ὀρθοῦ
3391 3463 3565 3543 λόγου
3618 3462 3697 3519 καὶ
3731 3463 3816 3514 τῶν

456 3558 520 3612 in
579 3556 853 3611 exteriori
916 3555 1235 3611 columella
1319 3556 1594 3612 Nicolaus
1649 3556 1890 3627 quidam
1951 3556 2101 3611 falso

2211 3559 2415 3611 σεπτῶν
2468 3554 2689 3609 είκόνων
2750 3549 3168 3633 ἐϐλασφήμουν.
3227 3556 3323 3608 Ὧν
3404 3550 3815 3623 ἀντιποιοῦμενος

2205 3646 2234 3700 ὁ
2293 3642 2549 3715 βασιλεὺς
2608 3642 2798 3700 ἐλύπει
2850 3645 2944 3699 τὸν
3006 3643 3266 3719 ἀρχιερέα
3323 3644 3418 3699 καὶ
3477 3644 3671 3705 πάντας
3714 3638 3814 3696 τοὺς

2203 3734 2340 3788 κατὰ
2364 3734 2491 3789 Θεὸν
2526 3738 2752 3803 ζῶντας.
2803 3734 3083 3795 Πολλάκις
3142 3733 3248 3810 γὰρ
3303 3734 3426 3790 κατ’
3483 3732 3645 3789 αὐτοῦ
3696 3728 3818 3802 ἐγκι-

2205 3821 2317 3879 λῶν
2370 3825 2750 3899 ἠγανητῆθη,
2802 3828 2923 3885 τοῖς
2973 3823 3108 3898 πρὸς
3162 3820 3454 3891 ἀλλήλους
3512 3820 3818 3901 ἐχθραίνουσι

2206 3910 2411 3993 σφόδρα
2470 3912 2808 3988 σνγχαίρων,
2864 3911 2955 3967 καὶ
3039 3911 3390 3981 ἐπιτωθάζων
3480 3910 3638 3967 παντὶ
3709 3908 3819 3981 Χρι-

2206 4005 2407 4074 στιανῷ
2448 3999 2698 4078 φιλοῦντι
2761 4004 2854 4057 τὸν
2913 4000 3149 4071 πλησίον
3209 4002 3286 4064 ὡς
3348 3998 3680 4077 ἀνατροπεὺς
3733 3998 3818 4049 τῶν

458 3646 723 3701 θῐοῐηὶιδο
756 3645 996 3701 nomine
1034 3644 1338 3718 praeditus.
1401 3646 1500 3716 qui
1561 3663 1695 3701 cum
1751 3646 1876 3701 suis
1924 3646 2102 3701 sociis

454 3753 605 3791 vera:
656 3735 927 3808 religioni
979 3741 1038 3791 et
1092 3734 1445 3790 venerandis
1502 3735 1861 3808 imaginibus
1918 3735 2102 3806 impie

456 3826 907 3897 obloquebatur.
939 3829 1047 3881 Eos
1080 3825 1405 3897 imperator
1434 3826 1803 3897 amplectens
1850 3825 2104 3897 patriar-

458 3916 630 3971 cham
660 3914 923 3985 aliosque
954 3915 1082 3986 pios
1111 3915 1374 3970 vexabat.
1410 3916 1614 3987 Itaque
1654 3914 1714 3970 in
1762 3913 1918 3971 840
1965 3930 2103 3969 eum

460 4022 614 4076 saepe
674 4003 1153 4076 indignabundus
1196 4004 1532 4076 patriarcha
1576 4003 1981 4060 invehebatur.
2031 4005 2107 4058 At

458 4093 820 4164 Nicephorus
844 4109 1125 4167 magnum
1158 4108 1230 4148 ex
1277 4094 1500 4149 mutuis
1544 4093 1697 4149 odiis
1740 4091 2103 4165 percipiebat

2211 4091 2363 4156 θείων
2398 4088 2653 4148 ἐντολῶν.
2687 4088 2826 4153 Τοὺς
2859 4089 3283 4166 στρατιωτικοὺς
3342 4088 3618 4167 ἄρχοντας
3663 4082 3821 4141 δουλι-

457 4182 725 4255 gaudium
753 4198 767 4250 ;
800 4188 982 4255 utque
1009 4188 1137 4238 erat
1165 4183 1498 4239 divinorum
1530 4197 1769 4239 eversor
1792 4181 2103 4239 mandato-

2211 4184 2317 4243 κῶς
2357 4186 2596 4256 χρῆσθαι
2626 4185 2744 4243 τοῖς
2773 4178 3091 4244 ἐπισκόποις
3134 4179 3227 4236 καὶ
3278 4176 3579 4255 κληρικοῖς
3625 4172 3822 4235 ἐκέλευε,

457 4290 611 4342 rum,
647 4273 902 4329 ludibrio
949 4272 1208 4329 habebat
1265 4290 1474 4329 omnes
1532 4273 1873 4345 proximum
1930 4289 2103 4328 suum

2212 4269 2617 4345 καταγομένους
2676 4267 3000 4334 αὒθεντικῶς
3054 4267 3109 4324 ἐν
3165 4274 3285 4334 τοῖς
3346 4265 3711 4326 ἐπισκοπείοις
3750 4258 3821 4317 καὶ

457 4360 770 4435 diligentes
799 4362 1187 4418 Christianos.
1221 4363 1410 4419 Duces
1452 4379 1686 4435 quoque
1735 4362 2103 4420 exercituum

2217 4359 2621 4436 μοναστηρίοις,
2679 4358 2771 4414 καὶ
2854 4361 3230 4438 καταχρῆσθαι
3307 4357 3377 4415 τὰ
3461 4359 3662 4415 αὐτῶν.
3711 4351 3823 4411 Τοὺς

450 4450 633 4524 jussit
662 4452 957 4525 episcopis
988 4458 1046 4507 et
1071 4452 1312 4508 clericis
1343 4452 1779 4525 mancipiorum
1812 4453 1942 4509 loco
1992 4452 2102 4521 uti,

2211 4449 2301 4506 ἀπ’
2349 4448 2549 4512 αἰῶνος
2606 4447 2964 4523 ἀναθεμένους
3018 4451 3098 4520 τῷ
3153 4452 3269 4520 Θεῷ
3323 4454 3511 4523 χρυσᾶ
3565 4445 3601 4516 ἢ
3654 4440 3823 4519 ἀργυρᾶ

455 4557 562 4612 pro
596 4558 701 4596 sua
756 4541 1107 4597 auctoritate
1156 4542 1217 4597 in
1269 4542 1497 4597 aedibus
1549 4542 1986 4613 episcopalibus
2046 4545 2103 4597 et

2211 4536 2374 4609 σκεύη
2407 4534 2583 4615 ἔψεγε,
2614 4539 2799 4595 καὶτὰ
2845 4542 2956 4594 τῶν
3001 4536 3309 4609 ἐκκλησιῶν
3371 4538 3496 4608 ἱερᾶ
3552 4531 3820 4592 κοινοῦσθαι

456 4630 831 4686 monasteriis
850 4629 1494 4702 divertere,eorumque
1513 4630 1690 4686 rebus
1711 4648 1817 4703 pro
1846 4630 2092 4687 arbitrio

2211 4628 2346 4697 ὶξιον
2387 4625 2727 4704 ἆδογμάτιζε.
2775 4628 2916 4690 Τοὺς
2972 4628 3079 4703 πρὸ
3144 4626 3321 4683 αὐτῶν
3380 4624 3628 4701 βασιλεῖς
3681 4618 3820 4677 ἃπαν-

2201 4736 2296 4779 τας
2349 4717 2426 4781 ὠς
2486 4712 2852 4795 ἀκυϐερνήτας
2910 4715 3205 4796 ἐμέμφετο,
3265 4717 3509 4773 καθόλου
3565 4717 3661 4786 τήν
3711 4710 3823 4785 Πρό-

2203 4827 2352 4862 νοιαν
2410 4805 2663 4882 ἀναιρῶν,
2741 4805 2830 4861 καὶ
2915 4804 3122 4880 μηδένα
3202 4806 3381 4881 λέγων
3459 4806 3693 4883 γίνεσθαι
3744 4800 3820 4854 τοῦ

2203 4899 2529 4971 κρατοῦντος
2586 4893 2974 4971 δυνατώτερον,
3033 4896 3079 4951 εί
3137 4894 3395 4970 βούλοιτο
3442 4896 3472 4951 ὁ
3507 4897 3714 4971 κρατῶν
3757 4888 3826 4944 ἓν·

2201 4989 2420 5061 τρεχῶς
2475 4983 2685 5064 ἄρχειν.
2741 4987 2826 5059 [Ρ.
2890 4987 3019 5058 481]
3083 4984 3191 5041 Καὶ
3250 4982 3571 5058 ἐματαιώθη
3628 4981 3681 5039 ἂν
3729 4982 3824 5037 τοῖς

2206 5071 2587 5151 διαλογισμοῖς
2651 5073 2815 5129 αὐτοῦ
2872 5073 2901 5128 ὁ
2958 5073 3189 5145 ἀνόητος
3247 5077 3339 5129 καὶ
3405 5074 3690 5148 θεομισής.
3749 5070 3828 5137 Ti)

2205 5164 2309 5241 γὰρ
2335 5162 2539 5239 πρώτῳ
2570 5157 2828 5236 σαϐϐάτῳ
2870 5166 2979 5218 τῶν
3028 5167 3311 5235 Νηστειῶν
3357 5169 3461 5232 τῆς
3496 5159 3544 5217 δ’
3576 5158 3826 5216 ίνδικτιῶο

453 4716 637 4772 abuti.
697 4715 1079 4788 Vituperabat
1125 4733 1225 4772 eos
1275 4718 1375 4788 qui
1425 4716 1499 4772 ab
1554 4717 1715 4772 omni
1764 4722 1934 4773 astate
1976 4718 2094 4773 Deo

450 4821 632 4861 aurea
684 4804 773 4862 vel
828 4814 1107 4879 argentea
1162 4822 1300 4862 vasa
1355 4811 1825 4876 consecrassent,
1885 4812 1942 4862 et
1997 4822 2093 4862 res

451 4897 804 4970 templorum
837 4914 1035 4954 sacras
1077 4898 1139 4952 in
1183 4896 1465 4968 profanos
1514 4895 1728 4953 debere
1773 4913 1916 4953 usus
1959 4914 2097 4953 con-

446 4989 590 5043 verti
622 4987 939 5044 statuebat.
973 4988 1191 5043 Omnes
1222 4991 1359 5041 ante
1390 4985 1585 5057 ipsum
1610 4985 2002 5058 imperatores
2030 4993 2096 5042 ut

444 5076 814 5149 gubernandi
844 5076 1081 5132 nescios
1111 5074 1408 5147 culpabat,
1426 5075 1863 5132 Providentiam
1884 5077 1949 5132 in
1966 5077 2097 5132 uni-

439 5181 673 5223 versum
691 5165 935 5233 tollens,
959 5164 1390 5237 afﬁrmansque
1413 5164 1715 5220 neminem
1738 5164 2095 5238 imperatore

1631 5323 1995 5381 XYLANDRI
2047 5323 2135 5378 ET
2172 5321 2389 5379 GOARI
2429 5323 2652 5379 ΝΟΤιΕ.

512 5482 624 5544 (45)
655 5479 1273 5560 Supraconjecturam
1321 5492 1517 5560 meam
1574 5474 1837 5560 exposui.
1879 5475 2008 5560 ‘Sed_
2034 5479 2094 5558 et
2203 5473 2421 5557 aliique
2451 5479 2593 5560 sunt
2619 5473 3090 5560 commemorati,
3122 5476 3185 5530 In
3237 5472 3730 5560 autographoﬁsw
3756 5476 3828 5560 est

441 5550 555 5605 hoc
585 5545 874 5619 suspicari
896 5545 1054 5616 licet,
1073 5557 1237 5604 extra
1256 5548 1466 5604 urbem
1492 5549 1556 5602 in
1587 5545 1788 5618 aliquo
1806 5547 2090 5619 suburbio
2203 5545 2332 5602 sine
2362 5554 2632 5615 accentu,
2666 5553 2731 5603 ut
2758 5545 3275 5619 quasi_,coha3rere
3326 5545 3405 5604 σι’
3440 5545 3729 5606 coaluisse
3774 5545 3824 5599 in

439 5621 622 5694 hunc,
646 5617 927 5694 simulata
954 5637 990 5676 α
1017 5620 1242 5694 mundo
1272 5619 1657 5694 discessione,
1691 5617 1796 5694 ’i_n_
1814 5618 2093 5694 columna
2200 5634 2382 5673 unam
2413 5633 2614 5674 vocem
2647 5617 2784 5694 curn
2811 5617 3007 5694 κιονίῳ
3027 5618 3313 5677 videatur.
3332 5619 3473 5686 Quae
3493 5624 3821 5694 sequuntur,

436 5692 642 5764 aliqua
667 5690 1025 5759 constitisse,
1087 5689 1294 5759 quales
1352 5705 1534 5760 supra
1591 5688 1801 5745 Daniel
1854 5688 2091 5761 Stylites
2201 5705 2446 5760 prorsus
2477 5694 2617 5748 sunt
2643 5689 2911 5747 confusa.
2940 5689 3079 5747 ΧΠ..
