4108 6300
323 284 441 345 921

1683 270 2008 335 GEORGII
2048 272 2401 342 CEDRENI

3622 276 3755 338 928

329 417 595 473 irritatus
616 414 810 470 aditus
852 410 1161 482 exitusque
1178 422 1299 465 sum
1326 382 1569 463 ditionis
1600 406 1815 480 ligneis
1848 423 1983 461 mu-

2100 413 2208 471 τοῖς
2293 418 2513 469 συνοῦσι
2593 413 2663 469 τὰ
2732 418 2834 484 τῆς
2899 407 3179 473 ἀπωλείας
3262 405 3580 484 προέλεγεν,
3656 408 3749 464 δτι

332 504 657 561 nitionibus
708 501 975 558 occlusit.
1009 502 1077 555 Et
1104 498 1473 570 Nicephorus
1495 497 1728 552 cladem
1761 512 1984 567 pransa-

2100 521 2117 548 ‹
2200 498 2311 556 Κάν
2393 502 2662 577 πτερωτοὶ
2746 501 3051 577 γενώμεθα,
3112 496 3291 560 οὐδεὶς
3346 498 3556 579 ἐκφύγῃ
3642 499 3741 554 τὸν

332 596 498 669 giens
525 594 648 650 suis
679 592 869 647 dixit:
897 615 924 640 «
951 593 1132 646 Nemo
1194 596 1461 643 nostrum
1509 586 1836 659 perniciem
1869 586 1984 640 evi-

335 685 504 753 tabit,
532 701 605 739 ne
640 683 687 739 si
720 682 985 737 volucres
1005 678 1242 751 quidem
1290 678 1523 733 fiamus.
1558 700 1585 726 ››
1620 675 1802 731 Biduo
1851 678 1985 748 post

337 774 628 829 Barbarus
658 771 877 845 populo
900 770 1147 825 collecto
1172 767 1492 823 tentorium
1538 764 1851 837 Nicephori
1882 779 1982 836 ag‘

335 879 571 935 gressus
591 866 699 917 est.
735 861 819 916 Ibi
847 859 1209 930 Nicephorus
1227 855 1648 911 miserabiliter
1668 854 1986 909 obtrunca-

337 959 431 1007 tus
459 958 567 1016 est,
600 966 926 1020 omnesque
948 964 1082 1003 cum
1106 963 1173 1001 eo
1196 944 1373 1001 duces
1404 950 1462 999 et
1484 942 1987 998 infinitamilitum

340 1040 680 1108 multitudo,
713 1038 1110 1107 omnibusque
1146 1033 1591 1107 impedimentis
1647 1031 1817 1103 potiti
1849 1036 1989 1085 sunt

340 1129 594 1203 Bulgari.
642 1129 829 1199 Caput
849 1123 1160 1198 Nicephori
1192 1123 1507 1196 praecisum
1533 1123 1784 1177 Crumus
1809 1127 1987 1176 conto

342 1219 597 1293 prmtixit
625 1216 1018 1285 omnibusque
1040 1209 1988 1269 demonstravit.Deindeoscranii

340 1307 629 1363 nudatum
661 1310 901 1377 argento
932 1302 1193 1365 inclusit,
1219 1301 1520 1373 jussitque
1541 1300 1838 1373 principes
1852 1298 1992 1354 Bul-

341 1412 615 1470 garorum
648 1411 718 1450 ex
751 1411 819 1449 eo
841 1393 1064 1459 bibere,
1113 1398 1290 1461 atque
1322 1390 1610 1445 insultare
1662 1389 1989 1461 Nicephoro

347 1493 410 1541 ut
466 1482 870 1540 incxsatiabili
927 1488 987 1537 et
1040 1497 1247 1553 pacem
1325 1479 1698 1535 detrectanti.
1749 1477 1988 1533 Nullum

344 1582 578 1648 tempus
627 1572 981 1630 Christianis
1034 1570 1438 1627 calamitosius
1496 1570 1607 1624 hoc
1675 1567 1990 1639 Nicephori

341 1666 581 1738 imperio
630 1665 741 1718 fuit
783 1680 797 1719 :
858 1661 1004 1717 adeo
1052 1659 1497 1716 crudelissimos
1544 1674 1779 1729 quoque
1848 1673 1990 1712 suos

2089 586 2392 663 ὄλεθρον.»
2449 592 2554 649 Καὶ
2610 592 2725 665 μεθ’
2765 589 2975 665 ἡμέρας
3024 588 3122 646 δύο
3189 589 3542 663 συναθροίσας
3598 585 3738 642 λαὸν

2091 675 2119 730 ὁ
2150 673 2430 755 Βάρϐαρος
2462 679 2667 751 ἐπῆλθε
2696 680 2834 736 κατὰ
2860 684 2961 745 τῆς
2990 683 3087 735 τοῦ
3135 677 3454 758 Νικηφόρου
3506 680 3738 747 σκηνῆς.

2091 766 2192 822 Καὶ
2236 773 2427 824 τοῦτον
2485 768 2795 844 ἀναιροῦσιν
2857 766 3094 842 οἰκτρῶς
3174 768 3266 823 καὶ
3348 767 3553 829 πάντας
3609 766 3753 830 τοὺς

2091 853 2184 909 σὺν
2235 854 2381 929 αὐτῷ
2426 855 2700 937 ἄρχοντας
2755 858 2842 914 καῖ
2904 861 3001 913 τοῦ
3055 856 3192 913 λαοῦ
3274 854 3462 926 πλήθη
3523 857 3752 929 ἄπειρα,

2090 944 2178 999 καὶ
2211 949 2383 1001 πᾶσαν
2423 948 2525 1016 τὴν
2581 946 2888 1018 ἀποσκευὴν
2941 941 3288 1004 ἀνελάῦοντο.
3367 946 3484 1014 Τὴν
3526 943 3584 1000 δὲ
3660 966 3752 1000 κε-

2093 1032 2271 1112 φαλὴν
2302 1039 2400 1091 τοῦ
2429 1037 2755 1112 Νικηφόρου
2787 1037 2815 1091 ὁ
2860 1037 3115 1112 Κροῦμος
3173 1033 3406 1109 ἐκκόψας
3457 1033 3546 1090 ἐπὶ
3578 1032 3753 1105 ξύλου

2093 1121 2393 1199 ἀνήρτησεν
2426 1124 2503 1188 εἷς
2535 1122 2788 1198 ἐπίδειξιν
2812 1125 3051 1190 πάντων,
3084 1125 3185 1182 εἶθ’
3236 1124 3414 1187 οὕτως
3449 1123 3755 1200 γυμνώσας

2090 1212 2154 1268 τὸ
2187 1212 2375 1269 ὀστοῦν
2408 1216 2495 1271 καὶ
2519 1216 2971 1292 περιαργυρώσας
2988 1214 3138 1291 πέριξ
3161 1213 3331 1270 πίνειν
3351 1214 3427 1277 εἷς
3457 1214 3591 1269 αὐτὸ
3612 1211 3754 1274 τοῦς

2095 1300 2423 1379 Βουλγάρων
2451 1303 2725 1385 ἄρχοντας
2764 1304 3063 1373 ἐκέλευσεν,
3115 1304 3569 1380 ἑγκαυχωμὲνους
3617 1323 3753 1361 κατ.

2095 1396 2263 1449 αὐτοῦ
2294 1395 2370 1457 ὡς
2403 1393 2689 1466 ἀπλήστου
2717 1395 2808 1452 καῖ
2838 1397 2940 1465 τήν
2971 1393 3190 1469 είρηνην
3254 1396 3331 1469 μὴ
3403 1391 3747 1462 θελῆσαντος

2095 1482 2306 1541 Τούτου
2407 1488 2506 1540 τοῦ
2588 1485 2904 1563 Νικηφόρου
2973 1492 3075 1554 τῆς
3134 1486 3317 1561 ἀρχῆς
3417 1483 3748 1556 Χριστιανοὶ

2101 1571 2393 1649 βαρύτερον
2450 1572 2628 1630 οὐδενὶ
2659 1575 2849 1651 χρόνῳ
2888 1574 3195 1650 ἠτύχησαν·
3229 1573 3433 1637 πάντας
3480 1572 3585 1651 γὰρ
3615 1573 3747 1635 τοὺς

2098 1662 2205 1736 πρὸ
2234 1662 2401 1718 αὑτοῦ
2458 1663 2778 1739 ὠμοτάτους
2809 1662 3056 1741 βασιλεῖς
3081 1668 3149 1738 τῇ
3199 1663 3558 1738 ἀπανθρωπίᾳ
3592 1663 3752 1738 ὑπερ-

338 1761 747 1811 antecessores
779 1750 1214 1806 inhumanitate
1245 1747 1753 1821 superavit.Cujus
1775 1747 1823 1801 si
1853 1746 1988 1817 quis

2100 1753 2375 1824 ηκόντισεν
2408 1753 2589 1823 οὗτος,
2630 1755 2795 1830 οὗπερ
2827 1754 2878 1811 εἲ
2930 1754 3069 1811 κατά
3128 1753 3293 1828 μέρος
3347 1773 3431 1815 τις
3485 1750 3746 1828 βουληθῇ

338 1842 631 1900 maleﬁcia
662 1841 1005 1913 singulatim
1030 1838 1396 1912 perscribere
1427 1838 1584 1903 velit,
1619 1852 1812 1907 neque
1844 1841 1988 1891 tem-

336 1951 446 2006 pus
468 1930 722 1988 sut‘ﬁciet
758 1936 816 1986 et
846 1946 1057 1985 manus
1087 1927 1447 2000 fatigabitur.
1485 1925 1595 1982 Sed
1626 1943 1696 1982 ex
1726 1925 1855 1999 ipsa
1884 1941 1987 1981 ora

344 2023 487 2078 satis
521 2026 718 2094 potest
746 2020 817 2075 de
850 2026 1008 2076 texto
1031 2017 1310 2092 judicari.

408 2200 829 2258 Gravissimum
870 2199 1047 2255 etiam
1095 2198 1308 2254 vulnus
1361 2195 1593 2268 accepit
1644 2194 1983 2252 Stauracius

337 2296 403 2348 ln
434 2292 787 2358 vertebram,
822 2306 1093 2362 mgreque
1131 2306 1199 2345 ex
1248 2305 1445 2361 pugna
1472 2288 1632 2342 vivus
1664 2284 1869 2343 evasit.
1919 2287 1989 2340 Et

336 2400 471 2437 curn
504 2378 951 2450 Adrianopolim
1002 2377 1386 2450 pervenisset,
1438 2376 1761 2445 imperator
1810 2373 1987 2430 etiam

337 2471 550 2527 dictus.
602 2471 672 2524 Et
700 2468 840 2541 quia
869 2484 1021 2539 equo
1052 2467 1182 2522 vehi
1216 2483 1337 2522 non
1365 2470 1617 2537 poterat,
1647 2463 1858 2519 lectica
1900 2467 1991 2517 est

340 2561 400 2615 in
434 2560 643 2615 urbem
701 2558 934 2613 delatus
958 2556 1159 2630 1848
1218 2562 1395 2627 atque
1445 2552 1517 2609 ob
1554 2553 1767 2608 vulnus
1794 2552 1855 2606 in
1888 2567 1990 2623 pu-

335 2650 557 2705 blicum
586 2647 821 2721 prodire
878 2662 997 2701 non
1047 2644 1250 2701 valens
1300 2644 1361 2698 in
1412 2641 1631 2715 palatio
1682 2636 1984 2696 decubuit.

342 2740 638 2794 Statuerat
706 2735 1060 2791 Michaelum
1109 2731 1532 2806 curopalatam,
1583 2729 1803 2786 sororis
1868 2747 1988 2784 sua:

337 2828 639 2887 maritum.
672 2823 862 2881 oculis
890 2824 1138 2896 privare,
1175 2822 1614 2895 imperiumque
1646 2818 1815 2875 uxori
1867 2835 1988 2873 sua:

335 2916 753 2988 Theophanoni
813 2914 1174 2985 relinquere.
1235 2911 1349 2968 Sed
1401 2909 1722 2967 Michaelus
1753 2908 1988 2982 cognito

336 3007 585 3062 consilio
619 3005 816 3060 etYecit
839 3010 904 3059 ut
933 3004 1059 3075 ipse
1091 3002 1290 3059 statim
1319 3002 1378 3056 in
1438 3000 1603 3056 Circo
1625 3016 1660 3055 a
1691 3004 1902 3055 senatu
1934 3002 1991 3053 et

337 3094 692 3151 exercitibus
743 3094 1071 3164 imperator
1117 3091 1539 3157 declararetur,
1572 3089 1856 3143 nimirum
1888 3102 1990 3159 spe
2020 3130 2065 3199 Β

484 3184 495 3195 ι
533 3184 544 3194 ο
699 3181 715 3199 1
815 3181 1007 3199 n._,,,,,
1036 3180 1107 3199 ,9;
1180 3180 1395 3199 -L:-_n-
1480 3179 1594 3199 II--
1640 3182 1701 3199 --ι
1751 3175 1982 3199 ---ΑΞ-,ξι

335 3184 649 3256 omnijam
682 3181 755 3237 de
815 3180 1115 3235 Stauracio
1175 3180 1424 3252 abjecta.
1480 3179 1598 3233 Hoc
1640 3182 1706 3232 ut
1751 3175 1987 3232 rescivit

334 3270 691 3331 Stauracius,
739 3268 960 3341 palatio
1024 3284 1296 3340 egressus
1326 3284 1388 3323 se
1438 3272 1762 3321 etuxorem
1786 3280 1986 3319 mona-

252 3374 269 3387 ‘
335 3360 482 3415 stico
512 3359 719 3414 habitu
750 3357 963 3419 induit,
990 3357 1172 3427 inque
1206 3356 1565 3411 monasterio
1617 3357 1796 3411 Braca
1825 3354 1984 3409 diem

334 3448 501 3517 obiit,
534 3454 741 3519 estque
786 3447 848 3501 in
897 3446 1085 3517 Satyri
1138 3445 1499 3501 monasterio
1531 3442 1815 3516 sepultus.
1875 3445 1987 3499 Pa-

334 3538 592 3594 triarcha
624 3544 747 3593 tum
767 3536 880 3593 fuit
909 3535 1320 3592 sanctissimus
1350 3534 1733 3608 Nicephorus.

408 3802 728 3859 Michaelus
759 3800 1150 3873 curopalates.
1204 3804 1604 3874 cognomento
1660 3796 1987 3855 Rancabes’

337 3908 518 3964 gener
547 3891 857 3962 Nicephori
886 3889 1285 3962 imperatoris,
1310 3907 1345 3945 a
1403 3894 1614 3945 senatu
1643 3887 1983 3961 populoque

340 3983 600 4038 delatum
618 3981 727 4037 sibi
744 3980 822 4036 im
834 3982 1059 4053 perium
1076 3980 1367 4053 principio
1383 3981 1989 4052 recusavit,imparem

341 4089 402 4127 se
462 4078 639 4126 tanta:
688 4087 886 4126 rerum
934 4069 1076 4125 moli
1135 4070 1457 4127 tractandae
1499 4086 1772 4139 causaris,
1808 4068 1989 4141 idque

342 4161 518 4217 Leoni
540 4161 811 4233 patricio.
846 4160 1084 4216 natione
1115 4160 1417 4227 Armenio,
1461 4160 1853 4215 Orientalium
1900 4175 1995 4215 co-

341 4252 573 4322 piarum
600 4250 736 4306 duci
758 4249 1222 4321 concedens.qui
1253 4250 1564 4305 animosus
1584 4249 1670 4303 vir
1683 4255 1994 4304 strenuus-

344 4356 457 4410 que
486 4339 834 4395 habebatur.
850 4339 963 4395 Sed
996 4339 1106 4393 Leo
1132 4339 1348 4401 renuit.
1382 4336 1869 4412 quodindignum
1929 4353 1992 4393 se

344 4428 724 4500 imperatorio
757 4427 905 4483 solio
935 4426 1181 4490 diceret,
1204 4427 1382 4498 idque
1400 4426 1474 4482 ad
1498 4426 1845 4483 Michaelum
1861 4443 1997 4499 per-

2095 1838 2344 1913 διεειέναι
2365 1843 2434 1898 τὰ
2462 1844 2673 1920 πονηρά
2700 1840 3129 1918 ἐπιτηδεύματα,
3163 1845 3192 1899 ὁ
3240 1840 3436 1918 χρόνος
3469 1839 3746 1914 ἐπιλείψει

2090 1934 2181 1989 καὶ
2211 1936 2247 2004 ἡ
2276 1934 2403 2010 χεὶρ
2432 1934 2707 2007 ἀτονήσει.
2739 1934 2892 2008 Πλὴν
2924 1934 2983 1990 ἐκ
3011 1939 3111 1993 τοῦ
3142 1930 3450 2012 κρασπέδου
3473 1935 3538 1991 τὸ
3569 1932 3746 2011 ὕφασ-

2095 2044 2171 2098 μα
2199 2021 2502 2099 πρόδηλον.

2164 2206 2539 2280 Τιτρώσκεται
2595 2203 2654 2262 δὲ
2708 2206 2800 2263 καὶ
2880 2207 3218 2284 Σταυράκιος
3293 2206 3324 2263 ό
3380 2206 3497 2269 υίὸς
3586 2205 3757 2261 αὐτοῦ

2091 2294 2320 2368 καιρίως
2348 2294 2485 2350 κατὰ
2512 2293 2610 2351 τοῦ
2641 2292 2973 2354 σπονδύλου.
3032 2295 3130 2351 Καὶ
3191 2293 3355 2369 μόλις
3397 2301 3499 2363 τῆς
3559 2295 3758 2373 μάχης

2094 2382 2285 2457 ἐξῆλθε
2344 2390 2472 2456 ζῶν,
2529 2386 2620 2441 καὶ
2693 2382 3016 2443 καταλαϐὼν
3097 2388 3201 2456 τήν
3288 2381 3753 2459 Ἀδριανούπολιν

2093 2472 2494 2549 ἀναγορεύεται.
2550 2475 2648 2531 Καὶ
2708 2477 2784 2549 μὴ
2828 2472 3120 2549 δυνάμενος
3175 2473 3498 2554 ἕποχεῖσθαι
3543 2472 3755 2552 φορείῳ

2094 2565 2193 2633 τὴν
2225 2561 2389 2619 πόλιν
2452 2560 2772 2621 κατέλαϐεν.
2824 2565 2922 2628 ’ος
2983 2562 3074 2622 διὰ
3129 2564 3228 2633 τήν
3268 2563 3487 2637 πληγην
3549 2563 3602 2618 ἐν
3670 2567 3758 2635 τῷ

2094 2652 2354 2727 παλατίῳ
2428 2654 2681 2728 κείμενος
2732 2654 2995 2730 ἀπρόϊτος
3062 2657 3154 2724 ἦν,
3203 2648 3469 2709 ἐϐούλετο
3557 2649 3615 2707 δὲ
3661 2652 3758 2706 τὸν

2093 2741 2514 2820 κουροπαλάτην
2545 2743 2777 2819 Μιχαῆλ
2818 2745 2913 2800 τὸν
2942 2740 3191 2820 γαμϐρὸν
3244 2744 3415 2799 αὐτοῦ
3468 2741 3764 2817 ἐκτυφλῶ-

2100 2854 2211 2899 σαι,
2242 2837 2311 2908 τῇ
2335 2829 2392 2888 δὲ
2447 2838 2662 2908 γαμετῇ
2718 2839 2987 2911 Θεοφανοῖ
3033 2834 3132 2901 τῆν
3189 2829 3468 2907 βασιλείαν
3523 2828 3762 2886 καταλι-

2094 2927 2234 2977 πεῖν.
2269 2923 2434 2986 Γνοὺς
2466 2919 2523 2978 δὲ
2559 2925 2725 2978 τοῦτο
2757 2923 2785 2977 ὁ
2828 2920 3056 2999 Μιχαὴλ
3114 2920 3367 2999 ἐξαίφνης
3424 2919 3752 2996 ἀναγορεύε-

2092 3032 2182 3067 ται
2216 3009 2472 3087 βασιλεὺς
2503 3010 2554 3066 ἐν
2586 3016 2665 3084 τῷ
2695 3008 3058 3086 ῖπποδρομίῳ
3086 3010 3234 3084 παρά
3271 3017 3377 3080 τῆς
3439 3009 3761 3085 συγκλὴτου

2093 3100 2183 3156 καὶ
2212 3105 2322 3157 τῶν
2342 3100 2632 3176 ταγμάτων
2662 3100 2739 3163 ὡς
2793 3096 2902 3172 ἤδη
2963 3100 3385 3176 ἀπεγνωσμένου
3434 3103 3531 3156 τοῦ
3571 3104 3747 3153 Σταυ-

2096 3190 2304 3267 ρακίου.
2361 3191 2533 3266 Ὅπερ
2611 3191 2798 3264 μαθὼν
2860 3190 3197 3266 Σταυράκιος
3290 3192 3390 3245 τοῦ
3471 3187 3745 3244 παλατίου

2090 3279 2345 3352 ἐξελθὼν,
2375 3279 2436 3334 τὸ
2498 3278 2785 3353 μοναδικὲν
2844 3278 3034 3335 αὐτίκα
3093 3280 3185 3334 σὺν
3242 3282 3313 3354 τῇ
3371 3277 3588 3353 γυναικὶ
3649 3276 3744 3332 αὖ·

2089 3375 2186 3425 τοῦ
2234 3374 2500 3447 Θεοφανοῖ
2551 3368 2925 3444 περιθέμενος,
2983 3366 3061 3433 εἱς
3110 3368 3178 3425 τά
3235 3372 3416 3445 Βρακᾶ
3457 3388 3742 3442 μοναστη-

2093 3480 2210 3535 ριον
2232 3457 2568 3528 ἐτελεύτησε,
2599 3457 2688 3514 καὶ
2720 3456 2887 3539 ἐτάφη
2918 3455 2972 3514 ἐν
3016 3463 3088 3534 τῇ
3142 3463 3284 3534 μονῇ
3339 3462 3437 3513 τοῦ
3470 3459 3738 3531 Σατύρου.

2091 3550 2201 3608 Τὸν
2232 3546 2289 3603 δέ
2312 3554 2413 3619 τῆς
2443 3547 2859 3629 ἀρχιερωσύνης
2881 3547 3070 3625 θρόνον
3102 3554 3353 3625 κατεῖχεν
3376 3549 3406 3605 ὁ
3435 3548 3742 3625 ἀγιώτατος

2092 3638 2311 3717 Νικηφό
2320 3657 2431 3714 ρος.

2168 3799 2405 3877 Μιχαὴλ
2456 3797 2514 3856 δὶ
2590 3802 2619 3856 ὁ
2693 3796 3117 3874 κουροπαλάτης
3172 3800 3263 3856 καὶ
3339 3793 3596 3877 γαμϐρὸς
3645 3803 3744 3856 τοῦ

2101 3890 2370 3969 βασιλέως
2400 3888 2745 3972 Νικηφόρου,
2776 3890 2823 3964 ᾧ
2863 3884 3130 3965 Ῥαγκαϐὶ
3158 3893 3225 3960 ἦν
3286 3892 3321 3960 ἡ
3374 3892 3746 3966 προσηγορία,

2098 3982 2359 4058 ἰγκρατής
2410 3985 2518 4036 τῶν
2577 3981 2903 4053 Ῥωμαϊκῶν
2970 3975 3059 4035 διά
3110 3984 3208 4035 τοῦ
3267 3977 3449 4053 δημου
3498 3980 3591 4036 καῖ
3647 3986 3749 4049 τῆς

2100 4069 2415 4149 συγκλητου
2500 4066 2864 4126 ἀναδείκνυται
2945 4090 3260 4143 σκηπτρων,
3352 4068 3747 4141 ἀπωθούμενος

2102 4162 2196 4238 μὲν
2223 4162 2322 4232 τήν
2373 4160 2572 4236 ἀρχὴν,
2631 4158 2722 4214 καῖ
2783 4159 2859 4230 μή
2918 4158 3104 4222 ἱκανὸς
3160 4158 3295 4214 εἶναι
3354 4154 3534 4236 λέγων
3581 4155 3746 4232 ὄγκον

2097 4250 2371 4307 τοσούτων
2443 4246 2776 4324 πραγμάτων
2858 4247 3397 4323 προσαναζώσατθαιο
3480 4250 3561 4318 τῷ
3647 4267 3749 4301 πα-

2099 4339 2295 4415 τρικίῳ
2325 4336 2382 4394 δὲ
2414 4334 2601 4393 Λέοντι
2656 4341 2739 4410 τῷ
2793 4335 2845 4408 ἐξ
2901 4336 3227 4411 ’Δρμενίων,
3288 4332 3442 4413 ἀνδρὶ
3473 4335 3754 4409 θυμοειδεῖ

2106 4425 2356 4485 δοκοῦντι
2385 4426 2475 4482 καὶ
2522 4422 2839 4500 δραπηρίῳ
2887 4424 2980 4480 καὶ
3028 4428 3126 4480 τοῦ
3182 4425 3586 4502 στρατεύματος
3646 4429 3755 4480 τῶν

348 4518 556 4572 tinere.
589 4519 771 4582 Quem
822 4517 1162 4572 cohortatus
1192 4523 1283 4571 est
1310 4516 1384 4571 ad
1414 4516 1853 4589 suscipiendam
1902 4533 1990 4571 re-

2107 4516 2478 4579 Ἀνατολικῶν
2524 4514 2753 4591 ἄρχοντι
2807 4519 3143 4586 τηνικαῦτα,.
3183 4517 3498 4592 παρεχώρει
3541 4523 3643 4584 τῆς
3673 4516 3753 4589 ἐξ·

346 4622 478 4661 rum
509 4605 1020 4676 gubernationem,
1045 4605 1420 4676 promittens,
1448 4622 1517 4661 ac
1546 4605 1838 4676 promissa
1865 4622 1996 4678 gra-

344 4694 605 4749 vissimis
646 4693 1006 4765 juramentis
1054 4693 1330 4749 sanciens
1385 4694 1674 4749 famulum
1726 4695 1996 4766 seipsius

346 4801 452 4857 per
466 4800 705 4840 omnem
734 4783 910 4837 vitam
935 4782 1468 4854 fidelissimumque
1492 4789 1550 4839 et
1579 4782 1996 4839 alacerrimum

348 4872 770 4928 administrum
824 4872 970 4927 fore.
1005 4871 1091 4926 Ita
1127 4870 1445 4926 Michaelus
1476 4877 1681 4927 contra
1696 4871 1881 4927 animi
1906 4872 1994 4926 sui

350 4963 724 5035 prOpositum
749 4961 984 5033 imperii
1034 4960 1298 5016 habenas
1346 4961 1686 5018 tractandas
1713 4961 1994 5033 suscepit.

349 5058 424 5108 At
440 5054 690 5108 Crumus
709 5051 1077 5124 Bulgaroruu.
1094 5050 1388 5123 princeps.
1400 5051 1773 5107 successibus
1784 5050 1996 5119 elatus,

350 5158 485 5197 cum
517 5141 742 5197 videret
789 5139 913 5196 suis
962 5155 1199 5211 quoque
1252 5139 1485 5195 animos
1543 5141 1697 5201 84-!
1771 5139 1997 5196 recenti

350 5232 594 5288 victoria
618 5238 847 5297 auctos,
880 5231 1175 5288 incendiis
1204 5236 1263 5286 et
1292 5231 1778 5303 populationibus
1829 5230 1996 5289 Occi-

353 5320 594 5376 dentem
629 5319 917 5376 vastabat.
941 5320 1087 5375 Huic
1136 5318 1293 5375 bello
1343 5320 1776 5376 occurrendum
1809 5320 1998 5393 repri-

354 5407 720 5476 mendasque
752 5408 881 5478 ejus
900 5415 1188 5478 quantum
1221 5407 1351 5464 ﬁeri
1399 5415 1601 5480 posset
1629 5410 2000 5466 incursiones

355 5494 996 5566 Michaelusjudicans,
1055 5496 1327 5552 celeriter
1391 5498 1653 5556 dimissis
1701 5499 1763 5555 in
1793 5516 2003 5556 omnes

350 5589 554 5657 partes
610 5583 819 5641 edictis
876 5586 1169 5642 exercitus
1213 5586 1457 5660 colligit.
1508 5588 1624 5645 Sed
1649 5594 1709 5644 et
1752 5590 2003 5647 Crumus

359 5675 428 5731 de
457 5673 835 5748 imperatoris
879 5673 1256 5745 expeditione
1303 5676 1522 5732 certior
1596 5676 1805 5748 factus,
1865 5694 2003 5734 suos

2107 4607 2314 4675 ουσίας,
2343 4604 2439 4662 κάν
2481 4604 2679 4667 ἐκεῖνος
2710 4600 3003 4676 διδομένην
3062 4598 3249 4660 λαϐεῖν
3306 4604 3409 4660 οὐκ
3464 4605 3756 4676 ἠθέλησεν,

2110 4696 2320 4768 ἀνάξιον
2382 4695 2570 4750 ἑαυτὸν
2657 4691 2954 4748 ἀποκαλῶν
3022 4697 3119 4749 τοῦ
3204 4691 3495 4768 βασιλικοῦ
3534 4694 3751 4768 θρόνου.

2111 4784 2484 4861 ΙΙρούτρὲπετο
2516 4780 2574 4838 δὲ
2606 4778 2823 4856 μᾶλλον
2883 4781 2977 4838 τὸν
3034 4782 3271 4856 Μιχαὴλ
3332 4782 3408 4846 ὡς
3453 4782 3602 4854 αὖτῴ
3626 4782 3756 4857 πρέ.

2106 4894 2208 4929 πον
2268 4869 2618 4942 ἀναδέξασθαι
2657 4871 2721 4926 τὸ
2777 4870 2999 4945 κράτος,
3065 4870 3157 4925 καὶ
3211 4871 3373 4931 αὖτίς
3435 4871 3755 4950 ὑπισχνεῖτο

2109 4963 2330 5033 οἰκέτης
2363 4960 2573 5025 ἔσεσθαι
2606 4958 2695 5016 διὰ
2728 4960 2848 5037 βίου
2905 4960 2997 5016 καὶ
3053 4957 3375 5037 λειτουργὸς
3432 4962 3755 5024 πιστότατός

2106 5073 2167 5108 τε
2216 5050 2307 5107 καὶ
2373 5048 2833 5126 δραστικώτατος,
2890 5050 2980 5106 καὶ
3051 5049 3237 5123 ὅρκοις
3293 5048 3753 5129 φρικωδεστάτοις

2110 5138 2364 5198 ἰθεπέδου
2419 5140 2516 5204 τάς
2571 5137 2915 5216 ὑποσχέσεις.
2974 5139 3063 5214 [Ρ.
3125 5140 3252 5213 483]
3302 5139 3461 5196 Οὕτω
3546 5138 3604 5197 ὂὶ
3659 5144 3758 5195 τοῦ

2111 5230 2342 5306 Μιχαὴλ
2397 5230 2487 5285 καὶ
2541 5229 2689 5304 παρά
2744 5229 2836 5285 τὸν
2922 5226 3121 5284 οἰκεῖον
3204 5229 3406 5285 σκοπὸν
3459 5232 3555 5293 τὰς
3602 5229 3759 5300 ἡνίας

2108 5316 2503 5393 ἀναδεξαμένου
2534 5325 2632 5389 τῆς
2667 5315 2972 5392 βασιλείας,
3011 5316 3263 5393 Κρούμου
3319 5339 3379 5374 τε
3432 5323 3532 5375 τοῦ
3592 5319 3758 5394 βουλ-

2108 5410 2289 5486 γάρων
2357 5407 2629 5484 ἄρχοντος
2699 5412 2816 5470 ταῖς
2900 5404 3204 5483 ἔμπροσθεν
3264 5407 3542 5484 εὐτυχίαις
3598 5407 3767 5486 ἐπαρ-

2112 5499 2314 5566 θέντος,
2358 5497 2448 5553 καὶ
2502 5502 2611 5552 τῶν
2651 5493 2981 5574 Βουλγάρων
3036 5498 3583 5575 φρονηματισθέντων
3639 5504 3761 5563 ταῖς

2110 5588 2306 5658 νίκαις,
2330 5588 2399 5644 τά
2420 5591 2519 5655 τῆς
2551 5587 2762 5650 Δύσεως
2790 5583 3134 5662 ἐπυρπόλουν
3183 5607 3242 5643 τε
3296 5586 3386 5643 καὶ
3443 5586 3758 5661 έληΐζοντο.

2114 5675 2332 5749 Ἕδοξεν
2371 5677 2463 5732 οῦν
2519 5679 2601 5749 τῷ
2656 5671 2879 5750 βασιλεῖ
2919 5672 3155 5755 Μιχαὴλ
3211 5674 3590 5750 έκστρατεῦσαι
3642 5681 3762 5735 κατ’

3986 1033 3987 1091 ι

3986 1094 3989 1179 i

3988 1190 3991 1259 l

3992 1294 3993 1349 ι
