4052 6316
370 438 488 503 929

1515 442 2052 507 HISTORIARUM
2099 443 2652 507 COMPENDIUM.

3668 420 3788 502 930

368 577 548 632 αὐτῶν
579 575 669 632 καὶ
700 577 820 640 καθ’
850 576 978 633 ’ὀσον
1014 576 1133 633 οἷόν
1171 598 1231 635 τε
1275 577 1522 655 ἐπισχεῖν
1554 577 1646 634 καὶ
1677 576 2016 654 ἀναχαιτίσαι

2140 594 2214 633 ex
2261 576 2727 650 praedationibus
2769 582 3074 635 revocatos
3132 577 3195 632 in
3240 593 3428 633 unum
3486 575 3784 642 conducit,

367 669 462 729 τὰς
495 666 875 742 Βουλγαρικάς
905 672 1208 743 προνομάς.
1237 668 1389 744 Ταχύ
1439 689 1499 724 τε
1544 665 1635 724 οὖν
1684 665 2032 742 διατάγματα

368 755 680 831 ἐπέμποντο
738 763 1020 834 πανταχού
1104 758 1197 814 καὶ
1270 758 1415 834 ταχὺ
1500 757 1567 813 τὰ
1654 758 2030 832 στρατεύματα

366 846 820 920 συνηθροίζοντο.
873 848 977 904 Καὶ
1036 848 1065 903 6
1122 850 1377 922 Κροῦμος
1410 845 1467 904 δὲ
1495 849 1596 918 τήν
1629 847 1724 902 τοῦ
1757 848 2031 923 βασιλέως

367 937 684 1012 πυθόμενος
711 938 950 1008 κίνησιν,
980 938 1072 994 τὸν
1111 939 1305 995 ἑαυτοῦ
1360 937 1491 994 λαὸν
1520 937 1582 995 ἐκ
1608 942 1708 1003 τῆς
1741 946 2028 1014 προνομῆς

369 1024 844 1100 ἀνακαλεσάμενος
902 1030 992 1083 καί
1054 1029 1143 1106 ὑφ’
1195 1025 1252 1085 ’ἐν
1305 1028 1682 1103 συναθροίσας,
1735 1029 2028 1105 στρατόπε-

371 1112 466 1171 δόν
521 1136 579 1172 τε
636 1116 897 1191 καρτερὸν
962 1115 1114 1190 μάλα
1169 1116 1403 1189 ἐπήξατο
1461 1118 1549 1172 καὶ
1606 1113 1825 1174 ἐπιόντα
1857 1138 2073 1192 προσ-.

372 1202 531 1279 ἔμενε
582 1203 675 1260 τὸν
736 1201 982 1280 βασιλέα.
1041 1205 1131 1269 Ὠς
1189 1204 1247 1261 δὲ
1298 1206 1385 1261 καὶ
1442 1205 1599 1269 οὗτος
1659 1206 1881 1284 ἄφίκετο
1937 1205 2026 1261 καὶ

370 1291 936 1370 παρεστρατοπέδευσε
1005 1299 1086 1367 τῷ
1173 1295 1417 1369 Κρούμῳ
1492 1295 1670 1370 ἀγχοῦ
1754 1317 1860 1351 που
1923 1302 2025 1366 τῆς

371 1382 878 1458 Ἀδριανουπόλεως
976 1382 1349 1458 αύλιζομένῳ,
1430 1381 1834 1460 ἀκροϐολισμοὶ
1930 1387 2024 1459 μὲν

371 1474 614 1550 ἐγίνοντο
691 1479 935 1550 συνεχεῖς
1008 1475 1098 1530 καὶ
1159 1474 1284 1531 ὅσον
1345 1474 1396 1530 ἐν
1458 1469 1777 1546 ἑκηϐολίαις
1843 1476 2026 1552 μάχη,

371 1564 463 1620 καὶ
519 1562 573 1619 ἐν
624 1563 821 1626 πάσαις
877 1564 1067 1627 αὐταῖς
1146 1562 1561 1640 ἐπικρατέστερα
1612 1564 1679 1619 τά
1732 1565 2022 1639 Ῥωμαίων

373 1652 638 1734 ἐφαίνετο,
693 1653 769 1715 ὡς
822 1653 913 1709 καὶ
961 1655 1294 1731 φυσηθέντας
1356 1651 1447 1709 διὰ
1493 1658 1659 1711 τοῦτο
1704 1653 1829 1716 τοὺς
1861 1675 2023 1728 στρα-

370 1743 574 1803 τιώτας
631 1742 806 1816 ὁρμᾷν
863 1742 952 1798 καὶ
1011 1740 1300 1821 σφαδάζειν
1358 1743 1493 1818 πρὸς
1552 1742 1879 1821 ἀγχέμαχον
1931 1743 2023 1799 καὶ

370 1828 674 1901 καθολικὴν
725 1830 1079 1904 συμπλοκήν.
1137 1830 1465 1911 Ἐπέχοντος
1515 1828 1573 1888 δὲ
1620 1837 1717 1888 τοῦ
1749 1830 2021 1904 βασιλέως

369 1918 462 1976 καὶ
521 1914 916 1996 διατρίϐοντος,
976 1917 1084 1976 εἷ’τε
1140 1916 1229 1976 διὰ
1287 1918 1517 1987 δειλίαν,
1560 1919 1744 1997 ὥσπερ
1775 1919 2013 1997 ἐλέγετο,

370 2007 479 2065 εἴτε
507 2007 596 2064 καὶ
628 2011 815 2084 καιρὸν
872 2011 1165 2081 ζητοῦντος
1220 2009 1314 2065 τὸν
1372 2008 1705 2083 ἐπιτήδειον,
1757 2011 1833 2073 εἰς
1863 2011 2016 2066 ἀναι-

371 2098 630 2174 σιυντίσν
661 2099 723 2154 τὸ
753 2096 966 2168 πλῆθος
999 2097 1227 2175 ἐτράπη,
1281 2097 1374 2154 καὶ
1430 2094 1704 2155 κατεϐόων
1740 2098 1816 2162 εὶς
1846 2099 2017 2175 πρόσ-

370 2208 521 2243 ωπον
572 2185 669 2242 τού
727 2186 1021 2262 βασιλέως,
1077 2186 1168 2243 καὶ
1246 2186 1298 2243 εἶ’
1369 2190 1445 2261 μή
1506 2187 1696 2259 ἐξάξει,
1752 2186 2018 2259 ἠπείλουν

360 2277 520 2333 αὐτοί
577 2297 637 2332 τε
691 2273 977 2353 διαρῥήξαι
1031 2277 1124 2332 τὸν
1184 2276 1401 2352 χάρακα
1447 2278 1536 2332 καὶ
1590 2275 1844 2352 συῤῥάξαι
1900 2284 2018 2342 τοῖς

357 2365 644 2428 ἐναντίοις.
702 2366 931 2428 Τούτοις
989 2363 1383 2430 κατακλασθεὶς
1443 2371 1560 2430 τοῖς
1620 2368 1814 2444 λόγοις
1857 2368 1884 2423 6
1919 2369 2015 2443 βα-

356 2457 542 2519 σιλεὺς
573 2455 848 2534 ἀνοίγνυσί
895 2476 953 2511 τε
1008 2457 1106 2521 τὰς
1166 2454 1348 2521 πύλας
1403 2461 1501 2513 τοῦ
1532 2454 1897 2533 στρατοπέδου
1925 2458 2015 2514 καὶ

352 2548 490 2621 πρὸς
547 2545 846 2620 παράταξιν
904 2543 1122 2604 ἵστατο.
1185 2548 1264 2603 Τὸ
1320 2542 1365 2600 δ’
1423 2545 1555 2602 αὐτὸ
1621 2550 1784 2602 τοῦτο
1838 2547 1929 2602 καὶ
1987 2549 2014 2603 ὁ

363 2638 615 2710 Κροῦμος
676 2635 988 2710 εἰργάσατο,
1045 2635 1136 2690 καὶ
1194 2635 1285 2690 τὸν
1344 2636 1537 2691 ἑαυτοῦ
1593 2637 1848 2708 συντάξας
1880 2635 2011 2693 λαὸν

369 2721 689 2799 ἀντίῤῥοπος
746 2722 874 2794 ἔστη
934 2728 1013 2796 τῷ
1090 2722 1330 2800 βασιλεῖ.
1392 2722 1584 2781 Πολλὰ
1642 2722 1688 2781 δ’
1746 2724 1902 2788 οὗτός
1956 2748 2015 2782 τε

365 2818 610 2880 κάκεῖνος
650 2817 741 2874 τὸν
800 2818 991 2874 ἑαυτοῦ
1045 2814 1272 2880 ἕκαστος
1328 2817 1707 2892 παρακαλέσας
1737 2816 1890 2889 λαὸν,
1922 2819 2011 2875 καὶ

365 2905 565 2985 λόγους
623 2905 946 2985 ἐπαγωγοὺς
995 2909 1085 2963 καὶ
1145 2909 1485 2983 παραινέσεις
1544 2907 1784 2971 εἰπόντες
1836 2928 2010 2983 παρα-

358 2999 583 3053 καλέσαι
638 2994 936 3070 δυναμένας
974 2997 1112 3072 πρὸς
1162 2997 1362 3069 ἀλκήν,
1411 2997 1571 3060 τέλος
1613 3000 1675 3054 τὸ
1704 2997 2008 3071 πολεμικὸν

356 3092 479 3149 ταῖς
536 3085 795 3164 σάλπιγξι
855 3086 1236 3161 σημηνάμενοι
1293 3085 1570 3157 ἀλλήλοις
1619 3086 2008 3164 προσέρῥαξαν.

357 3176 666 3252 Εὐρώστως
715 3173 774 3232 δὲ
814 3181 924 3232 τῶν
974 3175 1260 3248 Ῥωμαίων
1311 3175 1657 3232 ὓποστάντων
1687 3177 1814 3240 τοὺς
1842 3176 2012 3233 πολε-

358 3265 541 3340 μίους,
570 3268 829 3340 ἡρωϊκῶς
871 3287 931 3322 τε
979 3266 1069 3321 καὶ
1120 3263 1381 3341 ἀνδρείως
1412 3265 1853 3341 ἀγωνιζομένων,
1888 3262 2008 3320 ἐδα-

352 3361 558 3413 πανᾶτο
605 3357 673 3412 τὰ
726 3361 833 3412 τῶν
897 3355 1256 3431 Βουλγάρων,
1329 3355 1420 3411 καὶ
1496 3353 1573 3418 εἷς
1630 3353 1871 3426 παντελῆ
1948 3354 2007 3411 ἂν

355 3442 574 3501 ἀπεῖδεν
634 3446 937 3523 ὑπαγωγὴν
988 3443 1119 3520 (ἤδη
1180 3445 1285 3520 γὰρ
1342 3444 1432 3501 καὶ
1489 3443 1652 3508 αὐτὸς
1693 3446 1721 3500 6
1759 3449 2007 3519 Κροῦμος

358 3535 634 3609 ἀπέκαμεν
667 3537 988 3610 ἁπανταχοῦ
1045 3533 1472 3608 ἐξιππαζόμενος
1530 3534 1621 3591 καὶ
1652 3534 1719 3590 τὰ
1746 3540 2010 3591 πονοῦντα

355 3628 468 3679 τῶν
521 3622 941 3699 στρατευμάτων
1023 3618 1470 3705 ἀναλαμϐάνων),
1540 3623 1586 3678 εί
1647 3625 1723 3696 μή
1786 3623 1934 3679 Λέων
1981 3624 2009 3679 6

354 3717 466 3769 τῶν
508 3710 880 3769 Ἀνατολικῶν
910 3714 1216 3790 στρατηγὸς
1262 3718 1364 3781 τῆς
1424 3710 1702 3787 βασιλείας
1750 3710 1887 3788 ἐρῶν
1919 3712 2009 3768 καὶ

357 3802 425 3858 τὰ
480 3802 567 3858 ὑπ’
616 3801 774 3857 αύτὸν
835 3799 1148 3879 διαφθείρας
1206 3798 1478 3878 τάγματα,
1535 3800 1628 3857 σὺν
1688 3801 1875 3864 αὐτοῖς
1906 3805 2006 3872 τήν

355 3892 503 3965 τάξιν
535 3889 825 3946 ἀπολιπὼν
885 3890 1066 3965 ᾤχετο
1125 3889 1339 3968 φεύγων
1397 3889 1572 3953 αἰτίας
1611 3889 1808 3970 χωρίς.
1836 3888 2011 3946 Τοῦτο

365 3976 410 3997 tu
523 3980 538 3996 υ
790 3984 795 3991 -
1069 3979 1083 3996 ς
1302 3976 1326 3997 ἢ
1354 3980 1365 4000 ρ
1462 3978 1476 3999 τ
1640 3988 1641 3991 η
1855 3980 1869 3999 \
1957 3980 1969 3996 ε

362 3994 421 4036 οε
450 4001 541 4035 και
582 3981 609 4034 6
643 3979 837 4042 λοιπος
896 3998 1122 4054 στρατος
1173 3994 1407 4035 κατιοων
1458 3979 1724 4054 εξεπλαγη
1781 4000 1871 4035 και
1918 4001 2009 4035 τον

2136 669 2466 742 castrisque
2498 671 2727 743 egregie
2761 671 3004 726 munitis
3033 669 3352 726 adventum
3383 670 3513 740 ejus
3543 674 3786 741 prmsto-

2135 758 2315 814 latur.
2350 759 2421 814 Ut
2449 760 2608 814 venit
2638 759 2977 831 imperator.
3003 766 3315 831 castraque
3346 759 3542 815 Crumi
3574 758 3783 814 castris

2134 848 2415 920 opposuit
2444 847 2602 903 haud
2633 850 2833 920 procul
2867 850 3272 921 Adrianopoli,
3307 849 3531 904 levibus
3563 849 3787 920 prmliis

2136 934 2388 990 subinde
2418 941 2708 991 certatum
2753 942 2842 991 est
2889 936 3242 1008 eminusque
3277 936 3404 992 telis
3437 944 3783 1010 pugnatum.

2131 1024 2354 1090 Quibus
2385 1041 2521 1080 cum
2554 1041 2790 1096 semper
2837 1025 3108 1097 Superior
3158 1031 3312 1080 esset
3359 1042 3454 1080 res
3503 1028 3787 1092 Romana,

2131 1113 2321 1169 inflati
2353 1114 2571 1170 milites
2593 1116 2825 1187 justum
2879 1114 3150 1187 praelium
3199 1114 3478 1170 ardenter
3507 1123 3784 1187 appetere

2130 1207 2307 1275 atque
2338 1203 2636 1275 postulare
2667 1210 2992 1276 coeperunt.
3027 1204 3290 1275 Cumque
3318 1204 3641 1275 imperator
3662 1204 3783 1259 sive

2130 1299 2313 1360 metu,
2341 1299 2408 1347 ut
2436 1293 2758 1359 ferebatur,
2809 1294 2927 1349 sive
2973 1294 3348 1350 occasionem
3382 1300 3627 1364 captans
3656 1293 3782 1347 ido-

2128 1398 2302 1437 neam
2334 1382 2632 1438 inhiberet
2661 1400 3011 1455 moramque
3042 1383 3335 1455 injiceret,
3358 1382 3431 1437 ad
3463 1382 3777 1453 impuden-

2131 1470 2272 1527 tiam
2305 1472 2589 1545 prolapsi,
2623 1473 2681 1527 in
2715 1473 2925 1528 faciem
2975 1473 3391 1546 imperatorem
3427 1472 3782 1544 importunis

2128 1561 2489 1617 clamoribus
2541 1562 2954 1636 objurgarunt,
2981 1563 3098 1618 nisi
3131 1563 3431 1628 educeret,
3480 1568 3674 1617 castra
3718 1577 3781 1616 se

2131 1659 2410 1724 rupturos
2428 1653 2608 1725 inque
2621 1653 2853 1709 hostem
2874 1655 3158 1726 impetum
3180 1654 3437 1710 facturos
3454 1654 3777 1708 minantes.

2126 1742 2204 1796 Iis
2263 1742 2442 1797 minis
2500 1741 2722 1797 fractus
2799 1744 3144 1815 imperator,
3204 1743 3388 1815 portis
3446 1749 3776 1798 castrorum

2126 1832 2367 1902 apertis,
2399 1848 2539 1887 suos
2569 1831 2631 1886 in
2663 1833 2852 1888 aciem
2882 1834 3083 1889 educit
3120 1833 3477 1904 ordinesque
3510 1831 3777 1888 instruit.

2123 1920 2285 1976 Idem
2312 1927 2371 1976 et
2396 1922 2645 1977 Crumus
2691 1923 2853 1978 facit.
2900 1923 3044 1978 Cum
3091 1929 3344 1995 uterque
3389 1921 3594 1978 multis
3634 1939 3773 1977 suos

2125 2009 2199 2065 ad
2245 2009 2656 2067 fortitudinem
2715 2016 2870 2068 esset
2927 2013 3288 2074 exhortatus,
3341 2012 3579 2068 tandem
3621 2013 3776 2068 clas—

2125 2099 2312 2154 sicum
2345 2099 2496 2155 845
2549 2101 2728 2172 canit,
2788 2107 2847 2156 et
2903 2101 3132 2157 intestaa
3179 2102 3336 2158 acies
3390 2107 3770 2158 concurrunt.

2120 2189 2367 2260 Jamque
2425 2190 2733 2262 Bulgarica
2786 2207 2883 2246 res
2936 2191 3301 2247 atterebatur
3344 2196 3404 2246 et
3459 2190 3535 2247 ad
3577 2193 3772 2267 fugam

2124 2279 2395 2351 protinus
2417 2279 2740 2351 spectabat,
2766 2280 2925 2351 quod
2955 2286 3013 2335 et
3042 2281 3291 2337 Romani
3321 2279 3553 2337 fortiter
3572 2282 3772 2336 hostes

2122 2368 2525 2424 subsistebant
2544 2375 2721 2440 atque
2738 2370 2977 2426 heroica
2992 2371 3203 2425 virtute
3222 2386 3479 2443 pugnam
3503 2371 3768 2438 obibant,

2122 2461 2180 2511 et
2209 2455 2334 2527 ipse
2371 2454 2497 2527 jam
2520 2456 2771 2513 Crumus
2801 2458 3065 2529 undique
3105 2458 3329 2513 circum
3361 2457 3681 2529 equitando
3714 2463 3775 2513 et

2120 2546 2360 2602 ordines
2390 2546 2732 2602 laborantes
2750 2548 3072 2603 reficiendo
3099 2548 3454 2619 defatigatus
3485 2542 3768 2603 eratcum

2124 2637 2237 2692 Leo
2269 2635 2386 2692 dux
2415 2636 2832 2695 Orientalium.
2864 2637 3096 2710 imperii
3131 2638 3401 2710 cupidus,
3437 2655 3574 2693 suos
3596 2638 3771 2693 dictis

2119 2734 2429 2797 corruptos
2460 2725 2532 2781 ab
2555 2726 2678 2781 acie
2702 2727 2934 2798 reliqua
2963 2727 3180 2795 avellit,
3208 2728 3491 2799 nultaque
3524 2733 3770 2799 urgente

2118 2816 2474 2871 necessitate
2522 2815 2719 2886 fugam
2768 2816 2928 2872 facit.
2991 2818 3107 2873 Hoc
3159 2816 3349 2877 visum
3400 2817 3768 2887 reliquorum

2116 2906 2350 2962 animos
2381 2905 2636 2976 perculit
2691 2906 3069 2978 vigoremque
3126 2906 3493 2963 fortitudinis
3522 2907 3765 2962 retudit.

2116 2998 2187 3051 Et
2215 2995 2472 3068 Bulgari,
2504 2996 2604 3068 qui
2635 2995 2891 3069 jamjam
2949 2998 3011 3052 in
3061 2997 3262 3070 fugam
3320 3013 3383 3052 se
3441 2998 3770 3069 conjecturi

2114 3085 2488 3152 videbantur,
2514 3085 2731 3140 animis
2763 3089 3015 3158 receptis
3045 3104 3113 3142 ac
3143 3087 3403 3142 elamore
3431 3092 3489 3140 et
3516 3087 3769 3158 strepitu

2116 3176 2349 3233 sublato
2382 3175 2444 3230 in
2488 3178 2786 3232 Romanos
2838 3176 3161 3233 irruerunt.
3195 3180 3282 3232 lta
3310 3178 3552 3233 victoria
3582 3177 3641 3232 in
3674 3179 3772 3234 al-

2117 3272 2304 3322 teram
2339 3264 2576 3321 transiit
2619 3272 2871 3337 partem.
2922 3267 3067 3322 Nam
3116 3266 3366 3323 Romani
3405 3282 3647 3322 suorum
3681 3267 3771 3322 di-

2116 3359 2419 3415 scessione
2440 3358 2673 3414 animos
2694 3358 3224 3432 dejecti,impetum
3244 3361 3622 3433 Bulgarorum
3651 3377 3771 3415 non

2117 3450 2549 3516 sustinuerunt,
2583 3449 2686 3504 sed
2735 3449 2932 3506 statim
2969 3456 3131 3522 terga
3155 3449 3466 3506 dederunt.
3496 3450 3658 3505 Multi
3693 3450 3772 3505 ibi

2123 3539 2339 3594 milites
2370 3544 2428 3593 et
2456 3554 2577 3593 non
2609 3539 2781 3611 pauci
2810 3538 3088 3595 ductores
3118 3539 3481 3595 ceciderunt.
3514 3540 3592 3595 1m
3604 3557 3772 3611 pera-

2119 3632 2213 3683 tor
2242 3643 2393 3700 mgre
2425 3644 2558 3683 cum
2582 3632 2747 3700 parte
2770 3628 3063 3685 exercitus
3084 3629 3313 3696 integra
3340 3629 3772 3700 Adrianopolin

2119 3716 2406 3787 pervenit,
2437 3720 2614 3788 atque
2645 3715 2783 3771 inde
2814 3716 3369 3787 Constantinopolin
3400 3716 3596 3783 rediit,
3628 3718 3775 3772 Leo-

2120 3821 2259 3860 nem
2289 3821 2424 3860 cum
2455 3804 2579 3859 suis
2609 3805 2672 3859 in
2704 3805 2951 3860 Thracia
2999 3805 3367 3876 relinquens,
3401 3811 3466 3859 ut
3494 3806 3770 3876 praesidio

2120 3893 2347 3968 regioni
2397 3899 2554 3949 esset
2594 3893 3086 3966 incursionesque
3137 3894 3522 3968 Bulgarorum
3580 3894 3769 3966 repri-

2124 3987 2334 4038 meret.

360 4072 519 4128 τόνον
546 4072 645 4136 τῆς
700 4065 919 4144 ἀνδρίας
968 4067 1261 4145 ἐχαύνωσε.
1319 4069 1419 4126 Καὶ
1475 4069 1529 4123 οἱ
1589 4067 1895 4145 Βούλγαροι
1953 4067 2078 4125 ὅσον
2137 4068 2352 4124 οὐδέπω
2403 4074 2588 4146 φυγεῖν
2621 4068 2863 4145 ἐπίδοξοι
2893 4069 3062 4136 ὄντες,
3095 4070 3559 4147 ἀναθαρρήσαντες
3591 4068 3769 4143 ἐπῆλ-

365 4168 458 4223 θον
491 4159 608 4230 μετ’
637 4155 969 4233 ἀλαλαγμοῦ
997 4161 1115 4222 τοῖς
1142 4155 1441 4230 Ῥωμαίοις
1496 4156 1587 4212 καὶ
1645 4155 2011 4233 πτλίντροπον
2067 4158 2168 4227 τήν
2218 4157 2374 4229 νίκην
2413 4159 2750 4234 εἰργάσαντο.
2810 4163 2905 4230 Τῷ
2964 4155 3230 4239 συμϐάντι
3281 4162 3387 4238 γὰρ
3418 4163 3471 4216 οἱ
3501 4163 3771 4234 Ῥωμαῖοι

358 4242 798 4319 καταϐληθέντες
855 4246 951 4309 τὰς
1006 4246 1192 4325 ψυχὰς
1240 4247 1343 4316 τήν
1391 4248 1498 4299 τῶν
1559 4242 1887 4322 Βουλγάρων
1943 4245 2043 4301 οὐκ
2095 4245 2337 4319 ἐδέξαντο
2392 4244 2737 4324 προσϐολὴν,
2795 4248 2922 4306 ἀλλ’
2983 4249 3142 4313 εὐθὺς
3194 4250 3331 4322 πρὸς
3389 4252 3567 4330 φυγὴν
3613 4249 3772 4323 ἐτρά-

357 4357 560 4407 πησαν.
615 4335 938 4394 ’Δπώλοντο
997 4335 1093 4408 μὶν
1153 4335 1244 4390 οὗν
1298 4333 1388 4389 καὶ
1446 4339 1554 4390 τῶν
1613 4340 1960 4408 στρατιωτῶν
2011 4333 2243 4407 πολλοὶ,
2293 4336 2553 4394 πίπτουσι
2617 4335 2673 4394 Si
2727 4339 2819 4393 καὶ
2875 4344 2982 4394 τῶν
3038 4342 3356 4416 στρατηγῶν
3413 4338 3513 4393 οὐκ
3561 4336 3769 4413 ὀλίγοι,

362 4423 416 4480 ἐν
485 4428 568 4488 οἷς
621 4426 713 4481 καὶ
786 4423 1022 4502 Μιχαὴλ
1101 4423 1389 4500 μέγιστρος
1455 4422 1484 4478 6
1541 4420 1996 4498 Λακανοδράσιος.
2057 4427 2141 4500 [Ρ.
2199 4428 2328 4500 484}
2385 4427 2447 4484 Ὀ
2505 4423 2564 4482 δὲ
2623 4426 2880 4503 βασιλεὺς
2943 4426 3106 4502 μόλις
3178 4428 3314 4501 μετά
3370 4448 3512 4491 τινος
3574 4426 3771 4501 μέρους

364 4511 670 4589 ἀθραύστου
701 4514 777 4576 εἰς
810 4511 1268 4589 Ἀρκαδιούπολιν
1308 4512 1666 4583 ἀνασώζεται,
1696 4510 1896 4568 ἐκεῖθέν
1937 4533 1997 4568 τε
2026 4513 2125 4582 τήν
2178 4511 2440 4589 βασιλίδα
2484 4511 2914 4590 καταλαμϐάνει,
2949 4518 3042 4573 τὸν
3074 4505 3365 4592 εἴρημένον
3400 4515 3601 4572 Λέοντα
3635 4516 3772 4590 μετὰ

360 4606 472 4659 τῶν
504 4603 640 4682 ἀμφ’
667 4603 831 4660 αὐτὸν
860 4601 913 4659 ἐν
940 4602 1123 4679 Θρᾴκῃ
1156 4600 1500 4672 καταλιπὼν,
1551 4594 1693 4657 ὥστε
1747 4602 2071 4676 προσμένειν
2127 4603 2217 4659 καὶ
2272 4604 2368 4668 τὰς
2426 4601 2726 4677 λεηλασίας
2753 4609 2861 4661 τῶν
2896 4605 3227 4683 Βουλγάρων
3252 4605 3342 4662 καὶ
3371 4606 3468 4669 τὰς
3498 4602 3772 4683 ἐκδρομὰς

365 4691 707 4752 ἀνακόπτειν.

435 4793 497 4849 Ὀ
528 4789 584 4848 δὶ
629 4794 748 4848 καθ’
777 4792 967 4848 ἐαυτὸν
1014 4787 1135 4867 ἄρτι
1182 4791 1498 4866 γενόμενος,
1537 4790 1605 4860 ἤν
1632 4787 1822 4847 ὢδινεν
1856 4790 1909 4847 ἐν
1936 4796 2016 4864 τῷ

2190 4797 2268 4852 At
2297 4797 2430 4860 Leo,
2477 4795 2739 4868 digresso
2788 4796 3168 4870 imperatore,
3204 4815 3381 4870 quam
3412 4798 3515 4856 diu
3545 4797 3774 4855 occulte

359 4885 610 4957 κρυπτῷ,
652 4880 732 4943 εἷς
789 4886 906 4959 φῶς
965 4880 1139 4955 ἐξάγει
1189 4880 1543 4937 ἀποστασίαν.
1602 4880 2011 4955 Κοινωσάμενος

361 4970 465 5046 γᾶρ
523 4975 642 5035 τοῖς
697 4969 863 5026 αὐταῦ
945 4970 1259 5037 θιασώταις,
1313 4969 1402 5024 καὶ
1460 4968 1650 5046 καιρὸν
1704 4966 2012 5041 ἐπιτήδειον

363 5058 505 5117 εἶναι
535 5061 712 5135 φήσας
741 5058 820 5124 εἷς
840 5060 904 5116 τὸ
959 5058 1251 5132 πληρῶσαι
1309 5057 1374 5114 τὸ
1430 5055 1894 5130 σπουδαζόμενον,
1922 5057 2014 5115 καὶ

368 5146 442 5204 δι’
471 5148 652 5204 αὐτῶν
706 5146 907 5225 λόγους
955 5146 1290 5223 ὗποσπείρας
1345 5146 1538 5203 ἅπαντι
1584 5152 1666 5219 τῷ
1693 5152 1908 5223 στρατῷ
1938 5149 2013 5211 ὡς

360 5240 432 5312 τῇ
466 5236 690 5315 ἀφελείᾳ
743 5241 843 5293 τοῦ
898 5236 1168 5314 βασιλέως
1225 5235 1318 5291 καὶ
1373 5239 1444 5311 τῇ
1500 5237 1637 5312 πρὸς
1691 5236 1788 5299 τᾶς
1819 5256 2013 5311 στρατ-

361 5327 563 5401 ηγικάς
597 5325 827 5401 μελέτας
860 5325 1158 5398 ἀνασκησίᾳ
1199 5324 1268 5381 τά
1315 5344 1374 5380 τε
1425 5324 1707 5398 Ῥωμαϊκὰ
1738 5324 2011 5405 ἠφανίσθη

361 5415 555 5487 πλήθη
612 5417 703 5471 καὶ
762 5419 796 5485 ἡ
846 5415 1055 5472 παλαιὰ
1108 5413 1235 5489 δόξα
1290 5415 1380 5470 καὶ
1440 5412 1658 5470 εῧκΛεια
1694 5411 1875 5489 ᾤχετο
1904 5419 2013 5471 τῶν

358 5505 677 5577 Ῥωμαίων,
735 5505 825 5560 καὶ
897 5503 1040 5560 οὕτω
1099 5502 1413 5582 διαφθείρας
1473 5501 1603 5564 τοὺς
1688 5502 2017 5577 σέρατιώτας

364 5592 490 5668 ἄρτι
519 5590 795 5669 σποράδας
827 5591 886 5648 ἐκ
929 5600 1030 5664 τῆς
1058 5600 1269 5669 τροπῆς
1321 5591 1794 5675 ἐπανερχομένους
1821 5594 2018 5663 πεζοὺς

360 5681 452 5736 καὶ
484 5680 727 5757 γυμνοὺς
779 5680 871 5758 καὶ
929 5681 1286 5757 μιγνυμένους
1330 5685 1410 5755 τῷ
1459 5679 1553 5737 σὺν
1582 5679 1733 5755 αύτῷ
1761 5682 2019 5758 στρατεύ-

368 5754 524 5845 μαῖτι,
562 5754 746 5826 πείθει
1006 5754 1291 5849 ἀνταρυίαν
1344 5754 1511 5829 Ἰδεῖν.
1567 5754 1701 5831 Ἔκίν
1729 5754 1860 5846 μίᾶξ

2121 4884 2532 4957 parturiverat,
2557 4886 2949 4942 defectionem
2982 4888 3043 4942 in
3076 4889 3270 4944 lucem
3302 4887 3595 4943 ediditne
3619 4887 3775 4942 enim

2124 4991 2259 5032 cum
2285 4974 2407 5032 suis
2455 4975 2810 5032 satellitibus
2859 4976 3317 5040 communicata,
3351 4976 3505 5032 846
3528 4977 3777 5046 jamque

2124 5068 2358 5136 tempus
2378 5069 2591 5138 optata:
2612 5064 2698 5120 rei
2725 5064 3113 5121 conficienda;
3134 5063 3452 5139 appetiisse
3474 5062 3774 5134 inquiens,

2124 5168 2540 5224 eorumppera
2568 5168 2871 5207 rumorem
2919 5169 3025 5224 per
3070 5152 3411 5209 universum
3451 5151 3777 5206 exercitum

2124 5240 2365 5312 spargit,
2396 5240 2775 5311 imperatoris
2807 5240 3188 5312 simplicitate
3211 5247 3270 5296 et
3290 5239 3642 5296 bellicarum
3673 5254 3779 5296 cu-

2123 5345 2324 5384 rarum
2380 5328 2681 5401 imperitia
2731 5328 3026 5385 Romanas
3073 5329 3274 5402 cepias
3322 5327 3567 5395 deletas,
3609 5336 3776 5384 vete-

2124 5434 2371 5489 remque
2401 5418 2594 5491 genlis
2624 5418 2874 5490 gloriam
2904 5425 3081 5491 atque
3110 5416 3331 5476 famam
3365 5420 3632 5492 periisse.
3659 5421 3779 5476 Hoc

2124 5507 2302 5563 modo
2334 5505 2551 5562 animis
2580 5508 2836 5565 mililum
2867 5508 3179 5580 corruptis,
3210 5509 3420 5581 qui'ex
3449 5510 3585 5583 fuga
3614 5527 3779 5583 spar-

2126 5595 2238 5652 sim
2271 5594 2502 5669 pedites
2550 5596 2814 5668 nudi'que
2852 5597 3331 5667 revertebantur,
3365 5610 3467 5655 eos
3496 5600 3617 5656 suis
3648 5612 3781 5671 per-

2126 5684 2388 5761 miscuit,
2422 5686 2831 5765 persuasitque
2884 5680 2953 5745 ιιι
2980 5686 3328 5765 ειηΜξοιιειεΙο
3358 5689 3775 5748 desciscerent.

2127 5756 2678 5852 Ergo'in'ilités'iuno
2722 5756 3199 5852 «iames‘iniiﬁét'u'
3216 5759 3540 5837 ιειῖιὸιηῑιιω
3565 5776 3780 5835 ιεσηὶει
