4108 6300
406 385 522 448 931

1761 376 2077 444 GEORGII
2120 375 2272 441 CED
2283 378 2470 442 BENI

3701 376 3821 442 932

407 521 664 595 cingere,
697 524 898 591 turpes
925 523 982 573 et
1028 516 1405 590 impudentes
1435 515 1507 574 de
1538 516 1895 590 imperatore
1922 531 2040 571 ser-

2163 511 2342 587 ὁρμῆς
2373 513 2475 583 τήν
2522 511 2730 584 σκηνήν
2785 509 2986 569 τούτου
3036 513 3562 588 περιστοιχήσαντες
3618 510 3826 590 λόγους

407 627 616 668 mones
638 610 886 682 jactare,
921 607 1196 664 timidum
1245 623 1381 664 eum
1421 615 1481 663 et
1510 608 1917 664 etYeminatum
1947 622 2054 678 ap-

407 700 651 772 pellare,
705 698 806 769 qui
863 714 972 753 sua
1019 698 1291 753 fatuitate
1353 700 1643 753 Romanos
1701 695 2056 769 perdidisset

408 788 702 845 exercitus
733 787 1166 858 pristinamque
1196 787 1431 858 imperii
1464 787 1712 860 gloriam
1743 787 2054 842 obscuras-

408 884 516 948 set,
549 885 754 936 contra
786 880 1038 934 Leonem
1068 879 1262 951 palam
1289 877 1497 934 faustis
1527 876 2054 934 acclamationibus

403 969 822 1042 imperatorem
883 972 1285 1025 Romanorum
1359 968 1638 1026 salutare.
1694 967 2056 1022 Simulanter

403 1064 886 1132 tergtversantem
904 1057 1288 1129 etimperium
1301 1056 1722 1113 detrectantem
1735 1055 2053 1112 Michaelus

401 1149 642 1204 Amorio
670 1147 977 1208 oriundus.
1007 1153 1398 1218 cognomento
1431 1146 1667 1212 Balbus,
1690 1146 1809 1202 dux
1840 1151 1898 1201 et
1927 1145 2052 1216 ipse

401 1237 709 1294 cuiusdam
741 1239 1022 1292 Romana:
1052 1235 1320 1305 legionis.
1356 1235 1557 1290 stricto
1597 1235 1810 1308 gladio,
1835 1234 2051 1304 jussis-

403 1343 518 1398 que
549 1326 707 1381 idem
736 1325 930 1381 facere
962 1326 1191 1380 caneris
1229 1325 1423 1387 sociis.
1458 1325 1718 1380 minatus
1749 1330 1838 1379 est
1869 1341 1929 1379 se
1963 1323 2053 1378 in-

400 1414 808 1473 terfecturum.
841 1415 954 1469 nisi
985 1415 1185 1469 volens
1243 1414 1558 1485 imperium
1591 1413 1936 1485 susciperet.
1969 1415 2056 1469 Ita

404 1521 541 1577 ergo
574 1505 686 1560 Leo
708 1503 983 1560 diadema
1011 1503 1196 1558 sumit
1217 1508 1274 1559 et
1302 1503 1624 1575 imperator
1651 1505 2052 1559 Romanorum

405 1593 758 1649 declaratur.
783 1596 1116 1663 Antequam
1141 1593 1266 1648 haec
1287 1592 1367 1647 ita
1387 1599 1757 1664 gererentur.
1779 1591 2052 1647 redeunti

409 1699 480 1738 ex
508 1682 644 1754 fuga
673 1681 958 1736 Michaelo
990 1681 1330 1752 imperatori
1357 1681 1605 1753 jamque
1637 1681 1800 1753 Cpoli
1857 1681 2050 1752 proxi-

403 1789 501 1828 mo
555 1774 811 1828 Joannes
868 1771 1192 1827 Exabulius
1243 1787 1585 1839 occurrens,
1645 1771 1874 1826 cladem
1916 1770 2050 1825 forti

2169 601 2267 674 μὲν
2323 601 2584 678 ἀπρεπεῖς
2667 606 2756 658 καὶ
2841 602 3232 676 ἀναισχύντους
3319 603 3686 680 ἆπεῤῥῖπτουν
3743 606 3822 668 εἰς

2169 690 2420 768 βασιλέα,
2477 689 2662 748 δειλὸν
2721 692 2883 748 αὐτὸν
2951 691 3350 755 ἀποκαλοῦντες
3404 693 3494 749 καὶ
3552 693 3819 768 ἄνανδρον

2162 782 2334 851 καῖἒξ
2392 779 2648 856 ἀφελείας
2704 781 2772 837 τὰ
2826 802 2886 838 τε
2942 783 3228 856 Ῥωμαϊκὰ
3285 782 3601 838 ἀπολλύντα
3661 805 3824 859 στρα-

2161 872 2400 945 τεύματα
2430 873 2520 927 καὶ
2573 873 2639 928 τὸ
2689 871 2850 935 κλέος
2881 872 2970 928 καὶ
3023 873 3124 941 τὴν
3159 871 3316 944 δόξαν
3357 874 3690 948 ἀχρειοῦντα
3717 881 3825 944 τῆς

2169 960 2470 1036 βασιλείας,
2501 959 2661 1017 αὐτὸν
2713 958 2772 1016 δὶ
2819 958 3120 1042 ἀναφανδὸν
3151 963 3430 1041 εὐφήμουν
3461 963 3554 1018 καὶ
3589 964 3826 1039 βασιλέα

2161 1049 2454 1123 Ῥωμαίων
2523 1049 2836 1126 ἐκήρυττον.
2912 1051 3300 1126 Θρυπτομένου
3359 1049 3417 1107 δὶ
3470 1073 3671 1109 τουτου
3729 1054 3826 1107 καὶ

2162 1141 2262 1208 τὴν
2311 1139 2491 1215 ἀρχὴν
2539 1139 2952 1212 ἀποσειομένου,
3018 1139 3254 1216 Μιχαὴλ
3297 1141 3326 1196 ὁ
3365 1141 3416 1212 ἐξ
3470 1143 3758 1214 Ἀμωρίου
3793 1145 3823 1198 ὁ

2161 1227 2434 1302 Τραυλὸς.
2488 1229 2771 1305 τάγματὸς
2803 1250 2953 1293 τινος
3010 1231 3097 1285 καὶ
3149 1230 3310 1292 αὐτὸς
3365 1231 3688 1304 Ῥωμαϊκοῦ
3749 1231 3831 1305 ἒξ-

2162 1317 2492 1392 ηγούμενος,
2524 1320 2586 1373 τὸ
2627 1318 2780 1396 ξίφος
2827 1319 3189 1391 σπασάμενος,
3219 1325 3380 1375 τοῦτο
3413 1318 3470 1375 δὲ
3497 1321 3588 1375 καὶ
3620 1319 3824 1384 ἄλλοις

2160 1411 2278 1470 τοῖς
2305 1410 2404 1462 τοῦ
2451 1402 2608 1482 ἔργου
2670 1406 2950 1484 μετόχοιέ
3004 1413 3182 1463 ποιεῖν
3234 1407 3546 1484 ἐπιτρέψας,
3593 1409 3825 1486 ἀναιρή-

2163 1515 2273 1550 σειν
2301 1495 2543 1566 ἠπείλει,
2575 1497 2622 1551 εί
2657 1499 2732 1569 μὴ
2769 1495 3033 1558 ἑκουσίως
3088 1495 3442 1573 προσδέξοιτο
3472 1500 3574 1567 τήν
3607 1501 3820 1575 ἀρχὴν.

2163 1584 2267 1642 Καὶ
2325 1585 2485 1649 οὗτος
2545 1585 2642 1659 μὲν
2695 1585 2868 1649 οὕτως
2925 1583 3170 1660 διάδημά
3223 1607 3280 1642 τε
3331 1587 3668 1662 περιτίθεται
3725 1591 3821 1645 καὶ

2167 1672 2419 1750 βασιλεὺς
2475 1674 2766 1748 Ῥωμαίων
2820 1675 3222 1752 ἀναγορεύεται.
3285 1681 3419 1752 Πρὶν
3471 1678 3508 1746 ἦ
3562 1675 3623 1733 δὶ
3649 1683 3824 1734 ταῦτα

2163 1763 2426 1838 γενέσθαι,
2485 1762 2545 1819 έκ
2606 1771 2708 1832 τῆς
2785 1773 2996 1840 τροπῆς
3073 1765 3402 1836 ἐπανηκοντι
3456 1771 3537 1840 τῷ
3601 1769 3828 1843 βασιλεῖ

403 1862 602 1916 animo
635 1867 700 1916 ut
730 1861 910 1916 ferret
935 1860 1203 1916 hortatus
1233 1865 1358 1929 est;
1409 1859 1705 1932 simulque
1738 1866 2040 1932 perconta-

2159 1853 2390 1927 Μιχαὴλ
2421 1851 2510 1907 καὶ
2563 1851 2836 1928 γενομένῳ
2889 1860 2992 1923 τῆς
3053 1851 3341 1929 βασιλίδος
3368 1852 3602 1932 ἄγχιστα
3633 1857 3826 1915 Ἰωάν-

401 1955 495 2006 tus
529 1966 707 2022 quem
763 1950 951 2022 copiis
1006 1948 1352 2022 praefectum
1408 1951 1768 2022 reliquisset,
1797 1955 1856 2005 et
1894 1949 2042 2006 817

399 2039 756 2112 imperatore
815 2039 1072 2109 dicente,
1113 2056 1316 2095 curam
1371 2055 1501 2095 eam
1561 2056 1623 2096 se
1680 2039 2050 2096 commisisse

399 2130 576 2186 Leoni
598 2129 989 2186 Orientalium
1011 2128 1298 2193 duci,viro
1321 2129 1785 2202 prudentissimo
1817 2129 2051 2184 animo-

400 2237 512 2290 que
536 2236 673 2292 erga
693 2236 756 2275 se
777 2219 1375 2286 amico,Exabulius,«
1403 2218 2048 2290 Videris,inquit,mihi,

398 2326 432 2365 ο
457 2309 799 2381 imperator,
823 2308 1143 2364 admodum
1168 2307 1528 2379 fallijudicio
1561 2308 1633 2363 de
1661 2308 1831 2364 istius
1853 2307 2051 2362 homi-

395 2399 489 2454 nis
513 2381 830 2454 voluntate.
858 2421 886 2448 »
908 2399 1080 2453 Enim
1105 2415 1237 2453 vero
1260 2398 1526 2454 nondum
1549 2399 1770 2470 regiam
1801 2399 2048 2453 Michae-

395 2485 492 2542 lus
525 2486 864 2546 intraverat.
897 2504 1031 2542 cum
1075 2489 1128 2542 ei
1180 2488 1574 2542 annuntiatur
1621 2489 1875 2543 Leonem
1936 2487 2050 2542 im-

396 2580 733 2646 peratorem
759 2591 888 2630 esse
909 2575 1290 2632 declaratum.
1315 2576 1439 2640 Qua
1468 2576 1626 2632 fama
1645 2577 2048 2648 perterritum,

397 2667 454 2716 et
485 2663 628 2733 quid
655 2663 948 2735 agendum
984 2664 1137 2718 foret
1183 2661 1635 2731 deliberantem,
1668 2665 1883 2720 hortati
1917 2667 2044 2738 qui-

398 2749 534 2808 dam
593 2758 734 2808 sunt
789 2759 855 2807 ut
911 2753 1074 2808 omni
1131 2759 1349 2808 conatu
1395 2753 1711 2823 imperium
1743 2755 2047 2826 retineret,

396 2847 770 2914 tyrannoque
793 2859 896 2914 pro
929 2841 1076 2896 virili
1101 2857 1163 2897 se
1185 2849 1528 2914 opponeret.
1556 2845 1768 2898 Verum
1803 2845 2050 2900 Michae-

398 2929 514 2999 lus,
545 2938 612 2986 ut
641 2937 769 2987 erat
825 2931 1062 3002 ingenio
1121 2932 1283 3002 pacis
1339 2931 1624 2998 studioso,
1658 2933 1954 3003 conjicere
1986 2951 2046 2990 se

399 3017 460 3073 in
491 3019 815 3075 discrimen
842 3026 1020 3075 tantm
1068 3021 1151 3075 rei
1200 3020 1430 3085 nolens,
1464 3020 1684 3076 acriter
1711 3039 1814 3076 eos
1843 3037 2048 3094 repre-

394 3109 618 3168 hendit.
653 3125 688 3165 a
716 3111 933 3182 quibus
989 3109 1064 3166 ad
1121 3110 1322 3166 civiles
1363 3109 1556 3166 caedes
1593 3111 2047 3166 committendas

395 3200 813 3273 instigaretur:
847 3206 904 3255 et
952 3217 1196 3256 suorum
1239 3200 1556 3272 quemdam
1589 3200 1937 3257 intimorum
1970 3202 2044 3258 ad
2075 3233 2118 3300 ρ

395 3287 649 3343 Leonem
681 3305 814 3344 cum
847 3287 1200 3348 diademate.
1231 3305 1492 3360 purpura
1512 3305 1580 3344 ac
1609 3289 1824 3344 calceis
1855 3292 2042 3346 cocci-

395 3378 526 3432 neis
556 3377 706 3447 (haec
737 3376 970 3448 imperii
1003 3384 1142 3431 sunt
1173 3377 1447 3449 insignia)
1487 3377 1666 3434 misit.
1700 3378 1949 3450 imperio
1981 3397 2044 3436 se

387 3465 441 3519 ei
473 3465 684 3520 cedere
715 3463 1010 3526 indicans.
1035 3464 1191 3535 quod
1213 3464 1302 3518 vel
1334 3465 1508 3520 vitam
1536 3466 1808 3521 amittere
1839 3468 2037 3538 potius

385 3559 657 3609 censeret
685 3569 860 3625 quam
893 3553 1185 3626 guttulam
1231 3570 1414 3609 unam
1456 3555 1769 3610 Christiani
1805 3557 2042 3627 sangui-

383 3643 480 3698 nis
511 3641 702 3698 fusam
731 3659 994 3700 cernere.
1021 3642 1362 3713 jubensque
1393 3659 1530 3697 eum
1562 3643 1690 3698 sine
1721 3643 1846 3699 ullo
1881 3651 2043 3700 metu

382 3737 486 3786 aut
539 3731 912 3786 dubitatione
970 3731 1168 3786 venire
1230 3736 1288 3785 et
1345 3731 1566 3804 regiam
1622 3748 1932 3805 occupare.
1968 3737 2040 3788 At

379 3821 666 3892 Procopia
699 3820 1080 3892 imperatoris
1112 3836 1260 3876 uxor
1288 3826 1498 3876 contra
1525 3821 1657 3890 niti,
1690 3823 2041 3879 immorien-

377 3909 640 3980 dumque
671 3910 922 3982 imperio
957 3907 1156 3965 dicere
1183 3925 1196 3976 ;
1241 3925 1495 3981 cumque
1529 3911 1809 3966 maritum
1841 3928 1876 3966 a
1907 3931 2040 3984 pro-

375 3999 569 4070 posito
601 4013 718 4052 non
751 3998 1091 4060 deduceret.
1115 4015 1241 4054 rem
1265 3999 1428 4054 omni
1461 3998 1812 4070 indignitate
1844 4001 2034 4075 indig-

382 4085 614 4140 niorem
673 4085 990 4152 affirmare,
1051 4103 1100 4141 ει
1157 4086 1395 4157 tyranni
1451 4103 1602 4142 uxor
1647 4087 2032 4160 imperatorio

377 4173 638 4229 modiolo
661 4191 722 4230 se
744 4173 1030 4230 indutura
1053 4180 1229 4237 esset.
1253 4191 1430 4247 quam
1453 4181 1512 4230 et
1535 4176 1774 4232 Barcam
1799 4178 2028 4232 nomini

377 4261 637 4318 illudens
667 4262 1038 4335 appellabat;
1069 4263 1268 4334 itaque
1324 4263 1598 4320 meditari
1630 4264 1773 4336 quid
1803 4265 1876 4320 de
1908 4267 2031 4322 suis

376 4351 556 4407 rebus
586 4358 935 4409 statuerent.
969 4351 1121 4408 848
1155 4353 1396 4408 Interim
1449 4353 1558 4408 Leo
1608 4359 1896 4424 tyrannus
1925 4370 2033 4426 per

374 4444 631 4496 Auream
653 4448 885 4512 portam
909 4442 1233 4513 ingressus,
1248 4441 1530 4503 exercitu.
1551 4443 1770 4515 populo
1795 4449 2025 4500 senatu-

377 4545 490 4600 que
508 4530 722 4584 faustis
745 4529 1278 4586 acclamationibus
1299 4538 1718 4602 prosoquente,
1736 4531 1810 4587 ad
1837 4532 2026 4588 aedem

2159 1963 2260 2011 νης
2305 1942 2334 1996 ὁ
2384 1936 2742 2015 Ἐεαϐούλιος
2791 1945 3124 2013 συναντήσας
3180 1943 3330 2016 αύτῷ
3357 1945 3420 2000 τό
3461 1965 3521 2000 τε
3549 1944 3824 2022 ἀτύχημα

2160 2029 2385 2105 εὐγενῶς
2469 2027 2648 2107 φέρειν
2731 2033 2823 2086 καὶ
2910 2025 3317 2109 μεγαλοψύχως
3395 2034 3656 2109 παρῄνει,
3725 2035 3820 2090 καὶ

2159 2118 2480 2176 ἐπυνθάνετο
2536 2119 2656 2176 τίνα
2713 2121 2797 2191 εἴη
2877 2119 3195 2178 καταλιπὼν
3251 2128 3350 2180 τοῦ
3410 2123 3820 2198 στρατεύματος

2161 2208 2534 2286 ἐξηγούμενον.
2582 2211 2643 2268 Ὀ
2699 2207 2756 2266 δέ
2810 2207 3014 2267 Λέοντα
3069 2213 3207 2280 εἷπε,
3251 2213 3344 2268 τὸν
3374 2215 3677 2289 στρατηγὸν
3710 2220 3823 2270 τῶν

2159 2301 2550 2369 ’Λνατολικῶν,
2599 2300 2769 2376 ἄνδρα
2811 2323 2870 2358 τε
2917 2304 3342 2379 ἀγχινούστατον
3389 2305 3477 2360 καὶ
3521 2302 3716 2360 εὔνουν

2163 2391 2435 2466 βασιλείᾳ.
2467 2393 2640 2468 Ὅπερ
2691 2391 2922 2455 ἀκούσας
2953 2393 2981 2447 ὁ
3016 2387 3387 2463 Ἰκξαϐούλιος,
3421 2420 3449 2448 α
3481 2394 3660 2466 Φαίνῃ
3697 2415 3814 2467 μοι,

2158 2480 2204 2536 ὦ
2242 2481 2488 2556 βασιλεῦ,
2549 2481 2676 2560 ἔφη,
2733 2481 2880 2539 πολὺ
2939 2481 3329 2557 διαμαρτάνειν
3357 2491 3457 2554 τῆς
3487 2490 3587 2540 τοῦ
3619 2483 3816 2560 ἀνδρὸς

2159 2567 2418 2634 διανοίας.
2453 2597 2482 2624 ››
2512 2573 2615 2629 Καὶ
2675 2574 2704 2628 ὁ
2766 2575 2861 2646 μὲν
2919 2574 3038 2628 εἶπε
3093 2578 3279 2642 ταῦτα,
3323 2576 3479 2630 οὖπω
3510 2573 3567 2630 δὲ
3598 2577 3628 2631 ὁ
3657 2579 3819 2652 βασι-

2158 2655 2284 2721 λεὺς
2313 2653 2446 2739 ἔφθη
2477 2665 2594 2722 τοῖς
2631 2659 2934 2736 βασιλείοις
2984 2656 3260 2730 ἐπιϐῆναι,
3308 2663 3398 2718 καὶ
3446 2665 3481 2733 ἡ
3521 2661 3623 2719 τοῦ
3656 2665 3822 2719 Λέον-

2153 2768 2247 2810 τος
2278 2747 2572 2825 ἀναῤῥησις
2600 2749 3039 2825 κατηγγέλλετο.
3097 2753 3562 2828 Διαταραχθὲντος
3609 2751 3670 2809 δὲ
3717 2759 3818 2808 τοῦ

2155 2835 2556 2912 αὐτοκράτορος
2609 2839 2746 2914 πρὸς
2801 2840 2894 2894 τὸν
2949 2838 3122 2908 ἆκοῆν
3179 2839 3270 2894 καῖ
3331 2841 3716 2915 σκοπουμένου
3757 2844 3818 2898 τὸ
3903 2885 3919 2896 .

2154 2924 2440 2996 ποιητέον,
2492 2927 2635 2988 τινὶς
2688 2927 2784 2999 μὲν
2839 2927 3115 3002 παρῄνουν
3173 2935 3304 2985 πᾶσι
3335 2930 3562 3006 τρόποις
3592 2929 3818 3007 ἔχεσθαι

2153 3022 2255 3083 τῆς
2287 3015 2468 3094 ἀρχῆς
2497 3016 2587 3071 καὶ
2630 3020 2709 3089 τῷ
2735 3017 2976 3093 τυράννῳ
3031 3019 3105 3081 ὡς
3166 3017 3394 3076 ἀνυστὸν
3426 3020 3814 3077 ἀντικέθισταυ

2154 3117 2295 3170 σθαι·
2348 3106 2506 3168 οὗτος
2578 3103 2638 3162 δὲ
2709 3107 2978 3182 εἰρηνικός
3047 3129 3136 3171 τις
3211 3107 3494 3186 ἄνθρωπος
3557 3109 3656 3176 ὢν,
3719 3112 3814 3168 καὶ

2153 3195 2468 3268 πράγμασιν
2498 3195 2684 3250 ἑαυτὸν
2723 3197 3004 3273 ὲπιῤῥίψαι
3067 3199 3144 3272 μή
3197 3197 3371 3262 θέλων
3401 3197 3610 3270 ἄδηλον
3645 3197 3818 3278 ἔχου-

2155 3305 2237 3338 σιν
2262 3283 2628 3357 ἀποτέλεσμα,
2657 3291 2777 3348 τοῖς
2812 3288 2906 3358 μὲν
2951 3286 3096 3342 οὕτω
3145 3285 3398 3362 λέγουσιν
3439 3287 3692 3363 ἐπετίμα,
3729 3294 3812 3364 μή

2150 3372 2407 3448 ἐρεθίζειν
2460 3375 2625 3430 αὐτὸν
2671 3376 2808 3450 πρὸς
2858 3373 3126 3456 ἐμφύλιον
3179 3379 3437 3453 χωρήσαι
3469 3381 3814 3460 μιαιφονίαν,

2153 3463 2236 3532 [Ρ.
2285 3465 2412 3536 483]
2469 3463 2589 3518 τινὰ
2649 3460 2709 3519 δὲ
2763 3469 2874 3519 τῶν
2933 3465 3284 3522 οἱκειοτάτων
3344 3466 3614 3542 ἐξέπεμψε
3671 3471 3814 3543 πρὸς

2147 3550 2240 3605 τὸν
2272 3550 2494 3620 Λέοντα,
2552 3551 2620 3607 τὰ
2671 3558 2774 3622 τῆς
2824 3552 3106 3628 βασιλείας
3149 3554 3489 3632 ἐπαγόμενον
3521 3555 3811 3631 σύμϐολα,

2142 3638 2206 3692 τὸ
2238 3635 2502 3711 διάδημα,
2531 3641 2630 3708 τήν
2663 3639 2968 3716 ἁλουργίδα
2996 3642 3088 3697 καὶ
3131 3643 3200 3698 τὰ
3227 3639 3545 3722 κοκκοϐαφῆ
3579 3645 3810 3717 πέδιλα,

2147 3728 2306 3791 αὐτὸς
2368 3729 2461 3802 μὲν
2519 3731 2957 3806 ὑπισχνούμενος
3012 3737 3414 3809 παραχωρῆσαι
3467 3734 3650 3810 τούτῳ
3707 3743 3810 3793 τοῦ

2143 3818 2356 3892 θρόνου,
2409 3819 2499 3874 καὶ
2561 3819 2780 3894 βέλτιον
2838 3821 2972 3876 εἶναι
3025 3823 3228 3896 κρίνων
3287 3824 3379 3878 καὶ
3441 3824 3610 3894 αὐτὴν
3665 3847 3809 3902 προ-

2143 3911 2374 3980 ήκασθαι
2406 3909 2506 3976 τήν
2559 3910 2704 3980 ζωῆν
2760 3911 2796 3979 ἢ
2856 3910 3131 3987 χεομένην
3187 3909 3322 3968 ἰδεῖν
3381 3913 3574 3988 ῥανίδα
3606 3919 3808 3991 μικρὰν

2141 3995 2376 4068 αἶ’ματος
2441 3997 2847 4072 Χριττιανικοῦ,
2909 3999 3070 4054 αὐτὸν
3125 3997 3181 4056 δὲ
3235 4005 3407 4056 πᾶσαν
3463 4001 3805 4076 ἀποθέμενον

2138 4087 2332 4142 πτοίαν
2389 4086 2480 4141 καὶ
2534 4083 2836 4161 δεσταγμὸν
2895 4085 3072 4152 ἐλθεῖν
3129 4089 3218 4144 καὶ
3277 4088 3704 4165 παραλήψεσθαι
3731 4094 3802 4148 τὰ

2141 4173 2414 4250 βασίλεια.
2447 4175 2728 4250 ΙΙροκοπία
2777 4173 2835 4231 δὲ
2882 4179 2918 4246 ἡ
2973 4175 3194 4252 βασιλὶς
3223 4179 3653 4254 ἆντιπράττουσα
3680 4188 3802 4244 τοῖς

2135 4261 2461 4338 δρωμένοις,
2523 4263 2612 4320 καί
2658 4263 2828 4321 καλὸν
2895 4264 3146 4346 ἐντάφιον
3199 4268 3300 4337 τήν
3355 4268 3639 4344 βασιλείαν
3707 4269 3798 4326 λέο

2132 4374 2298 4428 γουσα
2355 4353 2512 4424 εἶναι,
2579 4347 2694 4408 ἔπεὶ
2766 4357 2841 4427 μή
2901 4348 3132 4425 ἔπειθεν,
3197 4355 3430 4432 ἔσχατον
3491 4353 3796 4416 ἔπειποῦτα

2134 4442 2296 4516 λόγον
2327 4441 2409 4498 ὅτι
2442 4443 2614 4498 δεινὸν
2643 4443 2733 4499 καὶ
2765 4443 2905 4520 πέρα
2933 4441 3108 4500 Semo?)
3139 4445 3291 4520 ε’ῗπερ
3319 4449 3354 4516 ἡ
3395 4450 3493 4502 τοῦ
3522 4449 3792 4522 τυράννου

2134 4533 2364 4608 σύζυγος
2413 4527 2770 4606 περιϐάλοιτο
2812 4533 2908 4590 τὸν
2961 4534 3244 4610 βασιλικὸν
3319 4533 3584 4610 μοδίολον
3653 4541 3790 4612 (50},

372 4619 620 4674 Joannis
673 4620 948 4690 Baptistm
1007 4619 1353 4674 Studianam
1427 4621 1720 4690 pervenit,“
1772 4621 2029 4694 indeque

2150 4622 2488 4695 ἐπισκώψασα
2515 4623 2604 4676 καὶ
2635 4623 2774 4698 πρὸς
2803 4624 2866 4678 τὸ
2893 4625 3098 4694 ταύτης
3123 4625 3298 4698 ύνομα
3317 4626 3409 4682 καὶ
3435 4628 3642 4703 Βάρκαν
3672 4633 3790 4701 (51)

377 4711 628 4782 stipatus
661 4711 722 4766 in
773 4713 996 4783 regiam
1046 4711 1287 4768 invadit.
1336 4712 1480 4768 Cum
1525 4720 1724 4771 autem
1753 4714 1815 4770 in
1843 4730 2024 4771 aureo

373 4799 636 4856 triclinio
689 4804 888 4856 votum
947 4817 1054 4873 pro
1111 4799 1270 4856 felici
1326 4801 1573 4858 introitu
1624 4801 1875 4860 reddere
1906 4805 2023 4860 Deo

2134 4711 2305 4778 αύτὴν
2355 4709 2688 4782 ὀνομάσασα,
2767 4710 3052 4768 ἐσκέπτετο
3135 4718 3254 4775 πῶς
3309 4715 3370 4770 ἄν
3429 4711 3674 4772 διάθοιτο
3723 4719 3789 4772 τὰ

2132 4800 2254 4856 κατ’
2283 4799 2473 4869 αύτήν.
2509 4800 2613 4856 Καὶ
2655 4801 2710 4856 οἳ
2761 4802 2858 4874 μὶν
2901 4801 3026 4876 περὶ
3077 4800 3172 4858 τὸν
3223 4801 3450 4880 βασιλέα
3489 4803 3543 4860 ἓν
3569 4805 3786 4868 τούτοις

1569 4902 1930 4960 XYLANDRI
1967 4904 2056 4959 ET
2094 4902 2311 4959 GOABI
2353 4901 2571 4958 NOTE.

446 4997 562 5074 (50)
586 4997 896 5074 “Mundum
938 4997 1620 5074 imperatricisapparet
1645 5000 1850 5074 fuisse.
1882 5003 2022 5057 XYL.

370 5070 775 5128 -Μοάίοιιιιη
830 5070 1143 5145 muliebris
1202 5070 1589 5145 ejusdemque
1635 5072 2024 5145 regiaeivestis

372 5159 561 5213 genus
588 5159 734 5208 esse,
767 5147 835 5198 ut
861 5143 1173 5198 indubium
1225 5149 1418 5198 textus
1470 5143 1596 5214 ipse
1639 5143 2022 5212 manifestat;

374 5215 546 5286 cujus
595 5216 810 5285 forma,
857 5215 906 5270 si
955 5215 1106 5270 bene
1146 5214 1258 5270 sim
1289 5223 1596 5272 assecutus
1625 5232 1697 5270 ex
1728 5217 2022 5272 veteribus

372 5285 817 5359 imperatricum
851 5287 1075 5359 figuris,
1109 5303 1279 5342 sacco
1311 5286 1462 5342 virili
1494 5287 1874 5359 imperatorio
1899 5305 2021 5344 non

368 5355 480 5432 fuit
509 5357 802 5414 absimile.
853 5355 1185 5432 Distentum
1239 5359 1396 5432 enim
1449 5355 2020 5432 eratf'undequaque

368 5425 824 5502 indumentum;
867 5436 925 5484 et
971 5431 1196 5502 absque
1242 5430 1475 5502 sinibus
1536 5425 1821 5501 rigidum,
1862 5425 2021 5487 circa

369 5496 606 5574 lumbos
635 5501 964 5574 astrictum.
1015 5496 1328 5574 ad'ipedes
1377 5496 1616 5574 nonihil'
1648 5503 1927 5574 amplius,
1960 5509 2021 5558 et

2131 4999 2366 5072 modioli
2393 4999 2546 5072 vasis
2577 5001 2790 5071 potorii
2823 5000 2896 5056 ad
2944 5017 3246 5060 summum
3295 5003 3458 5072 elati,
3489 5009 3559 5060 ut
3590 5005 3782 5062 Vitru-

2131 5072 2260 5126 vius
2286 5069 2660 5140 loquitur.'et
2679 5089 2886 5128 rursus
2907 5073 2980 5128 ad
3003 5073 3188 5130 imum
3212 5069 3562 5131 revertentis
3593 5077 3784 5132 imita-

2133 5144 2352 5228 tionem
2377 5143 2794 5228 compositum.
2843 5149 2930 5228 λῃ
2977 5146 3118 5228 quia
3143 5147 3580 5228 modimpergtor
3607 5165 3780 5204 voca-

2131 5220 2316 5280 retur,
2351 5213 2452 5283 qui
2481 5213 2641 5288 [eges
2691 5216 2946 5288 convivis
2997 5213 3160 5272 inter
3194 5213 3408 5288 pocula
3435 5218 3681 5287 diceret,
3713 5235 3779 5276 ac

2128 5291 2445 5370 prapterea
2475 5285 2670 5370 Graece
2690 5286 3096 5370 imperatrices
3117 5285 3418 5370 modiolum
3444 5285 3776 5370 sib_i_y_ind.i-

2129 5356 2260 5414 care
2291 5356 2678 5422 decreverint,
2713 5356 2858 5412 mihi
2907 5359 3340 5430 incompertum
3373 5366 3481 5416 est.
3517 5360 3628 5416 Alii
3661 5361 3771 5417 mi~

2127 5437 2288 5504 tra_m_
2309 5435 2610 5499 exponunt
2635 5445 2648 5484 :
2680 5434 2741 5504 at
2769 5447 2904 5485 cum
2929 5424 3308 5504 περιϐᾆλλειν,
3331 5448 3451 5486 non
3481 5431 3554 5488 de
3584 5434 3772 5504 capite

2127 5502 2229 5558 sed
2255 5499 2327 5555 de
2358 5515 2604 5573 corpore
2634 5502 2932 5573 etTeratur,
2958 5499 3032 5558 ab
3053 5503 3234 5559 allata
3257 5504 3330 5558 de
3355 5509 3514 5559 veste
3544 5499 3774 5559 senten-

369 5567 578 5622 formm
608 5586 760 5640 pene
791 5571 1094 5628 deformis.
1131 5567 1209 5628 De
1242 5573 1490 5629 manicis
1520 5574 1602 5628 ita
1627 5567 1778 5629 laxis
1807 5579 1872 5629 ut
1899 5582 2017 5629 ter-
2123 5575 2203 5629 tia
2237 5588 2356 5627 non
2384 5567 2642 5628 discedo.
2673 5573 2846 5628 Goaa.

369 5654 500 5716 ram,
527 5654 718 5716 usque
739 5643 1071 5716 defluerent
1091 5650 1288 5699 taceo:
1314 5644 1704 5716 satisiquippe
1736 5653 1826 5716 est
1854 5645 2016 5701 inve-

2197 5645 2310 5716 (51)
2338 5643 2766 5720 Jocum_autem
2789 5645 2850 5700 in
2871 5646 3114 5720 nomine
3138 5649 3317 5705 Barce
3340 5663 3461 5720 non
3484 5645 3767 5720 intelligo,

366 5715 609 5766 nostum
641 5711 791 5768 illud
820 5713 997 5784 quale
1026 5731 1260 5785 cunqne
1309 5711 1544 5771 vocasse
1586 5711 1907 5788 in'odiolum',
1939 5717 2012 5775 ad
2123 5711 2240 5788 quo
2272 5729 2518 5772 uxorem
2549 5715 2760 5774 Leonis
2781 5719 3022 5774 notarit.
3057 5720 3196 5778 XYL.
3228 5751 3294 5762 —
3319 5717 3550 5796 Quibus
3577 5711 3768 5775 scoin-l
