4108 6300
300 375 424 444 933

1453 372 1993 439 HISTORIARUM
2036 373 2578 440 GOMPENDIUM.

3591 381 3713 444 934

298 511 462 583 ἦσαν,
497 511 526 568 6
556 507 615 567 δὲ
641 509 894 585 τύραννος
942 506 1031 565 διὰ
1081 514 1183 579 τῆς
1242 510 1463 584 Χρυσῆς
1515 508 1729 583 πόρτης
1784 506 1943 585 εὐφη-

2062 508 2260 575 vellet,
2292 515 2512 568 vestem
2541 528 2659 583 qua
2696 511 2848 568 forte
2896 512 3142 569 indutus
3201 517 3328 570 erat
3384 515 3713 587 deponens,

304 602 579 676 μοῦμενος
612 600 715 656 ὑπό
743 621 802 657 τε
828 605 926 656 τοῦ
961 601 1194 675 στρατοῦ
1222 597 1310 653 καὶ
1341 601 1437 653 τοῖ’)
1496 595 1679 670 δήμου
1734 598 1824 653 καὶ
1854 603 1954 667 τῆς

297 690 617 766 συγκλήτου
645 689 811 760 ἦλθεν
833 689 908 753 εἷς
937 690 1032 746 τὸν
1062 689 1117 744 ἐν
1159 693 1275 751 τοῖς
1335 684 1604 743 Στουδίου
1664 691 1762 743 τοῦ
1822 692 1957 762 Προ-

298 778 514 856 δρόμου
542 780 691 849 ναὸν,
739 779 982 841 κάκεῖθεν
1031 775 1503 855 δορυφορούμενος
1566 770 1835 832 κατέλαϐε
1888 775 1957 830 τὰ

302 868 578 946 βασίλεια.
611 867 850 926 Μέλλων
908 866 966 925 δὲ
1018 863 1374 942 έπιϐατήριον
1421 864 1592 941 εὐχὴν
1623 869 1739 939 (52)
1796 864 1848 919 ἐν
1875 868 1955 936 τῷ

301 959 497 1035 χρυσῷ
528 957 793 1035 τρικλίνῳ
826 956 1120 1013 ἀποδοῦναι
1168 963 1250 1029 τῷ
1298 960 1436 1028 Θεῷ,
1495 951 1859 1027 ἐκδυσάμενος
1887 953 1955 1023 ἢν

298 1042 468 1123 ἔτυχε
523 1052 706 1127 φορῶν
756 1045 954 1110 ἐσθῆτα
1009 1044 1314 1121 παρέσχετο
1368 1048 1449 1117 τῷ
1487 1048 1594 1099 τῶν
1628 1040 1956 1115 ἱπποκόμων

300 1135 649 1209 στρατεύοντι
707 1134 962 1211 Μιχαήλ.
1018 1136 1226 1193 Τούτου
1295 1131 1352 1189 δὲ
1406 1134 1578 1203 αὐτὴν
1652 1133 1702 1203 ἐξ
1788 1131 1957 1200 αὐτῆς

304 1223 747 1302 ἀμφιασαμένου,
776 1223 971 1286 οἰωνὸς
1002 1217 1149 1293 ἔδοξε
1202 1222 1266 1278 τὸ
1322 1222 1546 1297 γεγονὸς
1588 1226 1706 1285 τοῖς
1765 1232 1957 1284 θεασα-

2064 597 2350 655 Michaelo
2382 602 2735 672 equisonum
2752 604 3029 675 prmfecto
3052 605 3293 661 tradidit
3313 624 3326 672 ;
3348 607 3450 677 qui
3482 610 3539 662 et
3556 607 3715 662 illico

2064 704 2196 744 eam
2222 688 2438 744 induit.
2462 691 2624 755 Quod
2648 692 2746 763 qui
2781 692 3072 759 viderunt,
3104 712 3280 750 omen
3312 714 3441 752 esse
3471 697 3716 769 gerendi

2065 784 2198 848 post
2228 778 2481 833 Leonem
2515 780 2797 835 Michaelo
2828 783 3061 852 imperii
3096 790 3474 841 censuerunt.
3496 787 3715 840 Etcum

2066 866 2178 920 Leo
2204 865 2321 921 alia
2350 872 2508 921 veste
2530 867 2781 922 amictus
2812 868 2872 922 in
2915 871 3197 941 templum
3229 872 3561 928 Palatinum
3582 889 3718 945 per-

2064 961 2247 1028 geret,
2280 972 2536 1026 sequens
2566 972 2601 1010 a
2636 961 2798 1028 tergo
2857 957 3018 1013 idem
3077 960 3416 1032 Michaelus,
3450 963 3590 1017 dum
3636 962 3721 1017 in-

2066 1046 2298 1100 cautius
2329 1052 2388 1099 et
2419 1052 2639 1100 temere
2670 1046 2955 1115 graditur,
2989 1065 3153 1103 oram
3200 1050 3597 1123 imperatoriae
3621 1069 3716 1108 ve-

2069 1134 2175 1188 stis
2209 1133 2472 1189 calcavit.
2505 1135 2671 1200 Quod
2701 1152 2808 1206 pro
2840 1135 3082 1191 sinistro
3114 1138 3311 1195 omine
3334 1140 3442 1195 Leo
3470 1144 3716 1213 accepit,

2068 1238 2246 1277 novas
2278 1223 2436 1278 hunc
2461 1222 2779 1294 aliquando
2831 1241 2923 1279 res
2954 1226 3300 1282 moliturum
3333 1231 3713 1302 praesagiens.

327 1314 507 1387 μένοις
538 1314 612 1375 ὡς
645 1314 782 1387 μετὰ
812 1311 1011 1368 Λέοντα
1037 1321 1138 1380 τῆς
1172 1310 1448 1388 βασιλείας
1484 1308 1647 1374 αὒτὸς
1676 1305 2015 1378 ἐπιϐησεται.
2062 1309 2279 1384 Ἑτέραν
2340 1307 2397 1365 δὲ
2458 1307 2856 1383 μεταλαϐόντος
2915 1312 3113 1381 ἐσθῆτα
3167 1317 3264 1369 τοῦ
3326 1314 3593 1390 βασιλέως
3626 1316 3716 1371 καὶ

316 1403 571 1464 ἀπιόντος
597 1402 672 1465 εἷς
700 1403 791 1458 τὸν
824 1399 876 1456 ἐν
902 1405 982 1474 τῷ
1001 1399 1254 1467 παλατίῳ
1282 1400 1437 1465 νεὼν,
1469 1395 1684 1456 ὄπισθεν
1714 1399 1743 1454 ὁ
1774 1395 2013 1473 Μιχαὴλ
2046 1399 2159 1472 (53)
2185 1394 2449 1473 ἑπόμενος
2509 1400 2600 1455 καὶ
2664 1398 3014 1475 ἀπροσέκτως
3069 1401 3268 1478 βαίνων
3311 1404 3399 1459 καὶ
3430 1411 3716 1479 προπετῶς

309 1493 377 1547 τὸ
408 1493 571 1566 ἄκρον
600 1497 699 1558 τῆς
737 1487 1030 1564 βασιλικῆς
1059 1486 1286 1558 ἐσθῆτος
1331 1488 1585 1558 έπάτησε·
1621 1491 1786 1543 τοῦτο
1817 1488 1982 1541 κακὸν
2014 1486 2207 1543 οἰωνὸν
2257 1488 2286 1542 6
2334 1487 2483 1543 Λέων
2538 1489 2810 1564 ἡγησατο,
2866 1490 2955 1545 καὶ
3012 1494 3373 1571 νεωτερισμὸν
3425 1492 3635 1550 ’ἐσεσθαι
3664 1493 3714 1564 ἐξ

308 1580 477 1636 αὐτοῦ
507 1579 980 1644 καθυπώπτευσεν·

376 1668 730 1730 Εἰσελθόντος
764 1664 822 1722 δὲ
851 1666 1004 1740 ὅμως
1031 1671 1129 1722 τοῦ
1166 1667 1426 1741 τυράννου
1458 1665 1535 1726 είς
1586 1665 1653 1720 τὰ
1700 1664 1952 1740 βασίλεια

287 1757 388 1812 καὶ
415 1760 516 1827 τήν
546 1755 915 1833 ἀπραγμόνως
945 1754 1235 1829 διδομένην
1292 1756 1444 1827 αὖτῷ
1508 1752 1783 1830 βασιλείαν
1817 1755 1952 1828 μετά

290 1847 639 1922 πραγμάτων
696 1845 787 1900 καὶ
843 1851 1090 1921 ταραχῆς
1157 1844 1218 1899 ου
1273 1849 1471 1922 μικρᾶς
1520 1845 1949 1919 κατεσχηκότος,

291 1932 530 2011 Μιχαὴλ
562 1936 591 1990 6
626 1932 880 2011 βασιλεὺς
908 1935 997 1989 καὶ
1030 1937 1065 2004 ἠ
1108 1934 1356 1996 σῦνευνος
1406 1931 1685 2009 Ιιροκοπία
1711 1932 1802 1987 σὺν
1833 1937 1951 1994 τοῖς

292 2026 577 2103 σφετέροις
606 2024 791 2081 παισὶν
823 2024 902 2089 εἷς
922 2025 1013 2080 τὸν
1046 2030 1146 2094 τῆς
1176 2022 1445 2080 Θεοτόκου
1509 2023 1635 2078 ναὸν
1671 2024 1731 2085 ὅς
1765 2022 1950 2097 Φάρος

2135 1668 2403 1741 Ingresso
2436 1669 2497 1723 in
2525 1669 2745 1742 regiam
2781 1669 2992 1733 Leone.
3027 1672 3257 1744 sibique
3290 1673 3517 1745 placide
3537 1675 3712 1731 obla-

2060 1762 2185 1812 tum
2204 1758 2519 1831 imperium
2550 1775 2670 1814 non
2697 1760 2826 1815 sine
2857 1763 3107 1831 negotiis
3139 1768 3198 1818 et
3227 1780 3437 1837 magno
3462 1766 3717 1822 tumultu

2059 1854 2408 1920 occupaute,
2435 1848 2755 1904 Michaelus
2782 1851 3088 1907 Bancabes
3120 1869 3251 1907 cum
3288 1870 3470 1908 uxore
3501 1856 3713 1911 Proco-

2060 1938 2158 2009 pia
2186 1943 2245 1992 et
2272 1937 2478 1992 liberis
2510 1937 2571 1993 in
2600 1937 2808 1994 fanum
2841 1940 3133 2012 Deiparas.
3186 1942 3345 2013 quod
3367 1944 3593 1999 Pharus
3624 1945 3717 2000 di-

2060 2027 2233 2093 citur,
2263 2027 2639 2099 supplicandi
2671 2045 2848 2085 causa
2869 2046 2931 2085 se
2957 2030 3359 2087 contulerunt.
3384 2033 3541 2098 Quos
3572 2034 3711 2090 inde

304 2114 739 2188 κατονομάζεται
790 2110 1195 2194 προσφυγόντες
1268 2113 1441 2169 ἱκέται
1507 2112 1775 2191 γίνονται.
1836 2112 1943 2176 Οὓς

2056 2116 2291 2172 avulsos
2323 2117 2434 2171 Leo
2468 2116 2749 2188 sejunxit,
2809 2135 2877 2174 ac
2933 2119 3286 2176 Michaelum
3346 2122 3590 2193 quidem
3651 2125 3711 2179 in

300 2204 503 2260 ἐκεῖθεν
534 2203 849 2266 ἀποσπάσας
880 2203 906 2258 ὁ
938 2202 1193 2276 τύραννος
1222 2201 1312 2258 ἀπ’
1355 2200 1622 2274 ἀλλήλων
1676 2199 1944 2271 διέστησε,

291 2294 388 2349 καὶ
424 2290 655 2373 Μιχαήλ
691 2295 787 2367 μὲν
828 2293 1116 2368 ὑπερόριον
1178 2291 1230 2346 ἐν
1289 2296 1370 2364 τῷ
1425 2291 1561 2346 κατὰ
1620 2291 1721 2360 τὴν
1779 2296 1941 2360 νῆσον

289 2381 522 2455 Πρώτην
556 2382 907 2456 μοναστηρίῳ
939 2383 1262 2453 ἐποιήσατο,
1320 2381 1374 2436 ὲν
1408 2380 1454 2452 ᾦ
1511 2381 1610 2449 τήν
1668 2380 1940 2451 κοσμικῆν

286 2473 622 2547 ἀποθέμενος
679 2474 850 2550 τρίχα
932 2472 1027 2527 τὸν
1086 2470 1281 2527 λοιπὸν
1352 2477 1453 2540 τῆς
1524 2474 1671 2540 ζωῆς
1725 2465 1943 2540 διήνυσε

294 2563 515 2638 χρόνον,
540 2567 680 2639 Θεοφ
695 2558 918 2617 ὅλακτον
956 2557 1014 2615 δὲ
1068 2559 1159 2615 τὸν
1204 2554 1569 2635 πρεσϐύτερον
1609 2562 1719 2613 τῶν
1745 2558 1943 2612 τούτου

289 2653 426 2705 υἶῶν
458 2648 696 2722 ἐκτεμὼν
746 2650 957 2722 συνάμα
1010 2653 1080 2723 τῇ
1143 2650 1308 2719 μητρὶ
1374 2646 1625 2708 καὶτοῖς
1682 2642 1942 2727 ἀδελφοῖς

288 2738 474 2814 ἐξορίᾳ
502 2738 865 2813 παρέπεμψεν.
898 2735 970 2792 Οὐ
1020 2735 1294 2809 παρέλκον
1355 2733 1413 2791 δὲ
1464 2733 1595 2798 ἴσως
1655 2735 1942 2809 ἱστορῆσαι

286 2829 555 2885 καίδπως
583 2833 664 2901 τῷ
705 2827 922 2904 βασιλεῖ
978 2824 1216 2902 Μιχαὴλ
1272 2821 1693 2900 προδεδήλωται
1752 2827 1787 2894 ἡ
1844 2830 1943 2894 τῆς

291 2918 575 2996 βασιλείας
606 2912 889 2987 ἀποϐολὴ.

370 3004 634 3078 Παιδίσκη
667 3026 751 3068 τις
780 3006 848 3076 ἦν
881 3003 1163 3079 οἰκογενὴς
1192 3007 1273 3076 τῷ
1329 3001 1582 3082 Μιχαήλο
1610 3002 1747 3072 αὓτη
1803 3003 1937 3057 κατὰ

287 3096 389 3159 τὰς
448 3094 770 3165 σεληνιακας
830 3091 1085 3157 συνόδους
1160 3095 1319 3148 παθει
1406 3092 1603 3166 μανίας
1657 3090 1939 3161 ἡλίσκετο.

300 3186 500 3244 ὐπότε
553 3189 683 3261 γοῦν
733 3183 891 3258 ἀλῴη
947 3188 1028 3256 τῷ
1074 3183 1252 3249 πάθει,
1303 3181 1379 3245 εἰς
1425 3182 1591 3236 τόπον
1664 3180 1941 3258 ἐρχομένη

287 3277 346 3335 ἐν
380 3279 427 3351 ᾧ
469 3278 599 3352 βοῦς
620 3299 680 3334 τε
704 3275 792 3332 καὶ
826 3274 967 3332 λέων
999 3273 1247 3351 ἵδρυνται
1305 3273 1509 3337 λίθινοι
1558 3273 1687 3342 (κάκ
1734 3274 1941 3329 τούτων

287 3361 416 3442 ἔχει
444 3369 542 3438 τήν
570 3364 947 3442 προσηγορίαν
988 3366 1016 3420 6
1044 3363 1240 3434 τόπος,
1292 3360 1612 3421 Βουκολέων
1672 3362 1943 3436 ὀνομαζό-

2050 2208 2244 2261 Protaa
2276 2205 2487 2261 insula)
2517 2209 2949 2263 monasterium
2980 2208 3439 2281 deportavit.ubi
3468 2212 3519 2268 is
3541 2229 3712 2268 coma

2053 2311 2208 2361 rasa,
2241 2295 2379 2350 huic
2410 2296 2627 2351 smculo
2683 2296 3038 2364 valedicens,
3066 2299 3361 2369 rsliquum
3412 2301 3543 2355 vitae
3588 2317 3715 2356 exe-

2051 2384 2179 2457 git;
2212 2385 2715 2457 Theophylactum
2774 2391 2978 2441 autem
3036 2393 3181 2441 natu
3242 2389 3533 2458 majorem
3581 2390 3711 2461 ejus

2052 2472 2246 2527 ﬁlium
2269 2477 2589 2528 castratum
2620 2490 2755 2529 cum
2788 2480 2977 2529 matre
3006 2479 3062 2528 et
3092 2474 3374 2529 fratribus
3406 2476 3701 2549 relegavit.

2051 2561 2205 2617 849
2246 2562 2536 2617 Fortassis
2562 2579 3066 2634 supervacaneum
3109 2580 3229 2619 non
3260 2564 3439 2619 fuerit
3466 2582 3708 2621 narrare

2052 2668 2168 2723 quo
2193 2658 2361 2723 pacto
2394 2650 2683 2707 Rancabaa
2716 2652 2955 2725 imperii
2988 2653 3233 2709 amissio
3285 2654 3465 2709 luerit
3493 2655 3710 2727 praedi--

2052 2745 2166 2796 cta.

2122 3008 2386 3065 Habebat
2396 3026 2637 3066 vernam
2652 3010 2971 3082 quamdam
2987 3011 3245 3083 puellam
3258 3029 3409 3084 ,quaa
3432 3012 3540 3067 sub
3558 3012 3713 3069 lunaa

2051 3115 2187 3155 cum
2213 3099 2336 3154 sole
2355 3099 2516 3154 coitu
2531 3099 2727 3154 furore
2746 3115 2811 3172 pe
2823 3100 3272 3166 rciebatur.Quo
3293 3101 3465 3156 modo
3499 3103 3710 3158 affecta

2053 3188 2126 3244 ad
2154 3188 2350 3244 locum
2374 3188 2467 3244 cui
2493 3188 2810 3245 Bucoleoni
2831 3205 2865 3244 a
2890 3189 3035 3245 bove
3065 3190 3223 3248 850
3246 3196 3306 3246 et
3327 3190 3499 3247 leone
3516 3192 3709 3247 saxeis

2052 3278 2133 3332 ibi
2161 3276 2453 3333 dedicatis
2475 3294 2695 3333 nomen
2718 3284 2898 3339 est.se
2915 3279 3253 3347 conferens,
3275 3276 3548 3336 contenta
3569 3297 3708 3335 voce

2060 3367 2575 3438 adimperatorem
2611 3366 2938 3423 clamabat:
2977 3390 3003 3417 κ
3037 3368 3361 3439 Descende,
3394 3368 3710 3437 descende,

287 3458 473 3532 μενος)
508 3451 636 3511 ἐϐόα
656 3454 999 3532 γεγωνοτέρᾳ
1013 3458 1168 3533 φωνῇ
1192 3454 1326 3528 πρὸς
1357 3453 1449 3508 τὸν
1479 3450 1725 3528 βασιλέω
1751 3477 1777 3505 u
1806 3453 1943 3511 Κάτ-

2056 3456 2201 3511 cede
2227 3455 2441 3511 alienis
2472 3478 2498 3505 ››
2522 3457 2643 3512 Hoc
2674 3473 3084 3529 saepenumero
3116 3459 3334 3514 factum
3369 3458 3712 3530 imperatori

281 3544 429 3609 ελθε,
461 3541 709 3612 κάτελθε,
740 3542 1022 3618 ὑποχώρει
1071 3545 1179 3597 τῶν
1212 3543 1294 3615 [Ρ.
1354 3542 1482 3613 486]
1542 3537 1872 3612 ἀλλοτρίων.
1911 3564 1934 3593 ι

278 3636 462 3691 Τοῦτο
488 3631 761 3693 πολλάκις
790 3631 1072 3708 γινόμενον
1103 3624 1316 3702 θάμϐος
1340 3627 1567 3684 ἐνεποίει
1588 3632 1667 3701 τῷ
1702 3627 1941 3705 βασιλεῖ,

279 3722 373 3777 γαί
405 3721 482 3783 εἷς
514 3717 799 3799 φαοντίδας
833 3719 897 3774 οὗ
927 3719 1022 3781 τὰς
1081 3718 1355 3795 τυχούσας
1414 3712 1653 3773 ἐνέϐαλε.
1699 3717 1795 3773 Διὸ
1851 3717 1941 3773 καὶ

279 3807 694 3884 κσινολογεῐται
728 3808 850 3883 περὶ
880 3811 978 3863 τοῦ
1008 3809 1333 3883 πράγματος
1393 3810 1500 3860 τῶν
1537 3807 1783 3877 συνηθων
1838 3807 1943 3862 τινὶ

278 3900 373 3955 καὶ
405 3901 620 3954 οἰκείων
650 3894 903 3969 Θεοδότῳ
931 3901 1010 3969 τῷ
1057 3896 1162 3968 υἱῷ
1221 3893 1457 3969 Μιχαὴλ
1501 3895 1791 3970 πατρικίου
1845 3899 1942 3952 τοῦ

283 3987 662 4059 Μελισσηνοῦ,
711 3984 773 4041 ὅν
837 3983 904 4054 δὴ
978 3984 1069 4041 καὶ
1140 3988 1477 4059 Κασσιτηρᾶν
1536 3985 1943 4056 κατωνόμαζον,

285 4078 378 4134 καὶ
411 4073 692 4149 διάπειραν
749 4074 976 4131 ἔσπευσε
1030 4077 1139 4129 τῶν
1176 4071 1484 4148 λεγομὲνων
1532 4068 1737 4129 λαϐεῖν.
1769 4073 1827 4127 Ὀ
1887 4072 1944 4129 δὲ

282 4166 514 4245 γνώμην
570 4162 764 4220 δίδωσι
819 4161 1056 4232 τοιάνδε,
1136 4160 1211 4233 Ἰν,
1272 4160 1486 4218 ἐπειδὰν
1546 4162 1792 4238 κάτοχον
1871 4167 1941 4237 τῇ

287 4254 455 4328 μανίᾳ
485 4254 709 4329 γένηται
740 4254 803 4309 τὸ
832 4253 1089 4328 κοράσιον
1119 4255 1455 4326 κατασχεθῇ,
1482 4254 1573 4305 καί
1631 4247 1940 4325 διερωτηθῇ

278 4345 386 4399 τίνι
444 4346 798 4418 προσήκουσα
853 4344 888 4412 ἡ
951 4340 1098 4398 οἰκία
1178 4344 1275 4396 τοῦ
1334 4337 1605 4396 παλατίου
1659 4338 1793 4410 ἐστὶ,
1851 4341 1942 4395 καὶ

285 4430 479 4487 ὁποῖον
510 4430 596 4504 εἴη
627 4431 808 4504 τούτῳ
853 4430 917 4485 τὸ
967 4431 1271 4505 γνώρισμα.
1333 4429 1574 4503 Ἐγένετο
1631 4432 1814 4497 τοῦτο,
1845 4434 1941 4484 τοῦ

280 4520 548 4583 Θεοδότου
577 4528 648 4600 τῇ
679 4525 866 4601 πράξει
902 4524 1328 4594 ὑπηρετοῦντες.
1361 4522 1463 4579 Καὶ
1519 4522 1582 4577 τὸ
1609 4525 1678 4596 τῇ
1719 4526 1942 4598 κατοχῇ

277 4613 615 4690 κατάσχετον
647 4615 873 4692 γόναιον
905 4612 1174 4686 ἐρωτηθὲν
1202 4611 1302 4679 τήν
1346 4631 1401 4666 τε
1454 4609 1653 4680 κλῆσιν
1692 4610 1941 4689 ἐμφαίνει

275 4709 378 4761 τοῦ
415 4702 640 4767 ,λέοντος
705 4703 796 4758 καὶ
853 4702 946 4758 τὸν
1004 4702 1332 4775 χαρακτῆρα
1387 4701 1481 4756 καὶ
1536 4703 1638 4767 τήν
1701 4705 1938 4778 μορφήν,

280 4791 611 4869 προστίθησί
654 4812 715 4848 τε
742 4790 999 4848 ἀπελθεῖν
1031 4791 1168 4845 κατά
1226 4791 1324 4859 τήν
1383 4786 1709 4864 ἀκρόπολιν,
1764 4789 1817 4844 ἐν
1903 4792 1939 4862 ᾗ

2057 3551 2283 3601 metum
2316 3546 2902 3618 sollicitudinemque
2928 3547 3083 3602 haud
3109 3547 3709 3618 mediocreminjecit.
3793 3549 3807 3559 ’

2049 3636 2256 3706 Itaque
2290 3651 2418 3690 rem
2449 3652 2581 3690 cum
2607 3636 2884 3691 familiari
2917 3653 2984 3691 ac
3035 3637 3362 3692 domestico
3421 3654 3526 3690 suo
3561 3655 3705 3708 quo-

2050 3723 2185 3778 dam
2235 3723 2536 3778 Theodoto
2594 3724 2863 3778 Mirhaeli
2923 3723 3044 3779 lilio
3096 3725 3326 3795 patricii
3387 3724 3706 3794 Mehsseni,

2050 3811 2143 3867 cui
2174 3816 2233 3867 et
2261 3811 2566 3867 Cassii.er
2603 3817 3062 3882 cognomentum
3110 3812 3242 3881 fuit,
3275 3814 3699 3883 communicat,

2051 3901 2301 3973 cupiens
2358 3917 2566 3956 eorum
2626 3917 2757 3970 quae
2813 3900 3291 3972 prazdicebantur
3373 3902 3704 3974 periculum

2048 3989 2264 4045 facere.
2287 3989 2339 4044 ls
2368 3988 2513 4046 85!
2554 3989 2812 4043 consulit
2848 3995 2913 4044 ut
2946 3990 3163 4061 puella,
3194 3991 3393 4046 furore
3415 3993 3542 4060 jam
3577 4009 3712 4048 cor-

2050 4079 2096 4133 ri
2104 4078 2887 4150 piente,comprehendatur.
2900 4079 3412 4152 interrogeturque
3429 4082 3502 4137 ad
3515 4099 3709 4153 quem-

2047 4184 2188 4224 nam
2221 4168 2434 4224 domus
2468 4169 2733 4239 palatina
2762 4169 3076 4241 pertineat,
3102 4171 3437 4241 quibusque
3468 4172 3518 4227 is
3549 4174 3707 4229 notis

2048 4256 2288 4329 agnosci
2313 4257 2636 4327 queat.Hoc
2667 4256 2981 4311 consilium
3005 4257 3189 4329 ipsius
3217 4258 3503 4314 Theodoti
3526 4276 3708 4330 opera

2048 4344 2373 4418 imperator
2401 4351 2491 4401 est
2520 4353 2854 4401 exsecutus.
2888 4348 3034 4418 Ergo
3058 4347 3260 4417 puella
3316 4364 3449 4404 cum
3484 4349 3708 4405 fureret

2054 4435 2488 4507 comprehensa
2520 4441 2578 4489 et
2620 4435 2981 4501 interrogata
3038 4436 3288 4492 Leonem
3347 4438 3704 4494 nominatim

2048 4523 2333 4580 indicavit
2353 4523 2601 4595 ejusque
2634 4530 2805 4580 notas
2826 4532 2885 4579 et
2905 4525 3156 4581 formam
3186 4526 3516 4597 descripsit.
3551 4527 3706 4592 Quin

2048 4618 2107 4669 et
2137 4618 2427 4685 praeterea
2454 4613 2820 4669 Theodotum
2853 4613 3215 4670 descendere
3232 4615 3305 4672 ab
3321 4632 3458 4672 arce
3483 4618 3703 4690 jussit:

2048 4702 2130 4758 ibi
2188 4702 2242 4758 ei
2315 4702 2464 4759 duos
2528 4703 2684 4758 viros
2801 4702 3030 4758 obviam
3116 4705 3366 4773 futuros,
3450 4723 3702 4778 quorum

2048 4791 2197 4848 alter
2251 4791 2411 4848 mulo
2472 4792 2738 4849 insidens
2796 4793 3040 4849 omnino
3088 4792 3161 4848 sit
3222 4794 3473 4867 imperio
3550 4797 3700 4867 poti-

282 4882 633 4951 συναντήσειε
666 4877 815 4937 δυσὶν
838 4877 1118 4952 ἀνδράσιν,
1144 4878 1219 4934 ὧν
1251 4878 1279 4934 6
1331 4882 1412 4949 τῷ
1457 4873 1678 4950 ἡμιόνῳ
1733 4876 1940 4954 ἔποχος

2056 4885 2241 4939 turus.
2282 4848 2745 4937 Theodotusad
2802 4848 3131 4938 indicatum
3179 4848 3703 4941 ιν

285 4963 605 5040 ἐπιϐήσεται
634 4970 850 5032 πάντως
877 4975 981 5038 τῆς
1015 4964 1312 5043 βασιλείας.
1369 4965 1434 5021 Ἦ
1496 4967 1589 5040 μὲν
1651 4967 1747 5022 οὗν
1804 4968 1940 5036 εἶπε,

2051 4971 2139 5027 rei
2163 4970 2542 5043 explorandae
2573 4987 2773 5043 causa,
2804 4970 3230 5044 hominemque
3286 4972 3368 5030 ibi
3427 4973 3499 5030 iis
3547 4989 3697 5045 quas

1484 5066 1842 5123 XYLANDRI
1880 5070 1967 5125 ET
2005 5069 2221 5125 GOARI
2262 5070 2487 5126 NOTAE.

278 5167 457 5246 matis
502 5166 709 5224 Leonis
737 5182 990 5246 uigorem,
1016 5166 1335 5246 impeteret
1362 5164 1652 5246 Procopia
1683 5164 1936 5246 impera-

275 5240 418 5300 trix.
452 5256 573 5296 non
596 5240 839 5312 exponit
865 5242 1073 5312 auctor
1095 5254 1128 5312 :4
1144 5241 1371 5312 tantum
1392 5237 1549 5312 circa
1568 5253 1785 5312 nomen
1801 5237 1932 5312 ejus

273 5312 482 5368 multis
535 5307 745 5368 lusisse
802 5311 1018 5366 innuit.
1087 5310 1202 5365 Nec
1250 5307 1478 5362 difﬁcili
1539 5307 1931 5378 negotiofilli

266 5398 534 5455 namque
566 5383 876 5455 proprium
908 5398 1042 5438 cum
1076 5378 1515 5455 barca_(navigii
1542 5395 1729 5451 genus
1755 5380 1932 5435 intel-

265 5451 1190 5532 ligel_hquien_'eratcommune.
1229 5451 1402 5506 Gem.
1458 5522 1479 5532 Δ
1511 5519 1549 5532 Η
1587 5522 1599 5532 .
1633 5521 1644 5532 ¹

341 5520 446 5602 (52
492 5527 714 5582 Scribit
744 5524 1256 5602 Xylandervotugn
1281 5538 1407 5602 pro_
1443 5520 1601 5602 felici
1631 5521 1691 5602 in
1720 5521 1930 5602 urbem

261 5592 531 5662 introitu,
565 5614 745 5668 quam
768 5592 875 5667 pro
907 5592 1449 5668 susceptorimperio
1465 5597 1523 5647 et
1543 5592 1703 5664 regio
1719 5592 1930 5668 throno

264 5665 604 5726 conscenso
635 5665 787 5726 fecit
804 5665 1143 5741 patriarcha
1176 5665 1541 5738 Nicephorus
1569 5678 1828 5737 precem.
1866 5667 1930 5722 ln

2041 5164 2260 5222 malam
2293 5172 2520 5239 partem
2551 5165 2625 5222 de
2683 5181 2753 5221 eo
2804 5167 2904 5238 qui
2942 5182 3091 5239 rem
3130 5167 3385 5239 alienam
3420 5173 3692 5239 occupat,

2041 5244 2236 5310 potest
2294 5233 2360 5292 et
2411 5237 2474 5292 in
2521 5239 2738 5293 bonam
2773 5233 3134 5310 sumitSic
3191 5233 3443 5304 ἒπιτήσια
3510 5233 3687 5306 θῦἱταιέ

2042 5309 2143 5379 qui
2172 5324 2348 5363 naves
2400 5309 2784 5364 conscensuri
2839 5309 3270 5367 sacrificabant.
3317 5310 3688 5368 dicebantur.

2044 5381 2154 5435 Leo
2184 5396 2345 5436 vero.
2387 5379 2468 5451 ita
2525 5380 2742 5433 Paulus
2799 5380 3112 5444 Diaconus,
3170 5383 3466 5451 scripserat
3527 5385 3691 5439 Nice-

2033 5453 2212 5522 phoro
2233 5453 2300 5504 de
2325 5450 2433 5518 ﬁde
2460 5466 2579 5510 sua.
2610 5457 2800 5519 petens
2846 5454 3015 5505 etiam
3066 5458 3129 5506 ut
3182 5450 3303 5508 cum
3354 5457 3606 5510 oratione
3636 5463 3689 5511 et

2037 5529 2179 5577 nutu
2209 5522 2327 5591 ejus
2347 5523 2639 5591 imperium
2665 5529 2919 5577 sumeret.
2944 5523 3118 5579 GOAR.

2111 5593 2222 5665 (53)
2252 5594 2308 5649 Is
2331 5599 2422 5648 est
2442 5592 2691 5648 Michael
2722 5593 2955 5649 Balbus.
2981 5594 3118 5651 Χγι..
