4052 6316
465 377 585 439 935

1789 363 2107 432 GEORGII
2152 361 2496 430 CEDBENI
3707 380 3797 442 936

470 513 673 588 puella
703 510 984 567 docuerat
1012 525 1081 564 ex
1138 507 1295 563 notis
1352 507 1607 581 agnovit,
1650 521 1899 578 eamque
1930 501 2114 560 sensit

2230 500 2320 556 καὶ
2350 497 2613 564 Θεόδοτος
2644 495 2993 578 ἡκριϐώσατο
3025 500 3101 568 εἷς
3135 501 3229 560 τὸν
3269 502 3544 581 είρημένον
3594 507 3797 569 ἀπελθὼν

465 607 713 663 minime
758 601 973 657 falsum
1009 598 1352 672 praadicere.
1385 600 1587 671 Neque
1618 604 1819 654 tamen
1868 598 2121 668 impera-

466 695 577 751 tori
607 710 731 748 rem
764 689 1127 763 aperuitsed
1160 689 1367 759 nugari
1401 688 1819 744 mulierculam
1850 703 2119 758 vanaque

464 785 591 855 ejus
625 782 802 837 verba
832 779 1065 835 nullum
1126 778 1387 834 veritatis
1443 778 1755 850 vestigium
1812 778 2119 833 continere

462 873 631 928 dixit.
665 873 795 944 Ipse
829 871 1083 925 Leonem
1117 885 1299 923 manu
1327 868 1771 940 apprehensum
1825 868 1888 922 in
1930 866 2118 921 aedem

463 963 579 1018 divi
610 960 777 1016 Pauli
809 958 963 1031 apud
997 957 1587 1030 orphanotropheum
1608 957 1715 1025 (sic
1746 962 1986 1012 vocatur
2015 956 2117 1010 do-

464 1068 598 1107 mus
628 1049 869 1123 pupillis
902 1046 1167 1102 fovendis
1199 1046 1516 1118 destinata)
1548 1044 1807 1112 deducit,
1863 1046 2117 1116 dataque

463 1146 524 1197 et
552 1144 794 1210 accepta
824 1138 960 1199 fide,
980 1136 1194 1209 puellm
1227 1135 1475 1191 historia
1496 1135 1894 1202 dissimulata,
1920 1135 2120 1189 divina

465 1230 721 1302 quadam
754 1225 1147 1300 patefactione
1180 1242 1240 1280 se
1272 1231 1432 1280 certo
1460 1225 1805 1299 cognovisse
1862 1226 1945 1280 ait
1974 1225 2115 1280 Leo-

464 1339 602 1378 nem
637 1323 1033 1377 Bomanorum
1066 1319 1486 1389 imperatorem
1518 1318 1676 1373 haud
1722 1317 1898 1373 dubie
1945 1317 2068 1373 fore
2101 1332 2116 1383 ;

464 1412 729 1484 petitque
759 1417 822 1465 ut
854 1411 1005 1464 hanc
1062 1406 1511 1479 praedictionem
1572 1414 1784 1464 eventu
1842 1425 2116 1479 compro-

464 1500 661 1567 bante,
698 1517 758 1555 se
791 1500 968 1568 hujus
991 1503 1110 1552 tam
1142 1497 1291 1551 lmtm
1322 1497 1408 1551 rei
1457 1498 1736 1553 nuntium
1774 1513 2119 1553 remunera-

462 1593 663 1645 turum
711 1589 762 1643 is
813 1586 1184 1659 polliceatur.
1233 1584 1567 1656 Stipulatur
1626 1586 1762 1652 Leo,
1821 1586 2118 1657 siquidem

465 1679 656 1736 exitus
688 1677 781 1731 his
811 1675 1005 1730 verbis
1037 1674 1113 1729 sit
1139 1690 1561 1745 responsurus.
1597 1674 1967 1730 Theodotum
2000 1691 2033 1729 a
2056 1691 2117 1730 se

463 1768 615 1824 nihil
645 1766 863 1822 frustra
892 1765 1237 1837 petiturum.
1269 1768 1456 1836 Atque
1517 1763 1599 1819 ita
1659 1764 1903 1836 quidem
1962 1765 2120 1822 inter

463 1859 572 1915 hos
595 1864 719 1913 tum
749 1861 989 1929 pactum
1019 1860 1127 1910 est.

532 2037 821 2092 Caeterum
849 2032 1075 2089 bellum
1107 2031 1264 2088 inter
1280 2033 1573 2088 Romanos
1606 2037 1664 2088 et
1687 2032 2112 2106 Bulgaros,quo

462 2125 691 2182 cladem
714 2140 921 2196 passos
934 2127 1170 2178 nostros
1191 2122 1523 2194 imperante
1546 2121 1699 2179 852
1726 2121 2116 2179 Rancabade-

461 2213 942 2280 monstravimus,
974 2230 1109 2268 cum
1132 2211 1266 2267 aliis
1297 2211 1368 2267 de
1402 2212 1598 2267 causis
1632 2211 1959 2267 conflatum
1991 2213 2113 2267 fue'

457 2310 572 2373 rat,
606 2310 730 2359 tum
762 2319 892 2359 eam
922 2302 1012 2356 vel
1043 2302 1404 2373 praecipuam
1435 2301 1644 2357 habuit
1688 2318 1868 2372 quam
1893 2301 2115 2357 refere-

462 2411 614 2451 mus.
645 2392 953 2461 Bulgarica
1009 2390 1282 2462 quaadam
1330 2406 1495 2463 gens.
1554 2390 1820 2461 paternis
1874 2389 2115 2446 sedibus

461 2482 700 2551 relictis,
742 2482 803 2536 in
834 2480 1124 2535 ditionem
1155 2481 1484 2535 Romanam
1537 2479 1998 2552 immigraverat.
2047 2497 2115 2536 ac

461 2572 825 2629 concedente
854 2570 1211 2641 imperatore
1242 2568 1540 2635 Rancaba,
1589 2569 1727 2624 hinc
1758 2568 1897 2624 inde
1943 2568 2114 2624 sedes

460 2659 879 2735 posuerat.Sed
909 2665 968 2715 et
1000 2661 1403 2715 Romanorum
1437 2657 1681 2729 quidam
1707 2659 2116 2731 superioribus

465 2752 640 2808 bellis
669 2749 982 2816 aBulgaris
1013 2748 1168 2820 capti
1185 2747 1375 2819 ruptis
1393 2746 1644 2802 vinculis
1665 2747 1911 2804 domum
1932 2748 2116 2805 redie-

464 2848 618 2897 rant.
646 2842 760 2896 Eos
793 2838 1099 2894 universos
1122 2838 1373 2893 Crumus
1406 2837 1791 2909 Bulgarorum
1836 2838 2117 2911 princeps

465 2931 600 2987 dedi
629 2930 739 2985 sibi
762 2926 1260 3002 postulaverat.Et
1288 2943 1430 2982 sane
1453 2926 1693 2998 quidam
1716 2929 2117 2985 Romanorum

462 3019 763 3076 dedendos
788 3017 1223 3091 judicaverant,
1256 3016 1317 3071 in
1350 3031 1600 3087 eamque
1654 3018 2016 3073 sententiam
2061 3025 2119 3075 et

460 3111 783 3183 imperator
811 3113 871 3164 et
899 3107 1098 3179 magni
1128 3106 1358 3177 aliquot
1387 3106 1650 3161 nominis
1681 3107 1960 3162 monachi
1979 3124 2116 3164 con-

2229 594 2423 663 τόπον,
2480 594 2574 650 τὸν
2633 593 2801 671 ἄνδρα
2858 615 2916 650 τε
2966 594 3340 676 κατεφώρασεν
3392 597 3449 652 ἐκ
3501 599 3605 654 τῶν
3649 624 3798 677 γνωρι.

2232 685 2475 758 σμάτων,
2529 684 2619 741 καὶ
2675 692 2788 741 κατ’
2869 682 3019 740 οὐδὲν
3116 683 3488 760 διαψεύδεσθαι
3559 685 3678 764 ἔγνω
3727 696 3799 764 τῆν

2230 773 2533 849 ἄνθρωπον.
2563 777 2658 848 Τῷ
2692 775 2786 848 μὲν
2816 774 2907 830 οὖν
2944 773 3162 851 βασιλεῖ
3189 775 3487 852 ἀπήγγειλε
3536 784 3632 834 τῶν
3674 780 3800 855 ἐγνω-

2230 866 2441 936 σμένων
2473 861 2647 934 οὐδὲν,
2677 864 2999 942 κενολογίαν
3025 862 3081 920 δέ
3134 866 3203 920 τὰ
3248 872 3347 935 τῆς
3403 868 3634 941 γυναικὸς
3666 869 3804 928 ἐκάλει

2230 954 2297 1028 ῥῆ
2309 975 2452 1026 ματα
2480 954 2571 1009 καῖ
2604 951 2870 1031 φλυαρίαν
2898 951 3067 1027 μηδὲν
3098 953 3256 1035 ἴχνος
3288 954 3543 1033 φέρουσαν
3580 956 3802 1027 ἀληθείας.

2229 1044 2336 1101 Τὸν
2368 1045 2572 1099 Λέοντα
2602 1040 2659 1099 δὲ
2689 1038 2873 1099 λαϐὼν
2907 1051 3007 1114 τῆς
3067 1044 3276 1120 χειρὸς,
3334 1045 3422 1100 καὶ
3479 1046 3551 1110 εἰς
3599 1048 3677 1102 τὸν
3714 1051 3805 1104 ναὸν

2230 1132 2486 1189 εἰσελθὼν
2517 1132 2736 1189 Παύλου
2766 1137 2862 1189 τοῦ
2893 1132 3236 1191 Ἀποστόλου
3275 1135 3411 1190 κατὰ
3436 1135 3496 1190 τὸ
3540 1136 3805 1214 ὁροανοτροο

2230 1222 2523 1300 ᾳεῖονηιαῖ
2554 1223 2764 1285 πίστεις
2806 1219 2932 1285 δοὺς
2992 1222 3139 1295 αὐτῷ
3195 1223 3287 1277 καὶ
3341 1218 3536 1295 λαϐὼν,
3589 1225 3804 1282 ἀνακαλό-

2228 1334 2347 1368 πτει
2403 1313 2470 1369 τὰ
2530 1310 2755 1391 ἔκφορα,
2809 1315 2910 1383 τήν
2985 1314 3078 1388 μὲν
3154 1310 3409 1383 ἀλήθειαν
3495 1313 3803 1390 ἀποκαλύψας,

2228 1401 2394 1458 εἰπὼν
2453 1400 2500 1457 δ’
2584 1402 2641 1457 ἐγ
2700 1400 2841 1466 θείας
2897 1400 3293 1478 ἀποκαλύψεως
3350 1403 3805 1484 πεπληροφορῆσθαι

2229 1492 2303 1555 ὡς
2335 1499 2436 1563 τῆς
2466 1492 2757 1565 Ῥωμαίων
2790 1493 3094 1569 ἡγεμονίας
3152 1493 3370 1554 πάντως
3428 1495 3455 1549 6
3508 1492 3639 1548 Λέων
3685 1498 3804 1570 γενιςα

2229 1603 2376 1637 σεται
2434 1581 2718 1656 ἐγκρατής.
2781 1576 3174 1652 Ἐκϐεϐηκυίας
3253 1579 3310 1637 δὲ
3359 1590 3459 1652 τῆς
3511 1581 3803 1658 προρῥήσεως

2228 1672 2409 1744 ἐζήτει
2444 1674 2519 1745 μή
2553 1669 2785 1745 ἄμισθον
2810 1670 2956 1743 αὖτῷ
2985 1672 3228 1747 γενέσθαι
3279 1671 3344 1727 τὸ
3402 1671 3708 1751 εὐαγγέλιον.
3734 1675 3806 1730 Καὶ

2229 1763 2256 1818 6
2288 1761 2462 1828 Λέων,
2490 1760 2535 1816 εί
2567 1762 2596 1817 6
2628 1759 2794 1837 λόγος
2852 1760 2929 1823 ei:
2987 1757 3149 1839 ἔργον
3206 1755 3423 1833 ἐκϐαίη,
3482 1760 3714 1837 ὑπέσχετο
3756 1763 3808 1817 ὧν

2142 1857 2189 1922 Β
2224 1850 2401 1909 δὲοιτο
2436 1852 2513 1926 μὴ
2530 1852 2824 1931 ἀτυχήσειν
2856 1850 3038 1908 αὐτόν.
3070 1849 3247 1909 Ἀλλᾶ
3266 1856 3436 1908 ταῦτα
3457 1853 3549 1927 μὶν
3566 1852 3805 1917 συνετίθετο

2222 1963 2418 2005 ουτως.

2290 2026 2497 2103 Συνέϐη
2532 2028 2589 2086 δὲ
2618 2030 2707 2086 καὶ
2739 2027 2811 2086 δι’
2868 2029 3043 2093 ἃλλας
3104 2031 3198 2105 μὲν
3252 2031 3428 2096 αἰτίας
3474 2031 3733 2107 Ῥωμαίοις
3769 2052 3809 2086 τι

2217 2122 2307 2177 καὶ
2393 2121 2733 2197 ΒουΑγάροις
2793 2119 3244 2198 ἀναῤῥιπισθῆναι
3328 2123 3422 2178 τὸν
3497 2119 3809 2197 προρῥηθέντα

2219 2210 2491 2284 πόλεμον,
2523 2210 2632 2285 οὐχ
2659 2211 2856 2281 ἣκιστα
2887 2208 2946 2266 δὲ
2992 2210 3082 2265 καὶ
3114 2207 3205 2266 διὰ
3230 2210 3329 2280 τήν
3365 2213 3681 2287 ῥηθήσεσθαι
3710 2210 3806 2286 μέλ·

2220 2299 2443 2356 λουσαν.
2509 2299 2816 2376 Βούλγαροὶ
2871 2319 3013 2361 τινες
3067 2298 3118 2370 ἐξ
3178 2301 3326 2370 ἠθῶν
3388 2300 3684 2363 ἀναστάντες
3727 2306 3806 2354 τῶν

2220 2391 2489 2465 πατρῴων
2546 2391 2646 2459 τὴν
2704 2390 2995 2463 Ῥωμαίων
3061 2385 3544 2462 καταλαμϐάνουσι
3597 2390 3813 2466 παγγενεῖ,

2220 2480 2312 2536 καὶ
2352 2480 2498 2553 παρὰ
2552 2483 2650 2535 τοῦ
2685 2478 2957 2556 βασιλέως
3014 2476 3443 2556 προσδεχθέντες
3518 2478 3728 2559 Μιχαὴλ
3772 2478 3809 2532 ἐν

2223 2567 2506 2648 διαφόροις
2534 2568 2993 2645 ἐγκατοικίζονται
3024 2569 3257 2649 χώραις.
3290 2570 3393 2625 Καί
3423 2590 3563 2632 τινες
3615 2567 3667 2625 δέ
3708 2570 3810 2626 Ῥω·

2234 2665 2390 2733 μαῖοι
2419 2663 2527 2714 τῶν
2560 2657 2614 2714 ἐν
2645 2663 2764 2720 τοῖς
2793 2661 3276 2734 προηγησαμένοις
3316 2657 3814 2735 αίχμαλωτισθὲντων

2221 2746 2492 2820 πολέμοις
2550 2747 2617 2803 τὰ
2674 2745 2846 2821 δεσμᾶ
2911 2744 3296 2824 διαρῥήξαντες
3358 2749 3437 2812 εἷς
3523 2748 3615 2811 τὰς
3664 2749 3814 2803 ἑαυτῶν

2221 2837 2490 2903 ἐπανῆκον
2528 2833 2811 2912 πατρίδας.
2843 2836 3082 2899 Τούτους
3113 2839 3352 2901 ἅπαντας
3405 2839 3435 2893 6
3489 2843 3593 2893 τῶν
3620 2833 3817 2909 Βουλγέ-

2222 2945 2331 2999 ρων
2360 2927 2607 3003 ἀρχηρὸς
2638 2929 2885 3002 Κροῦμοξ
2917 2924 3209 2997 ἐκδοθῆναί
3268 2928 3320 2983 οἱ
3355 2927 3573 3003 ἆπῂτει.
3616 2926 3717 2984 Τισὶ
3747 2923 3817 2998 μὲν

2222 3016 2314 3071 οὗν
2345 3021 2453 3071 τῶν
2481 3014 2768 3088 Ῥωμαίων
2823 3015 3079 3085 ἐπαινετὴ
3111 3013 3285 3072 ἐδόκει
3344 3019 3382 3087 ἡ
3441 3012 3664 3082 ἔκδυσις,
3710 3013 3816 3089 ᾗτινι

2220 3105 2310 3161 καὶ
2362 3106 2390 3160 6
2442 3102 2701 3181 βασιλεὺς
2759 3105 2850 3161 καί
2902 3126 3046 3168 τινες
3104 3103 3392 3184 ἀξιόλογοι
3439 3104 3815 3181 συγκατετίθεντο

459 3203 798 3255 cesserant:
831 3196 1211 3268 perfugarum
1238 3195 1399 3250 enim
1430 3194 1732 3250 deditione
1756 3212 1817 3250 se
1848 3196 2109 3253 barbari-

2226 3195 2479 3270 μοναχοί·
2511 3194 2684 3268 ᾢοντο
2715 3195 2818 3272 γὰρ
2874 3192 2965 3250 διὰ
3010 3201 3112 3264 τῆς
3165 3200 3275 3250 τῶν
3330 3196 3656 3274 προσφύγων
3703 3188 3817 3247 ἐκδό-

459 3289 543 3344 cis
581 3285 1043 3359 prasdationibus
1097 3283 1414 3338 liberatum
1470 3283 1543 3337 iri
1602 3284 1941 3355 sperabant.
1999 3287 2114 3342 Alii

457 3382 658 3433 autem
690 3392 821 3431 eam
873 3372 1233 3429 sententiam
1290 3372 1787 3443 improbaverant,
1861 3392 2116 3445 quorum

458 3468 735 3539 princeps
794 3463 1160 3536 Nicephorus
1212 3462 1549 3532 patriarcha
1630 3468 1689 3517 et
1743 3463 2115 3522 Theoctistus

458 3554 758 3626 magister,
793 3568 900 3608 sua
928 3557 1099 3607 aetate
1131 3549 1343 3605 virtute
1379 3554 1438 3604 et
1461 3548 1780 3622 prudentia
1822 3559 2115 3624 prmstan-

459 3645 743 3707 tissimus.
775 3642 999 3715 aliique
1023 3658 1141 3697 non
1155 3640 1501 3712 pauci.Nam
1528 3640 1589 3695 hi
1609 3642 1726 3696 Deo
1742 3643 2114 3701 committen-

456 3737 593 3792 dam
616 3750 784 3790 suam
810 3732 1064 3787 salutem
1069 3728 1643 3802 judicabant.neque
1671 3732 2112 3804 transfugarum

457 3825 756 3881 deditione
772 3821 1163 3877 Barbarorum
1179 3818 1530 3891 placandam
1545 3820 2077 3891 superbiam,omni
2090 3854 2108 3865 -

456 3913 683 3987 potenti
723 3910 943 3968 auxilio
1006 3907 1108 3963 Dei
1162 3907 1525 3981 posthabito.
1584 3909 1839 3965 Proinde
1898 3910 2110 3967 Crumo

458 4002 762 4074 repulsam
809 4016 985 4073 passo
1042 3997 1267 4053 bellum
1336 3997 1395 4052 id
1456 3998 1698 4066 exarsit,
1751 4015 1866 4070 quo
1899 3999 2110 4074 ingens

454 4097 855 4151 Romanorum
904 4090 1119 4146 accidit
1147 4090 1367 4153 clades,
1425 4089 1590 4146 aliud
1647 4091 1932 4149 nimirum
1989 4093 2110 4150 Deo

446 4185 576 4259 jam
608 4189 735 4240 tum
765 4180 994 4255 aliquid
1024 4179 1455 4253 praamoliente.

522 4368 596 4422 At
645 4365 757 4421 Leo
824 4359 1077 4433 imperio
1135 4359 1359 4431 potitus
1408 4358 1715 4429 Thomam,
1797 4375 1985 4417 unum
2035 4377 2109 4418 ex

452 4454 643 4511 tribus
674 4452 746 4507 iis
778 4467 927 4523 quos
962 4446 1250 4504 Bardanio
1273 4446 1533 4503 adfuisse
1558 4447 1949 4516 narravimus,
1975 4466 2110 4506 cum

453 4544 504 4599 is
531 4540 871 4599 Philomelii
890 4538 1249 4595 monachum
1278 4536 1922 4609 consuleret.juvenem
1953 4538 2106 4597 853
2140 4565 2186 4633 ι)

453 4633 606 4690 acris
636 4630 840 4698 animi,
865 4634 1073 4684 turmae
1109 4626 1337 4683 ordinis
1366 4625 1788 4683 fmderatorum
1819 4630 2106 4700 praeficit;

453 4719 807 4779 Michaelum
862 4734 998 4773 vero
1059 4715 1326 4779 Balbum.
1372 4715 1531 4770 hunc
1593 4733 1828 4788 quoque
1883 4735 1954 4773 ex
2037 4718 2111 4775 iis

452 4811 643 4868 tribus
673 4825 880 4869 unum.
912 4807 1084 4878 cujus
1116 4805 1307 4860 filium
1338 4821 1410 4860 ex
1443 4820 1609 4859 sacro
1640 4805 1874 4861 lavacro
1918 4824 2113 4864 susce-

454 4906 641 4976 perat,
675 4897 992 4973 patricium
1024 4900 1186 4951 creat
1216 4899 1275 4949 et
1305 4892 1586 4950 comitem
1633 4894 1851 4950 schola:
1879 4897 2111 4953 excubi-

454 4998 651 5049 torum
708 4987 869 5057 facit,
929 4985 1311 5057 reliquasque
1366 4981 1604 5055 imperii
1682 5000 1779 5039 res
1838 5002 1944 5057 pro
2002 5004 2109 5047 suo

452 5081 698 5139 arbitrio
725 5076 1298 5136 constituitJnterea
1313 5072 1547 5147 Bulgari
1582 5074 1804 5130 recenti
1829 5075 2023 5134 adhuc
2036 5077 2110 5134 de

455 5169 739 5227 Romanis
769 5165 1017 5224 victoria
1046 5164 1236 5220 inflati
1265 5163 1328 5218 in
1385 5162 1693 5218 Thraciam
1735 5163 2109 5225 incursiones

456 5259 776 5320 faciebant.
819 5262 879 5313 et
908 5255 1078 5312 obvia
1107 5267 1358 5327 quaeque
1388 5250 1789 5323 deprmdando
1821 5255 2111 5327 papulan-

457 5347 652 5420 doque
684 5345 1221 5403 vastabantNisum
1251 5358 1388 5413 ergo
1410 5347 1501 5397 est
1529 5342 1871 5413 imperatori
1888 5343 2110 5413 legatos

458 5437 621 5509 pacis
652 5434 1077 5510 componendas
1104 5450 1283 5492 causa
1336 5431 1412 5489 ad
1466 5431 1778 5504 Bulgarum
1823 5434 2060 5492 mittere
2091 5451 2107 5493 :

2220 3304 2355 3346 σεως
2420 3290 2522 3354 τῆς
2582 3279 2929 3359 Βαρόαρικῆς
2999 3281 3489 3360 ἀπαλλαγησεσθαι
3548 3280 3813 3353 λεηλασίας.

2218 3374 2366 3437 Τινὲς
2399 3370 2445 3428 δ’
2478 3372 2848 3447 ἀπηρέσκοντο
2894 3373 3033 3449 πρὸς
3076 3375 3175 3443 τήν
3207 3375 3463 3450 γνώμην,
3496 3377 3577 3449 [Ρ.
3604 3372 3713 3440 487]
3763 3370 3817 3422 ὧν

2218 3467 2514 3541 κορυφαῖος
2571 3460 2829 3538 ἐτύγχανε
2884 3462 3203 3539 Νικηιρόρος
3269 3464 3297 3518 6
3384 3463 3713 3537 πατριάρχης
3752 3456 3819 3513 καὶ

2219 3552 2248 3607 6
2284 3553 2584 3627 μάγιστρος
2612 3552 2931 3614 Θεόκτιστος
2987 3549 3073 3607 ἐπ’
3125 3551 3293 3627 ἀρετῇ
3353 3553 3447 3608 καὶ
3500 3552 3689 3608 συνέσει
3712 3569 3822 3621 πρω·

2217 3640 2387 3698 τεῦων
2418 3645 2497 3714 τῷ
2525 3642 2670 3712 τότε,
2701 3642 2791 3696 καὶ
2822 3639 2994 3697 ἄλλοι
3017 3638 3075 3696 δὲ
3104 3641 3205 3696 οὐκ
3224 3639 3436 3717 ὀλίγοι,
3469 3640 3661 3721 ἐφεῖναι
3684 3637 3823 3711 λέγον-

2218 3752 2303 3793 τες
2340 3733 2406 3787 τὰ
2436 3732 2555 3796 καθ’
2587 3731 2809 3794 ἑαυτοὺς
2833 3731 2913 3803 τῷ
2944 3734 3084 3803 Θεῷ,
3143 3731 3234 3786 καὶ
3292 3732 3372 3806 μή
3434 3729 3526 3787 διὰ
3553 3726 3821 3807 προσφόγων

2220 3818 2483 3883 ἐκδόσεως
2513 3822 2613 3891 τήν
2642 3824 2739 3877 τοῦ
2774 3824 2907 3876 Θεοῦ
2947 3819 3366 3897 παραλιπόντας
3420 3818 3666 3889 παναλκῆ
3721 3818 3817 3892 βοη-

2220 3913 2365 3967 θειαν
2422 3912 2520 3981 τήν
2573 3914 2671 3966 τοῦ
2730 3905 3011 3986 Βαρϐάρου
3065 3909 3493 3985 ἐξευμενίζεσθαι
3531 3906 3820 3979 ἀλαζονείαν.

2218 3998 2503 4074 Μηδαμῶς
2534 3996 2591 4056 δὲ
2622 3995 2907 4074 συμϐάσης
2961 4006 3061 4069 τῆς
3118 4000 3379 4070 τοιαύτης
3434 3999 3711 4060 ἐπιτάσεως
3747 3997 3819 4049 τοῦ

2219 4090 2497 4165 Κρούμου,
2531 4091 2559 4145 6
2591 4088 2919 4165 προλεχθεὶς
2974 4087 3327 4167 ἀνερῥιπίσθη
3384 4090 3649 4164 πόλεμος,
3676 4086 3750 4143 καὶ
3793 4084 3819 4151 ἢ

2216 4184 2394 4258 τροπὴ
2427 4182 2517 4237 καὶ
2547 4183 2575 4237 6
2606 4181 2782 4246 πολὺς
2801 4182 3004 4259 φθόρος
3035 4185 3142 4237 τῶν
3170 4181 3463 4256 Ῥωμαίων
3504 4176 3822 4251 ἐπηκοιούθη-

2217 4294 2323 4343 σεν,
2355 4272 2499 4330 ἄλλο
2523 4294 2575 4329 τι
2604 4276 2702 4330 τοῦ
2736 4276 2892 4337 Θεοῦ,
2926 4272 3002 4335 ὡς
3044 4267 3209 4341 ἔοικε,
3240 4275 3770 4349 προοικονομοῦντος.

2289 4362 2444 4423 Τέως
2495 4358 2553 4417 δὲ
2614 4362 2715 4431 τὴν
2776 4358 3053 4436 βασίλειον
3112 4360 3293 4440 ἀρχὴν
3346 4359 3761 4436 περιζωσάμενος
3805 4351 3825 4406 δ

2218 4450 2367 4507 Λέων
2397 4457 2596 4526 Θωμᾶν
2631 4451 2745 4524 μὲν,
2778 4446 2870 4506 ἕνα
2897 4453 3003 4505 τῶν
3061 4455 3230 4527 τριῶν
3284 4448 3411 4506 ὄντα
3471 4449 3565 4513 οὖς
3613 4450 3640 4505 6
3693 4445 3824 4522 λόγος

2216 4540 2474 4615 ἱστόρησε
2529 4540 2734 4619 φθάσας
2806 4543 3041 4593 συνεῖναι
3105 4543 3187 4612 τῷ
3269 4536 3559 4615 Βαρδανίῳ
3637 4532 3828 4619 ὁπηνίκα

2220 4631 2357 4705 πρὸς
2383 4629 2474 4685 τὸν
2500 4618 2746 4709 μοναχὸν
2784 4627 2835 4684 ἐν
2873 4633 2952 4701 τῷ
2982 4626 3305 4704 Φιλομιλίῳ
3363 4627 3669 4708 ἐφοίτησεν,
3697 4618 3828 4695 ἄνδρι

2219 4723 2341 4776 νὲον
2373 4719 2463 4775 καὶ
2494 4719 2764 4796 ὁρμητίαν
2790 4720 3155 4795 τουρμάρχην
3212 4717 3447 4791 ἀνέδειξε
3496 4722 3591 4775 τοῦ
3619 4711 3825 4797 φοιδερᾶο

2220 4832 2327 4866 των
2360 4811 2473 4885 (54)
2505 4809 2805 4885 τάγματος,
2839 4807 3071 4889 Μιχαὴλ
3097 4806 3154 4864 δὲ
3174 4810 3265 4864 τὸν
3289 4809 3567 4884 Τραυλὸν,
3597 4807 3678 4862 καὶ
3701 4799 3825 4889 αὖτδν

2216 4896 2308 4955 ἕνα
2335 4904 2443 4955 τῶν
2474 4903 2641 4975 τριῶν
2669 4894 2818 4967 ὄντα,
2840 4898 2903 4953 οῦ
2931 4887 3026 4954 τὸν
3058 4898 3173 4953 υἱὸν
3234 4896 3296 4954 ἐκ
3344 4905 3447 4969 τῆς
3504 4897 3656 4973 ἁγίας
3684 4887 3825 4949 ἀνεδέ-

2219 4990 2343 5060 ξατο
2373 4982 2790 5062 κολυμϐηθρας,
2842 4986 3125 5063 πατρίκιον
3176 4987 3359 5043 ἀνεῖπε
3400 4986 3496 5042 καὶ
3523 4985 3729 5060 κόμητα
3750 4985 3827 5046 τῆς

2216 5082 2327 5135 τῶν
2358 5072 2681 5149 ἐξκουϐίτων
2712 5077 2952 5152 σχολῆς,
2974 5076 3066 5133 καὶ
3096 5075 3279 5133 τᾶλλα
3309 5074 3552 5133 διεπόνει
3579 5082 3675 5145 τῆς
3704 5073 3825 5149 βασι·

2221 5167 2369 5230 λείας
2413 5167 2704 5241 καθώσπερ
2751 5168 2819 5236 ἦν
2876 5166 3023 5241 αὐτῷ
3083 5164 3378 5243 βουλητόν.
3441 5166 3509 5226 Ol
3564 5161 3827 5235 Βούλγαροι

2220 5255 2278 5314 δὶ
2308 5255 2474 5313 πλέον
2511 5260 2581 5332 τῇ
2613 5256 2718 5332 πρὸ
2774 5259 2973 5332 μικροῦ
3014 5258 3123 5311 τῶν
3179 5254 3469 5330 Ῥωμαίων
3522 5254 3656 5328 ἥττῃ
3707 5248 3827 5323 ἐκφυο

2219 5346 2464 5415 ηθὲντες
2492 5348 2595 5416 τὴν
2623 5351 2838 5420 Θρακην
2867 5344 3195 5421 κατέτρεχον
3227 5346 3315 5401 καὶ
3346 5346 3413 5401 τὰ
3445 5344 3501 5400 ἐν
3539 5342 3690 5399 ποσὶν
3728 5332 3832 5421 ἐδη-

2220 5458 2312 5493 ουν
2342 5436 2432 5493 καὶ
2464 5432 2773 5508 ἐληΐζοντο.
2804 5431 3025 5506 ’Έδοξιν
3057 5433 3155 5489 οὗν
3182 5438 3263 5508 τῷ
3317 5432 3540 5511 βασιλεῖ
3589 5420 3832 5509 πρεσϐείαν

1655 5558 2021 5619 XYLANDRI
2060 5566 2148 5622 ET
2188 5565 2406 5623 GOABI
2440 5564 2665 5621 ΝΟΤᾸΞ,

533 5682 653 5757 (54)
686 5672 1028 5763 esseet.»
1058 5676 1377 5763 ὲεεθεάιξφ
1404 5674 1871 5763 amarumst:
1904 5681 2114 5741 τοιίηθι

2223 5677 2512 5758 ιιϐερὰτου,
2546 5682 2622 5741 de
2649 5683 2890 5758 agmine
2921 5681 3147 5742 dictum
3176 5697 3211 5741 a
3260 5682 3540 5755 federatis
3592 5677 3822 5736 diverso;

467 5740 551 5815 de‘
570 5740 698 5829 quo
729 5740 936 5809 amab:
962 5751 1023 5823 p'.
1058 5740 1162 5811 ’Μ
1192 5744 1238 5808 D
1269 5747 1329 5804 et
1352 5752 1464 5804 nos
1484 5740 1726 5804 ibidem.
1749 5747 1927 5806 Gbu.
