4108 6300
255 379 368 441 93Ἷ

1377 374 1924 440 HISTORIARUM
1967 375 2526 445 COMPENDIUM.

3541 383 3662 443 938

253 511 466 569 στεῖλαι
525 511 637 585 καὶ]
665 510 865 586 λόγους
925 517 1141 582 κινῆσαι
1192 511 1316 587 περὶ
1374 511 1616 586 εἶρηνηςο
1675 514 1788 569 Τοῦ
1846 507 1903 564 δὲ

2017 513 2119 568 sed
2151 529 2220 568 eo
2257 514 2579 572 ferociente
2639 533 2705 573 ac
2761 534 2968 589 pacem
3024 515 3276 589 superbe
3323 521 3662 585 recusante,

254 599 1002 678 Βουλγάρου“φρυαξαμένου
1059 601 1148 656 καὶ
1205 602 1305 670 τήν
1367 601 1586 676 εἰρήνην
1644 621 1906 675 παρωσα-

257 691 444 762 μένου,
504 688 692 761 ἐδέησε
743 691 931 762 μάχης
991 690 1042 760 ἐξ
1102 691 1338 765 ἀνάγκης
1392 695 1472 763 τῷ
1535 689 1768 766 βασιλεῖ.
1802 689 1906 746 Καὶ

250 784 389 853 γοῦν
428 779 520 834 καὶ
575 779 1071 854 συναθροισθέντων
1125 783 1237 834 τῶν
1297 781 1713 854 στρατευμάτων
1751 778 1904 854 μάχη

254 869 485 937 συνέστη
543 869 798 941 κρατερὰ,
857 867 948 922 καὶ
1005 867 1170 923 πάλιν
1227 870 1438 938 ἡττηθη
1497 869 1562 921 τὰ
1627 866 1912 939 Ῥωμαϊκὰ

252 954 654 1029 στρατεύματα.
709 957 831 1010 Τῶν
889 951 947 1008 δὲ
1003 954 1332 1031 Βουλγάρων
1362 949 1432 1028 τῇ
1495 952 1675 1026 διώξει
1707 953 1906 1007 ἐπικει-

257 1041 462 1115 μένων,
503 1042 532 1094 ὁ
593 1039 847 1114 βασιλεὺς
907 1035 958 1095 ἕν
1012 1062 1120 1095 τινι
1179 1037 1474 1114 ὑπερδεξίῳ
1528 1035 1682 1112 τόπῳ
1739 1039 1906 1100 έστὼς

252 1132 393 1205 μετὰ
422 1137 523 1200 τῆς
554 1131 676 1205 περὶ
737 1130 898 1185 αὐτὸν
942 1130 1209 1206 ἑταιρείας
1273 1131 1592 1186 κατεσκόπει
1647 1131 1716 1184 τὰ
1773 1126 1910 1202 δρώ-

251 1241 406 1292 μενα.
469 1219 574 1276 Καὶ
626 1239 963 1289 κατανοησας
1037 1220 1110 1283 ὡς
1172 1219 1493 1276 ἀσύντακτοι
1577 1219 1665 1274 καὶ
1739 1223 1910 1274 πᾶσαν

241 1308 398 1381 τάξιν
453 1306 846 1370 ἀπολείποντες
895 1309 946 1362 οἱ
1005 1307 1313 1384 Βούλγαροι
1372 1306 1724 1364 ἐπιδιώκουσι
1780 1307 1909 1368 τοὺς

244 1397 573 1476 φεύγοντας,
605 1396 986 1472 παρακαλέσας
1014 1397 1142 1458 τοὺς
1201 1399 1335 1471 ἄμφ’
1388 1397 1548 1453 αὐτὸν
1589 1398 1676 1452 καὶ
1711 1394 1908 1468 ἄνδρας

246 1485 490 1561 ἀγαθοὺς
572 1483 821 1560 γενέσθαι
879 1486 1257 1551 καθικετεύσας
1311 1487 1401 1542 καὶ
1465 1488 1540 1560 μὴ
1607 1490 1714 1540 τῶν
1772 1487 1910 1542 Ῥω-

255 1576 438 1649 μαίων
499 1573 744 1631 εὔκλειαν
799 1577 1067 1651 περιιδεῖν
1127 1580 1420 1652 χωροῦσαν
1489 1575 1565 1639 εἷς
1616 1577 1679 1630 τὸ
1713 1571 1906 1648 μηδὲν,

245 1665 551 1720 ἐπιτίθεται
585 1663 858 1738 ὀᾳγδαίως
914 1664 1120 1729 αὐτοῖς.
1179 1665 1284 1722 Καὶ
1342 1669 1422 1738 τῷ
1464 1662 1753 1741 παραδόξῳ
1808 1670 1909 1732 τῆς

241 1748 544 1815 ἐπιθέσεως
591 1753 932 1828 τρεψάμενος
1017 1753 1144 1816 τοὺς
1200 1755 1640 1830 παρατυχόντας,
1697 1754 1786 1809 καὶ
1843 1754 1907 1809 τὸ

244 1841 451 1898 λοιπὸν
472 1847 582 1898 τῶν
612 1843 944 1921 Βουλγάρων
978 1845 1286 1918 στράτευμα
1341 1849 1418 1915 τῷ
1473 1840 1728 1922 αἰφνιδίῳ
1784 1864 1906 1898 κατ-ι
1937 1885 1981 1950 Β

239 1933 454 2006 έπληξε
492 1935 582 1990 καὶ
612 1936 863 2010 ταραχῆς
900 1935 994 1990 καὶ
1024 1931 1197 2014 φόϐου
1237 1935 1525 2008 ἐνέπλησε,
1572 1938 1662 1991 καὶ
1723 1935 1898 2002 ἀλκῆς

245 2021 434 2088 οὐδεὶς
480 2024 778 2098 ἐμέμνητο.
834 2025 1052 2080 Τούτων
1105 2022 1295 2081 ἔπεσον
1361 2026 1454 2099 μὲν
1513 2025 1565 2080 ἐν
1631 2028 1699 2098 τῇ
1737 2045 1901 2101 προσ-

244 2109 398 2187 ϐολῇ
438 2112 667 2186 πολλοὶ,
697 2114 788 2169 καὶ
828 2114 988 2176 αὐτὸς
1038 2115 1065 2168 ὀ
1113 2119 1218 2169 τῶν
1252 2113 1395 2170 ’ὁλων
1429 2114 1690 2189 ἀρχηγὸς,
1733 2115 1898 2169 εἶκαὶ

245 2202 468 2279 ταχέως
501 2204 602 2258 ὑπὸ
631 2208 738 2260 τῶν
769 2203 984 2260 οἰκείων
1011 2201 1170 2276 ’ίππῳ
1223 2203 1418 2275 κέλητι
1467 2204 1721 2279 ἀναχθεὶς
1770 2201 1901 2276 δρα-

252 2297 381 2366 σμῷ
408 2295 508 2364 τήν
560 2294 833 2368 σωτηρίαν
883 2295 1384 2369 ἐπραγματεύσατο,
1423 2292 1666 2348 ἑάλωσαν
1724 2290 1900 2348 δὲκαὶ

249 2386 362 2436 τῶν
402 2383 674 2438 πεσόντων
723 2380 923 2454 πολλῷ
989 2381 1232 2446 πλείους,
1291 2387 1462 2439 Τοῦτο
1519 2385 1581 2439 τὸ
1619 2377 1772 2459 ἔργον
1833 2384 1902 2437 τὰ

2013 610 2247 659 coactus
2263 607 2519 661 estbello
2533 608 3207 664 decernere.Commisso
3232 613 3429 662 autem
3451 605 3662 677 grandi

2011 693 2235 764 prailio,
2267 712 2401 750 cum
2426 697 2620 751 denuo
2652 699 2898 753 Romani
2928 698 3222 752 exercitus
3281 697 3664 751 vincerentur

2013 782 2362 855 Bulgarique
2394 784 2466 839 iis
2507 786 2937 856 persequendis
2994 804 3054 841 se
3107 786 3335 852 darent,
3380 787 3491 840 Leo
3522 802 3660 840 cum

2013 887 2118 925 suo
2180 871 2450 928 sodalitio
2511 874 2796 928 eminenti
2856 875 2984 929 loco
3035 880 3197 929 stans
3246 873 3663 929 animadvertit

2014 961 2291 1031 Bulgaros
2316 961 2625 1016 ordinibus
2656 962 2776 1016 suis
2808 963 3016 1018 solutis
3048 965 3230 1018 eﬂ‘use
3262 963 3660 1034 persecutioni

2015 1067 2077 1104 se
2109 1049 2363 1105 dedisse.
2401 1051 2484 1107 Ibi
2518 1057 2644 1106 tum
2674 1053 3014 1107 cohortatus
3047 1052 3659 1122 suos,obtestatusque

2011 1144 2079 1193 ut
2107 1139 2289 1194 fortes
2319 1146 2378 1196 et
2406 1146 2680 1195 strenuos
2711 1158 2772 1195 se
2795 1141 3130 1212 praeberent
3149 1158 3342 1212 neque
3364 1143 3660 1196 Romano-

2012 1245 2145 1283 rum
2175 1229 2424 1301 gloriam
2463 1230 2537 1285 ad
2562 1231 2817 1285 nihilum
2849 1230 3032 1302 redigi
3066 1235 3430 1302 paterentur,
3448 1247 3660 1301 magno

2013 1334 2149 1373 cum
2179 1319 2404 1391 impetu
2438 1321 2637 1376 hostes
2657 1320 2963 1386 adoritur;
2997 1325 3055 1375 et
3082 1319 3284 1375 obvios
3343 1320 3664 1391 improvisa

2013 1407 2402 1478 impressione
2433 1408 2688 1480 pellens,
2714 1409 2908 1465 subita
2937 1426 3001 1465 re
3023 1409 3407 1481 Bulgarorum
3421 1425 3662 1464 omnem

2014 1497 2338 1552 exercitum
2369 1503 2678 1569 perterret,
2713 1515 2961 1569 eamque
3018 1498 3475 1569 trepidationem
3506 1499 3664 1553 inter

2014 1601 2114 1640 eos
2145 1587 2361 1641 excitat
2387 1591 2453 1641 ut
2476 1587 2664 1642 virtus
2685 1587 2879 1642 omnis
2901 1586 3115 1642 animis
3173 1603 3380 1641 eorum
3425 1586 3656 1641 abierit.

2013 1673 2366 1730 Ceciderunt
2395 1691 2463 1729 eo
2494 1675 2556 1729 in
2577 1676 2782 1746 praelio
2809 1676 3146 1747 complures
3196 1675 3450 1748 Bulgari,
3483 1681 3660 1747 atque

2013 1763 2140 1834 ipse
2171 1763 2350 1818 etiam
2382 1764 2742 1835 imperator:
2788 1765 2891 1820 sed
2947 1765 2998 1820 is
3056 1764 3330 1820 celeriter
3380 1781 3415 1819 a
3444 1765 3566 1818 suis
3597 1765 3662 1818 in

2013 1869 2231 1923 equum
2259 1853 2514 1908 liberum
2545 1854 2856 1925 impositus
2878 1854 3014 1926 fuga
3033 1853 3286 1909 salutem
3308 1857 3662 1908 consecutus

2011 1942 2306 1997 est.Multo
2338 1942 2540 2014 plures
2563 1943 2714 2015 capti
2749 1950 2890 1999 sunt
2917 1960 3096 2014 quam
3145 1943 3300 2000 854
3339 1940 3658 1996 interfecti.

2011 2031 2130 2086 Hoc
2162 2031 2512 2102 praeclarum
2540 2032 2770 2088 facinus
2830 2033 3214 2105 Bulgarorum
3275 2031 3658 2086 insolentiam

2011 2118 2324 2190 depressit,
2359 2125 2417 2175 et
2445 2121 2678 2177 animos
2703 2123 3103 2177 Romanorum
3161 2121 3449 2175 demissos
3479 2124 3656 2190 atque

2010 2213 2337 2279 prostratos
2369 2210 2735 2266 confirmavit
2756 2215 2816 2265 et
2844 2210 3381 2281 erexitJmperator
3410 2208 3657 2280 amplis-

2012 2297 2161 2352 simo
2195 2315 2330 2353 cum
2354 2299 2652 2370 triumpho
2703 2304 2761 2354 et
2791 2299 2996 2371 spoliis
3029 2299 3090 2353 in
3129 2298 3339 2354 urbem
3391 2313 3662 2352 reversus
3724 2371 3733 2377 _

2012 2385 2086 2441 ad
2117 2386 2227 2442 alia
2257 2388 2494 2460 negotia
2521 2389 2790 2443 animum
2822 2388 3058 2459 adjecit.

268 2473 368 2543 μέν
395 2476 505 2528 τῶν
536 2473 868 2548 Βουλγάρων
898 2470 1220 2528 ἐταπείνωσε
1240 2493 1587 2550 φρονηματα,
1612 2473 1678 2528 τὰ
1705 2469 1763 2526 δὲ
1783 2476 1889 2527 τῶν
1919 2473 2240 2546 Ῥωμαϊκῶν
2273 2475 2541 2552 κεκυφότα
2571 2475 2661 2530 καὶ
2691 2476 2827 2548 πρὸς
2859 2481 2963 2549 γῆν
2994 2473 3220 2529 νεύοντα
3286 2472 3662 2548 ἀναθαρρῆσαι

260 2561 579 2632 πεποίηκεν.
615 2562 671 2615 Ὀ
693 2557 750 2616 δὲ
785 2560 1040 2637 βασιλεὺς
1071 2564 1206 2635 μετὰ
1235 2562 1505 2637 λαμπρῶν
1531 2565 1642 2617 τῶν
1671 2561 1948 2636 τροπαίων
1981 2563 2070 2617 καὶ
2103 2561 2254 2624 λείας
2287 2562 2371 2618 ὅτι
2396 2561 2618 2632 πολλῆς
2644 2565 2744 2634 τὴν
2780 2559 3036 2637 βασιλίδα
3081 2557 3408 2618 καταλαϐὼν
3461 2565 3576 2617 τῶν
3607 2559 3662 2615 ἐν

258 2649 448 2725 χερσὶν
481 2649 661 2726 εἴχετο
692 2653 1058 2728 πραγμάτων.

329 2742 486 2816 ’Ἄρτι
565 2739 620 2796 δέ
689 2742 780 2797 καὶ
836 2742 911 2804 εἰς
974 2743 1198 2815 μνήμην
1283 2740 1454 2797 ἐλθὼν
1509 2745 1605 2796 τοῦ
1657 2741 1792 2795 κατὰ
1844 2741 1908 2795 τὸ

255 2829 591 2903 Φιλομίλιον
638 2835 909 2906 μοναχοῦ,
969 2825 1111 2906 ἔγνω
1169 2829 1368 2905 δώροις
1427 2830 1517 2885 καὶ
1567 2832 1908 2904 ἀναθήμασιν

257 2919 417 2974 αὐτὸν
501 2927 602 2989 τῆς
684 2919 766 2975 ἐπ’
814 2920 961 2992 αὐτῷ
1017 2920 1355 3000 προφητείας
1408 2920 1760 2993 ἀμείψασθαι.
1820 2923 1905 2992 [Ρ.

251 3010 383 3082 488]
424 3007 802 3079 Ἐξαπέστειλε
829 3013 961 3084 γοῦν
1019 3030 1142 3064 τινα
1187 3013 1294 3064 τῶν
1352 3010 1718 3075 πιστοτάτων,
1777 3009 1908 3062 ἀνα-

251 3099 473 3171 θήματα
507 3099 582 3160 εἰς
613 3097 774 3153 αὐτὸν
834 3103 1139 3172 κομίζοντα
1193 3099 1283 3153 καὶ
1341 3093 1547 3153 ἔπιπλα
1601 3097 1690 3153 καὶ
1739 3095 1902 3166 σκεύη

252 3190 466 3265 ἀργυρᾶ
521 3190 612 3244 καὶ
667 3191 872 3266 χρύσεα
926 3190 1016 3245 καὶ
1070 3187 1188 3259 εἷ’δη
1249 3187 1426 3261 εὐώδη
1484 3193 1592 3245 τῶν
1652 3189 1728 3251 εἷς
1758 3191 1906 3262 ἡμᾶς

2087 2743 2211 2806 Quo
2235 2747 2500 2815 tempore
2532 2744 2712 2799 etiam
2740 2743 3018 2799 monachi
3066 2741 3546 2798 Philomeliensis
3571 2757 3670 2797 re-

2016 2832 2775 2893 cordans,vaticinationem
2796 2833 3007 2903 ejusde
3041 2848 3102 2886 se
3134 2832 3664 2886 constituitmune-

2016 2920 2179 2974 ribus
2197 2925 2374 2991 atque
2387 2919 2652 2975 donariis
2665 2920 3244 2992 compensare.Mittit
3265 2936 3401 2992 ergo
3423 2935 3666 2974 suorum

2016 3009 2330 3078 quemdam
2346 3009 2740 3065 ﬁdelissimum
2754 3010 2855 3080 qui
2873 3009 2946 3065 ad
2963 3025 3097 3064 eum
3122 3008 3378 3063 deferret
3391 3008 3659 3078 donaria,

2015 3097 2469 3167 supellectilem,
2529 3115 2666 3153 vasa
2704 3103 2983 3170 argentea
3035 3103 3093 3151 et
3123 3113 3302 3152 aurea
3333 3113 3401 3152 ac
3432 3096 3659 3168 species

2014 3185 2310 3250 odoratas,
2362 3186 2566 3256 quales
2615 3187 2689 3242 ad
2738 3204 2847 3242 nos
2907 3203 2977 3240 ex
3058 3185 3224 3240 India
3306 3187 3658 3241 afferuntur.

255 3279 306 3348 ἐξ
341 3277 538 3344 Ἰνδίας
574 3281 978 3354 κομιζομένων.
1034 3278 1195 3337 Ἀλλ’
1254 3277 1459 3342 ἐκεῖνος
1516 3279 1608 3352 μὲν
1661 3279 1688 3332 ὁ
1745 3298 1904 3351 μονα-

2019 3275 2231 3328 Verum
2263 3275 2313 3329 is
2345 3276 2819 3346 monachusjam
2877 3281 3002 3330 tum
3050 3275 3229 3329 vitam
3286 3291 3420 3329 cum
3469 3277 3661 3328 morte

258 3368 366 3447 χὸς
391 3361 554 3442 ἔτυχε
583 3371 1004 3443 προαποθανεῖν,
1062 3367 1290 3438 κατέστη
1353 3365 1410 3422 δέ
1472 3370 1540 3440 τῇ
1598 3364 1904 3441 κέλλῃ(55)

255 3458 427 3512 αὐτοῦ
458 3453 717 3519 διάδοχος
753 3457 996 3532 μοναχός
1032 3479 1117 3520 τις
1149 3456 1342 3526 ἂλλος,
1374 3458 1474 3526 την
1531 3454 1728 3525 κλῆσιν
1762 3448 1908 3508 Σαϐ-

257 3541 469 3616 ϐάτιος,
525 3549 628 3611 τῆς
686 3546 848 3610 ἀθέου
901 3550 1008 3600 τῶν
1060 3544 1438 3620 εἶκονομάχων
1481 3543 1741 3619 αἱρέσεως
1783 3542 1908 3597 ἀνά-

253 3631 438 3696 πλεως
486 3629 581 3690 ὤν.
640 3635 727 3696 Ἐς
783 3638 974 3690 τοῦτον
1024 3633 1052 3688 ὂ
1111 3634 1260 3708 παρᾶ
1317 3632 1586 3708 βασιλέως
1643 3633 1906 3712 πεμφθεὶς

257 3721 589 3800 ἀφικόμενος
618 3725 685 3778 τά
739 3745 798 3778 τε
851 3722 1226 3798 ἀπεσταλμένα
1279 3727 1359 3795 τῷ
1416 3721 1580 3777 αὐτοῦ
1620 3725 1906 3797 καθηγητῇ

254 3813 403 3886 παρὰ
427 3812 697 3887 βασιλέως
730 3811 879 3888 δῶρα
937 3810 1179 3883 δέξασθαι
1235 3811 1542 3886 παρηγγύα,
1583 3811 1673 3867 καὶ
1728 3810 1906 3885 γράμ-

259 3922 390 3975 μασι
445 3902 536 3956 καὶ
592 3901 784 3976 εὐχαῖς
839 3901 929 3956 τὸν
992 3899 1279 3976 πέμψαντα
1337 3900 1788 3973 ἀνταμείψασθαι.
1845 3899 1905 3954 Ὀ

262 3987 322 4045 δέ
358 3991 426 4045 τὰ
455 3991 549 4064 μὶν
589 3990 967 4065 ἀπεσταλμένα
1024 3987 1212 4046 λαϐεῖν
1262 3990 1361 4045 οὐκ
1398 3988 1684 4060 ἠθέλησεν,
1744 3988 1907 4043 αὐτὸν

262 4076 320 4133 δὲ
404 4079 805 4153 ὀπισθόρμητον
889 4079 1102 4136 ἀπιέναι
1159 4078 1612 4154 παρεκελεύσατο,
1691 4077 1902 4147 ἀνάξιον

262 4169 402 4224 εἶναι
469 4169 646 4246 λέγων
701 4172 791 4226 καὶ
849 4171 939 4226 τὸν
1002 4169 1232 4245 βασιλέα
1294 4176 1396 4238 τῆς
1450 4165 1774 4241 ἁλουργίδος
1832 4169 1908 4231 ὡς

261 4256 516 4322 εἰδώλοις
610 4259 1018 4336 προστετηκότα
1080 4259 1170 4314 καὶ
1229 4265 1346 4321 τοῖς
1401 4258 1586 4332 λόγοις
1643 4257 1908 4330 ἑπόμενον

263 4349 500 4422 Εἰρήνης
523 4355 622 4419 τῆς
651 4347 936 4424 βασιλίδος
966 4349 1057 4404 καὶ
1111 4348 1380 4424 Ταρασίου
1409 4351 1506 4402 τοῦ
1538 4345 1901 4422 πατριάρχουο

265 4439 340 4492 ὧν
368 4440 466 4508 τήν
503 4440 597 4512 μὲν
627 4435 818 4516 παρδὼ
849 4438 938 4494 καὶ
998 4435 1166 4503 θυάδα
1219 4439 1319 4508 τήν
1381 4438 1646 4513 Εῗρήνην,
1704 4437 1795 4491 τὸν
1848 4433 1906 4491 δὲ

256 4525 309 4582 ἐν
393 4528 760 4604 πατριάρχαις
847 4525 1100 4602 ἀοίδιμον
1182 4529 1444 4602 Ταράξιον
1524 4525 1906 4598 κατωνόμαζεν

256 4615 285 4671 ὁ
343 4616 687 4691 παμμίαρος.
747 4615 994 4674 Ἠπείλει
1053 4614 1111 4670 δὲ
1188 4617 1277 4671 καὶ
1353 4621 1576 4691 ταχεῖαν
1635 4610 1901 4670 ἔκπτωσιν

252 4710 353 4773 τῆς
397 4703 676 4778 βασιλείας
704 4709 784 4777 τῷ
819 4706 1036 4779 βασιλεῖ
1067 4704 1156 4760 καὶ
1196 4709 1293 4759 τοῦ
1354 4703 1475 4780 βίου
1506 4705 1901 4782 καταστροφὴν,

257 4789 303 4843 εἰ
339 4792 415 4862 μὴ
443 4796 632 4854 θᾶττον
691 4797 809 4857 τοῖς
843 4794 1010 4848 αὐτοῦ
1065 4791 1255 4867 λόγοις
1312 4790 1547 4853 πεισθεὶς
1603 4793 1698 4855 τὰς
1753 4790 1900 4855 θείας

255 4879 637 4954 καταστρέψειε
667 4880 1096 4959 στηλογραῳίας.
1159 4881 1454 4955 Δεξάμενος
1509 4879 1566 4935 δὲ
1621 4881 1686 4935 τὰ
1726 4883 1902 4956 γράμ-

263 4988 406 5041 ματα
500 4969 528 5023 ὁ
585 4969 956 5047 αὐτοκράτωρ,
1015 4973 1106 5028 καὶ
1161 4975 1307 5046 παρὰ
1366 4976 1462 5028 τοῦ
1547 4970 1780 5047 ἀγγέλου
1845 4967 1903 5024 δὲ

263 5057 452 5130 μαθὼν
485 5058 580 5113 ὅσα
600 5081 657 5114 τε
687 5061 715 5115 ὁ
746 5063 986 5142 μοναχὸς
1017 5063 1136 5118 εἷπε
1181 5064 1271 5118 καὶ
1324 5063 1423 5117 ’ὀσα
1462 5061 1622 5123 αὐτὸς
1677 5060 1900 5130 ἤκουσε,

258 5147 351 5201 καὶ
381 5153 629 5224 ταραχῆς
659 5149 942 5214 ἀνάπλεως
971 5149 1237 5227 γεγονὼς,
1297 5147 1559 5206 Θεόδοτον
1629 5153 1902 5224 μετεπέμ-

257 5241 396 5312 ψατο
429 5237 520 5293 τὸν
551 5237 896 5312 Μελισσηνὸν
952 5240 1044 5296 καὶ
1099 5241 1222 5316 περὶ
1278 5245 1380 5296 τοῦ
1435 5241 1747 5314 σκέμματος
1807 5241 1902 5295 ἀν-

250 5331 529 5384 εκοινοῦτο
559 5329 625 5384 τὰ
655 5329 909 5401 ποιητέα.
964 5332 1024 5388 Ὀ
1077 5328 1134 5385 δὲ
1184 5329 1275 5385 καὶ
1325 5329 1498 5385 πάλαι
1552 5333 1620 5404 τῇ
1677 5329 1901 5404 τοιαύτῃ

247 5418 452 5492 αἱρέσει
524 5419 968 5495 κατεσχημένος,
1026 5422 1117 5476 καὶ
1167 5420 1354 5496 καιρὸν
1425 5423 1602 5490 ζητῶν
1686 5417 1900 5494 παρρη-

2013 3370 2423 3432 commutarat,
2459 3371 2940 3438 successeratque
2991 3366 3045 3421 ei
3080 3365 3390 3421 Sahbatius
3422 3365 3665 3435 quidam

2014 3458 2171 3509 totus
2202 3455 2398 3526 impiae
2450 3455 3018 3528 imaginiperdarum
3077 3455 3292 3509 haeresi
3322 3455 3663 3510 immersus.

2013 3543 2100 3598 Ad
2123 3560 2259 3598 eum
2289 3561 2425 3598 cum
2455 3546 2715 3600 venisset
2743 3546 2970 3617 legatus
2992 3544 3664 3616 imperatoris,hortatus

2015 3637 2105 3687 est
2138 3638 2203 3687 ut
2233 3649 2484 3688 munera
2539 3636 2891 3706 praeceptori
2940 3651 3046 3689 suo
3105 3634 3289 3689 missa
3346 3633 3662 3703 acciperet,

2015 3721 2346 3792 litterisque
2361 3726 2418 3776 et
2430 3723 2702 3793 precibus
2717 3723 3135 3794 imperatorem
3157 3726 3662 3777 remuneraretur.

2011 3816 2083 3869 At
2113 3813 2422 3869 Sabbatius
2453 3829 2703 3867 munera
2732 3828 3033 3882 respuere,
3063 3812 3258 3882 ipsum
3309 3816 3466 3866 retro
3499 3810 3662 3865 abire

2004 3903 2239 3974 jubere,
2317 3903 2582 3972 adeoque
2645 3901 3063 3971 imperatorem
3129 3900 3470 3972 dignatione
3550 3901 3666 3956 ista

2014 3993 2324 4064 indignum
2351 3993 2568 4059 dicere,
2602 3992 2928 4063 imaginum
2957 3990 3136 4046 cultui
3167 3991 3433 4046 deditum
3467 3995 3524 4046 et
3548 3993 3664 4046 Ire-

2014 4098 2104 4136 [ιω
2129 4081 2523 4152 imperatricis
2544 4079 2883 4148 Tarasiique
2907 4079 3258 4149 patriarchae
3291 4080 3527 4134 statutis
3557 4079 3665 4134 ob-

2014 4175 2464 4240 temperantem.
2482 4171 2715 4223 lrenam
2729 4167 3166 4238 impurissimus
3179 4169 3354 4222 homo
3368 4168 3661 4240 pardalim

2015 4267 2072 4316 et
2100 4261 2404 4325 baccham,
2435 4261 2737 4315 Tarasium
2757 4275 2890 4313 vero
2938 4258 3197 4312 nobilem
3223 4259 3280 4312 in
3304 4259 3662 4329 patriarcha-

2011 4366 2143 4405 rum
2176 4348 2761 4414 numero,Taraxium
2788 4347 2956 4417 quasi
2982 4346 3368 4415 turbatorem,
3392 4345 3662 4400 denomi-

2013 4440 2213 4496 nabat.
2239 4439 2506 4494 Celerem
2540 4453 2776 4508 quoque
2829 4436 3063 4508 imperii
3109 4442 3167 4491 et
3220 4436 3355 4490 vitae
3388 4434 3663 4491 amissio-

2011 4546 2150 4584 nem
2182 4528 2330 4585 855
2367 4527 2545 4582 Leoni
2595 4526 2834 4594 minari,
2894 4525 3010 4580 nisi
3060 4524 3500 4596 quamprimum
3550 4522 3664 4579 sibi

2011 4635 2231 4690 parens
2263 4634 2462 4673 sacras
2511 4616 2796 4687 dejiceret
2849 4615 3160 4686 imagines.
3209 4615 3536 4686 Imperator
3593 4614 3668 4669 iis

2015 4708 2230 4764 litteris
2261 4706 2540 4777 acceptis,
2573 4721 2706 4760 cum
2730 4721 2800 4760 ex
2841 4705 3032 4776 legato
3081 4703 3478 4760 intellexisset
3534 4719 3666 4774 qum

2015 4815 2084 4854 ex
2114 4797 2404 4853 monacho
2435 4795 2775 4863 audivisset,
2793 4794 2994 4848 animo
3023 4793 3312 4865 majorem
3331 4794 3391 4848 in
3422 4793 3666 4849 modum

2012 4886 2354 4959 perturbato
2402 4884 2768 4940 Theodotum
2827 4883 3208 4938 Melissenum
3259 4883 3333 4938 ad
3381 4900 3442 4938 se
3474 4887 3664 4950 vocat,

2013 4991 2265 5046 cumque
2299 4990 2366 5029 eo
2398 4973 2540 5043 quid
2583 4970 2877 5043 agendum
2934 4973 3009 5026 sit
3065 4971 3374 5026 deliberat.
3407 4973 3480 5024 At
3529 4986 3664 5023 vero

2011 5064 2350 5120 Theodotus
2374 5061 2737 5133 jampridem
2770 5061 2981 5115 haeresi
3015 5060 3130 5114 ista
3187 5059 3462 5125 infectus,
3493 5073 3661 5112 occa-

2014 5154 2363 5224 sionemque
2376 5150 2574 5222 palam
2588 5149 2949 5220 impietatem
2962 5147 3279 5220 proﬁtendi
3293 5146 3668 5218 prastolatus

2014 5243 2126 5298 hoc
2149 5241 2385 5298 consilii
2417 5239 2520 5294 dat
2558 5238 2924 5309 imperatori,
2962 5238 3023 5292 in
3079 5236 3404 5309 Dagistensi
3459 5252 3668 5292 mona-

2014 5332 2195 5388 sterio
2220 5330 2431 5401 degere
2456 5328 2812 5382 monachum
2834 5325 3153 5397 quemdam
3169 5325 3469 5380 mirabilia
3486 5325 3666 5380 eden-

2011 5426 2132 5479 tem
2163 5419 2430 5474 facinora
2453 5433 2617 5471 :cum
2635 5416 2747 5471 hoc
2778 5432 2902 5470 rem
2919 5414 3674 5488 communicandam,ejus-

1421 5513 1785 5570 XYLANDRI
1823 5514 1910 5568 ET
1951 5511 2166 5568 GOARI
2207 5509 2430 5564 NOTAE.

317 5604 375 5678 (5
398 5601 433 5678 ε)
463 5603 638 5678 cella)
670 5607 1010 5678 Graecorum
1039 5604 1901 5678 monachorum'suntjtuguria

249 5672 365 5730 sibi
395 5672 648 5734 invicem
672 5676 907 5749 juncta.
940 5678 1096 5734 circa
1125 5675 1384 5735 mediam
1416 5676 1706 5745 arcam,in
1735 5672 1912 5749 cujus

531 5774 806 5842 ΡΑι-ιοι..
852 5777 966 5842 αι.
1011 5777 1223 5842 CXXI.

2009 5603 2227 5658 iterum
2258 5597 2596 5655 meditullio
2630 5603 2719 5653 est
2776 5597 3046 5653 ecclesia.
3108 5598 3413 5654 Demortui
3464 5598 3665 5668 itaque

2021 5673 2268 5732 alterius
2301 5670 2514 5727 cellam
2545 5669 2641 5726 hic
2671 5669 3016 5742 occupabat.
3050 5669 3223 5727 Gem.

3425 5770 3506 5831 30
