4108 6300
461 384 578 442 939

1769 371 2078 440 GEORGII
2125 377 2475 443 CEDRENI

3748 384 3884 444 940

472 531 587 585 que
617 515 926 569 sententia
984 512 1536 585 obtemperandum.
1589 512 1722 566 Haac
1760 527 1893 566 cum
1919 512 2108 565 Leone

2221 511 2505 574 σιάσασθαι
2534 513 2635 581 τὴν
2666 508 2937 580 ἀσέϐειαν,
2999 514 3290 584 ὑποτίθησι
3344 501 3422 586 τῷ
3492 514 3718 590 βασιλεῖ
3759 537 3881 570 τοι-

466 603 696 658 locutus
727 603 924 657 statim
956 603 1027 658 ab
1059 604 1170 658 hoc
1195 603 1268 657 ad
1297 601 1656 656 monachum
1690 617 1824 655 eum
1857 616 1918 654 se
1967 617 2111 654 con-

459 692 595 757 fert,
625 692 965 761 indicatque
997 691 1417 762 imperatorem
1448 691 1544 744 vili
1574 690 1780 744 habitu
1810 689 1883 744 ad
1917 690 2110 760 ipsum

457 781 729 852 proxima
758 787 931 836 nocte
963 787 1298 848 venturum,
1329 786 1387 835 et
1433 781 1504 835 de
1554 780 1840 850 religione
1871 778 2111 833 consul-

459 876 657 926 turum
695 870 944 941 aliisque
993 870 1357 942 gravissimis
1388 868 1664 941 negotiis.
1699 867 1955 922 Proinde
1987 883 2109 921 me-

457 961 732 1016 minisset
757 962 811 1015 ei
832 967 1186 1031 praesentem
1203 960 1436 1030 imperii
1461 960 1710 1029 vitaeque
1729 959 2112 1013 amissionem

459 1051 834 1117 denuntiare,
867 1050 983 1104 nisi
1015 1050 1169 1104 ultro
1215 1050 1425 1102 Leonis
1493 1049 1679 1103 Isauri
1737 1047 2112 1118 imperatoris

460 1140 766 1194 decretum
799 1139 1166 1209 amplectens
1197 1139 1357 1193 idola
1410 1138 1516 1208 (sic
1572 1153 1768 1192 sacras
1825 1136 2114 1207 imagines

455 1228 814 1299 appellabat)
867 1228 1084 1282 divinis
1135 1227 1360 1282 sedibus
1434 1227 1817 1282 exturbaret:
1861 1227 1953 1280 sin
2003 1226 2115 1279 hoc

451 1317 710 1384 fecisset,
742 1317 868 1372 fore
900 1317 1368 1372 dominationem
1401 1316 1699 1385 vitamque
1722 1315 1849 1386 ejus
1881 1314 2111 1369 diutur-

452 1421 589 1460 nam
621 1412 796 1476 atque
817 1406 1071 1461 felicem.
1101 1407 1221 1460 Hoc
1249 1406 1426 1460 modo
1451 1405 1772 1460 subornato
1794 1404 2110 1462 monacho.

463 1501 521 1551 et
551 1512 681 1565 qua:
716 1511 849 1550 cum
907 1495 1232 1566 imperator
1288 1495 1452 1565 loqui
1502 1494 1746 1549 deberet
1799 1494 2110 1560 instructo,

463 1585 627 1640 abiit.
659 1585 841 1640 Paulo
900 1591 1032 1656 post
1072 1590 1250 1640 noctu
1310 1585 1731 1655 imperatorem
1757 1583 1855 1637 vili
1908 1582 2114 1637 habitu

455 1677 718 1732 velatum
779 1676 854 1731 ad
907 1676 1267 1731 monachum
1316 1675 1574 1730 adducit.
1661 1675 1746 1728 Ibi
1788 1673 1941 1728 850
1984 1673 2112 1742 jam

455 1767 605 1821 inito
639 1765 958 1835 colloquio,
992 1766 1321 1819 monachus
1353 1764 1622 1834 proxime
1681 1762 1753 1816 ad
1794 1763 2109 1832 imperato-

2220 596 2343 654 άνδε
2400 601 2517 655 τινὰ
2573 597 2917 674 συμϐουλήν.
2977 604 3242 681 Μοναχόν
3296 624 3417 658 τινα
3483 607 3662 682 φήσας
3735 605 3880 659 εἶναι

2217 684 2385 764 ἔργων
2423 688 2742 765 παραδόξων
2790 691 3156 769 δημιουργὸν,
3218 694 3313 756 τὰς
3372 694 3616 764 οἰκήσεις
3669 695 3876 749 ποιού-

2222 801 2380 853 μενον
2411 781 2513 835 ἀνὰ
2540 782 2632 836 τὸν
2693 783 2972 855 Δαγιστέα,
3006 808 3033 834 ‹‹
3093 785 3280 854 Τοῦτῳ
3333 780 3433 851 δεῖ,
3494 783 3651 860 φησὶ,
3697 803 3872 858 προσ-

2217 871 2500 933 αναθέσθαι
2529 873 2630 939 τήν
2662 871 2874 946 πρᾶξιν,
2905 871 2994 927 καὶ
3027 871 3159 946 ὅπερ
3199 870 3261 926 ἄν
3319 872 3519 934 ἐκεῖνος
3582 873 3870 942 ὑπόθοιτο,

2218 965 2378 1015 τοῦτο
2411 959 2608 1016 δεῖκαὶ
2641 969 2892 1032 ποιῆσαι,
2953 989 2972 1014 ι
3039 965 3132 1020 Καὶ
3193 968 3360 1019 ταῦτα
3410 966 3503 1035 μὲν
3563 965 3678 1019 εἶπε
3732 965 3872 1039 πρὸς

2217 1050 2310 1104 τὸν
2348 1050 2595 1125 βασιλέα,
2629 1049 2828 1106 ἐκεῖθεν
2863 1050 2918 1106 δὲ
2949 1052 3176 1122 ἐξελθὼν
3217 1051 3403 1108 ἂπεισε
3457 1053 3674 1127 ταχέως
3731 1055 3874 1126 πρὸς

2215 1141 2307 1193 τὸν
2345 1140 2666 1212 μονάζοντα,
2701 1141 2789 1195 καί
2822 1163 2954 1220 φησι
2985 1143 3121 1218 πρὸς
3153 1142 3331 1210 αὐτὸν,
3360 1143 3434 1204 ὡς
3468 1165 3495 1193 ‹‹
3527 1144 3611 1217 Τῇ
3643 1141 3875 1215 ἐπιούσῃ

2217 1230 2369 1284 νυκτὶ
2391 1229 2666 1285 έλεύσεταί
2695 1252 2780 1285 σοι
2841 1233 2869 1285 6
2931 1231 3187 1304 βασιλεὺς
3234 1230 3285 1285 ἐν
3347 1230 3557 1287 εὐτελεῖ
3609 1235 3678 1306 τῇ
3713 1252 3874 1305 περι-

2218 1313 2384 1392 ϐολῇ,
2419 1317 2710 1391 ἐρωτήσων
2741 1321 2862 1395 περὶ
2896 1326 2998 1388 τῆς
3052 1319 3289 1382 πίστεως
3344 1322 3433 1375 καὶ
3484 1319 3674 1375 ἄλλων
3705 1321 3874 1395 ἀναγ-

2217 1408 2517 1462 καιοτάτων
2575 1409 2930 1484 πραγμάτων.
3021 1408 3095 1462 Σὺ
3155 1407 3212 1464 δὲ
3257 1407 3404 1464 ἀλλᾶ
3465 1409 3718 1483 μέμνησο
3773 1431 3874 1463 τα-

2217 1499 2371 1571 χεῖάν
2430 1519 2489 1552 τε
2543 1502 2644 1552 τοῦ
2707 1499 2828 1573 βίου
2884 1501 3260 1576 καταστροφὴν
3293 1500 3384 1554 καὶ
3441 1508 3540 1570 τῆς
3591 1499 3876 1576 βασιλείας

2218 1581 2485 1642 ἔκπτωσιν
2517 1587 2813 1656 ἀπειλῆσαι
2842 1589 3014 1659 αὐτῷ,
3042 1588 3088 1642 εἷ
3123 1592 3199 1662 μὴ
3233 1590 3370 1644 ἑκών
3425 1611 3485 1666 γε
3516 1591 3730 1664 αἱροῖτο
3791 1595 3872 1661 τῷ

2215 1681 2313 1730 τοῦ
2341 1675 2607 1752 βασιλέως
2640 1678 2866 1739 Λέοντος
2910 1682 3012 1732 τοῦ
3079 1677 3128 1748 ἐξ
3177 1679 3446 1754 Ἰσαυρίας
3504 1682 3872 1754 προστεθῆναι

2221 1763 2449 1838 δόγματι
2481 1766 2571 1820 καὶ
2613 1767 2680 1819 τὰ
2729 1763 2935 1820 εἴδωλα
2992 1772 3099 1822 τῶν
3157 1767 3313 1822 θείων
3377 1774 3556 1838 σηκῶν
3628 1768 3872 1843 ἐξορίσαι

452 1871 581 1910 rem
607 1855 917 1923 assistens,
943 1853 1120 1908 veluti
1149 1853 1250 1924 qui
1272 1854 1468 1908 divino
1519 1853 1806 1906 instinctu
1856 1851 2109 1920 impera-

2221 1855 2337 1926 (τὰς
2371 1853 2515 1916 θείας
2548 1855 2756 1916 εἰκόνας
2818 1857 2965 1910 οὕτω
3003 1855 3280 1929 καλέσας),
3336 1857 3765 1933 ἐπαγγείλασθαί
3819 1879 3874 1912 τε

456 1945 671 1999 toriam
718 1945 1093 2015 majestatem
1161 1943 1366 1997 adesse
1413 1943 1706 1997 sentiret:
1745 1942 1866 1994 Non
1926 1943 2108 2005 recte,

456 2034 672 2103 inquit,
706 2033 810 2088 abs
863 2039 920 2087 te
977 2032 1200 2087 factum
1252 2037 1360 2100 est,
1393 2032 1736 2101 imperator,
1783 2028 1942 2098 quod
1998 2044 2109 2082 nos

459 2122 670 2194 privati
728 2122 931 2177 habitu
989 2121 1295 2191 decepisti,
1355 2121 1512 2174 intus
1583 2119 1889 2173 occultans
1947 2122 2109 2172 tuam

461 2229 799 2283 personam.
835 2211 948 2266 Sed
981 2227 1318 2282 quanquam
1350 2215 1410 2263 tu
1451 2211 1561 2263 hoc
1591 2209 1735 2280 agis,
1768 2225 1877 2262 nos
1907 2212 2109 2262 tamen

465 2303 656 2374 gratia
685 2301 864 2356 divini
896 2301 1146 2371 Spiritus
1177 2316 1295 2353 non
1350 2299 1572 2353 diutius
1632 2303 1722 2352 est
1771 2313 1941 2368 passa
1973 2313 2006 2351 a
2054 2301 2111 2350 te

462 2393 610 2447 falli.
646 2393 764 2445 Hoc
794 2395 861 2444 ut
890 2390 1076 2444 audiit
1097 2390 1438 2459 imperator,
1471 2404 1653 2458 seque
1684 2387 1904 2442 frustra
1935 2402 2108 2441 cona-

461 2487 587 2536 tum
619 2481 717 2534 vili
759 2479 964 2534 habitu
1021 2479 1463 2550 imperatoriam
1521 2477 1868 2548 dignitatem
1916 2476 2110 2531 celare

461 2570 708 2643 putavit,
741 2569 1010 2624 animum
1041 2567 1350 2640 perculsus
1382 2571 1490 2633 est,
1543 2573 1610 2621 ut
1649 2583 1756 2637 par
1780 2571 1906 2620 erat
1941 2566 2110 2620 istius

459 2660 922 2716 machinationis
979 2659 1250 2730 ignarum
1279 2674 1293 2724 ;
1333 2657 1814 2726 monachumque
1845 2655 2111 2710 divinum

459 2753 764 2808 hominem
800 2769 932 2807 esse
962 2751 1177 2818 fassus,
1212 2750 1502 2820 imperata
1530 2749 1625 2804 'ab
1657 2765 1725 2803 eo
1765 2748 2114 2803 obedienter

461 2847 519 2897 et
565 2843 692 2896 sine
751 2858 920 2896 mora
979 2858 1040 2896 se
1090 2841 1383 2895 facturum
1436 2838 1748 2910 promittit,
1806 2844 1982 2909 atque
2031 2838 2112 2891 ita

456 2934 884 2989 venerabilium
908 2933 1234 3004 imaginum
1257 2932 1328 2987 ab
1362 2949 1430 2986 eo
1454 2931 1792 2986 mandatam
1825 2930 2110 3002 dejectio-

458 3041 598 3080 nem
631 3041 736 3078 suo
767 3023 1047 3094 suffragio
1079 3023 1309 3094 probat.
1371 3021 1670 3092 Principio
1705 3020 1918 3075 deinde
1953 3019 2108 3088 cogi-

459 3113 602 3166 tavit
660 3129 775 3182 quo
832 3117 1003 3182 pacto
1063 3111 1358 3182 promissa
1415 3110 1642 3164 occulte
1691 3109 1985 3180 impleret,
2035 3124 2110 3162 ne

2209 1948 2306 1998 τοῦ
2339 1944 2627 2018 εἰρημένου
2663 1945 2786 2018 βίου
2817 1947 3093 2018 γενομένῳ
3124 1949 3271 2015 ζωῆς
3298 1968 3356 2002 τε
3411 1946 3617 2022 μακρᾶν
3679 1947 3876 2023 βιοτήν

2213 2029 2301 2083 καὶ
2332 2031 2433 2098 τὴς
2467 2029 2746 2103 βασιλείας
2788 2026 3115 2106 κυϐέρνησιν
3168 2033 3376 2108 εὐτυχῆ
3434 2054 3490 2087 τε
3540 2033 3633 2087 καὶ
3692 2032 3874 2088 πολυ-

2213 2119 2456 2196 χρόνιον.
2493 2143 2520 2171 ››
2549 2119 2705 2176 Οὕτω
2752 2117 3183 2196 παιδαγωγήσας
3238 2122 3332 2177 τὸν
3375 2124 3642 2197 μοναχὸν,
3702 2123 3798 2177 καί
3845 2125 3876 2177 ἂ

2217 2206 2409 2279 μέλλει
2443 2207 2623 2282 λέγειν
2651 2207 2703 2270 ἐς
2755 2207 2983 2283 βασιλέα
3030 2207 3345 2282 παιδεύσας,
3399 2210 3663 2267 ἐπάνεισι.
3724 2212 3872 2268 Μετᾶ

2216 2296 2410 2370 μικρὸν
2444 2294 2615 2352 δὲκαὶ
2685 2299 2775 2352 τὸν
2847 2298 3071 2374 βασιλέα
3134 2300 3324 2362 νυκτὸς
3377 2299 3428 2354 ἐν
3483 2305 3727 2372 ταπεινῷ
3787 2306 3865 2374 τῷ

2215 2385 2459 2458 σχήματι
2493 2382 2942 2460 προσλαϐόμενος
2971 2382 3191 2463 ἔρχεται
3246 2389 3384 2463 πρὸς
3438 2389 3532 2443 τὸν
3592 2391 3862 2464 μοναχὸν,

2213 2475 2302 2528 καὶ
2330 2482 2432 2544 τῆς
2474 2473 2762 2546 διαλέξεως
2808 2474 2917 2545 ἤδη
2978 2473 3370 2552 λαμϐανούσης
3405 2479 3583 2557 ἀρχὴν
3638 2474 3870 2552 ἔγκιστα

2211 2564 2303 2619 τὸν
2346 2563 2571 2638 βασιλέα
2633 2566 3118 2640 παραστησάμενος
3177 2568 3204 2621 6
3263 2567 3507 2641 μοναχὸς
3565 2568 3642 2629 ὡς
3717 2570 3869 2642 τάχα

2213 2655 2576 2730 προεγνωκὼς
2608 2654 2666 2709 ἐκ
2719 2656 2864 2719 θείας
2912 2654 3196 2718 ἐπιπνοίας
3252 2657 3316 2711 τὸ
3379 2655 3664 2732 βασιλικὸν
3703 2657 3873 2727 ἀξίω-

2219 2763 2312 2816 μαο
2354 2765 2376 2793 ιι
2409 2743 2519 2798 Οὐκ
2559 2742 2782 2819 εὔλογα,
2815 2743 2940 2822 ἔφη,
2980 2751 3179 2816 ποιεῖς,
3235 2747 3280 2799 ὦ
3346 2745 3589 2821 βασιλεῦ,
3625 2750 3712 2821 [Ρ.
3740 2749 3870 2820 489]

2214 2832 2721 2908 παραλογιζόμενος
2762 2835 2909 2906 ἡμᾶς
2958 2836 3028 2905 τῇ
3089 2832 3338 2909 ἰδιωτικῇ
3397 2835 3717 2910 ἀμπεχόνῃ,
3783 2836 3870 2889 καί

2212 2923 2304 2976 τὸν
2339 2919 2489 2976 ἔνδον
2523 2921 2688 2991 αὐτῆς
2735 2923 3109 2996 κρυπτόμενον
3166 2921 3550 2978 ἐπικαλύπτων
3615 2922 3870 2998 βασιλέα.

2217 3011 2374 3067 Ἀλλ’
2408 3013 2455 3066 εἴ
2482 3012 2574 3067 καὶ
2607 3012 2668 3066 σὺ
2703 3013 2796 3085 μὶν
2831 3011 3026 3080 οὕτως,
3065 3011 3192 3067 ἀλλ’
3247 3015 3282 3082 ἡ
3338 3016 3435 3068 τοῦ
3492 3013 3640 3068 θείου
3706 3013 3875 3068 Ιινεῦ-

2219 3122 2386 3174 ματος
2417 3102 2578 3176 χάρις
2609 3104 2756 3174 ἡμᾶς
2789 3101 2888 3156 οὐκ
2917 3100 3089 3157 εἴασεν
3141 3101 3229 3157 ἐπὶ
3295 3099 3462 3157 πλέον
3521 3103 3668 3156 οὕτω
3699 3123 3869 3157 κατα-

458 3215 635 3268 quam
669 3216 738 3253 ea
759 3215 854 3251 res
884 3198 945 3251 in
975 3197 1242 3252 Ecclesia
1273 3196 1553 3250 excitaret
1585 3195 1960 3250 seditionem.
1995 3193 2105 3248 Sed

2220 3194 2526 3269 σοφίζεσθαι
2561 3192 2663 3246 ὑπὸ
2695 3195 2809 3245 σοῦ.
2846 3215 2873 3243 ››
2905 3194 3079 3249 Τοῦτο
3111 3192 3186 3254 ὡς
3240 3189 3467 3260 ἤκουσεν
3525 3193 3554 3246 6
3588 3192 3869 3263 βασιλεὺς,

458 3294 593 3358 post
621 3288 853 3358 publice
877 3303 1111 3356 quoque
1146 3287 1447 3340 decretum
1482 3301 1550 3339 ea
1581 3284 1652 3339 de
1683 3302 1744 3339 re
1776 3283 2108 3356 proposuit,

459 3376 805 3448 proceribus
837 3381 894 3430 et
933 3375 1350 3428 ecclesiasticis
1409 3375 1623 3444 partim
1680 3373 1834 3428 ultro
1893 3374 2109 3444 partim

461 3470 666 3520 contra
687 3464 1024 3519 animorum
1058 3479 1300 3517 suorum
1319 3462 1676 3516 sententiam
1701 3461 2110 3532 obtemperan-

458 3554 916 3624 tihus.Magnum
939 3568 1174 3622 quoque
1192 3557 1248 3606 et
1262 3551 1417 3605 inter
1434 3551 1798 3620 patriarchas
1816 3551 2110 3605 celebrem

459 3643 856 3713 Nicephorum
889 3657 1096 3712 cogere
1128 3640 1311 3694 voluit
1341 3647 1406 3695 ut
1437 3639 1626 3694 edicto
1659 3640 1710 3693 ei
1771 3639 2109 3694 subscribe-

457 3737 568 3801 ret,
603 3732 886 3801 nulloque
923 3730 1094 3785 modo
1137 3735 1444 3800 parentem
1493 3731 1933 3783 Proconnesum
1969 3729 2113 3784 rele-

459 3825 632 3896 gavit.
661 3821 842 3876 Multo
875 3825 1012 3876 ante
1045 3821 1094 3874 is
1124 3820 1335 3874 Leonis
1392 3819 1839 3890 perversitatem
1859 3835 2114 3890 praesen.

466 3910 727 3976 serat,ab
751 3925 938 3979 eoque
969 3926 1064 3963 res
1082 3908 1360 3963 Ecclesiae
1379 3907 1660 3979 agitatum
1695 3907 2114 3977 turbatumque

463 3999 714 4053 iri.Nam
741 4015 856 4068 quo
881 4004 1148 4068 tempore
1172 3997 1446 4052 diadema
1473 3997 1647 4067 capiti
1668 3996 2113 4068 ejusimposuit,

462 4089 622 4142 visus
654 4088 802 4144 857
869 4087 980 4141 sibi
1031 4087 1224 4142 fuerat
1273 4086 1462 4158 spinis
1511 4103 1579 4141 ac
1609 4086 1841 4141 tribulis
1872 4102 2114 4140 manum

467 4177 808 4248 compungi,
834 4176 1012 4247 idque
1041 4193 1214 4231 omen
1239 4193 1443 4230 eorum
1469 4181 1814 4247 quaepostea
1835 4181 2118 4230 eventura

463 4273 670 4321 essent
694 4265 990 4321 malorum
1022 4267 1447 4337 interpretatus
1493 4265 1707 4320 fuerat.
1749 4266 1891 4319 Cum
1919 4270 2115 4319 autem

458 4359 903 4412 Proconnesum
953 4355 1292 4422 abduceret,
1351 4354 1736 4425 TheOphanes
1788 4354 2112 4416 confessor,

462 4446 808 4500 monasterii
827 4445 1024 4515 magni
1049 4445 1182 4512 Agri
1209 4443 1542 4513 praefectus,
1570 4459 1702 4497 eum
1726 4444 1952 4513 navigio
1973 4460 2118 4513 prm-

2290 3281 2303 3302 ‘
2354 3281 2367 3301 ⁸
2487 3280 2499 3298 ’
2575 3279 2634 3334 ἔλ
2675 3283 2702 3335 θ
2803 3280 2815 3298 ’
2943 3281 2995 3313 ”
3030 3279 3061 3335 λ
3091 3286 3115 3297 ⁸
3385 3313 3388 3316 -
3626 3281 3641 3298 “

2217 3301 2304 3335 και
2339 3302 2412 3342 ως
2446 3301 2543 3335 ουκ
2639 3302 2670 3334 α
2708 3302 2760 3335 εν
2799 3301 2849 3334 εν
2907 3302 3023 3335 ευιε
3068 3303 3113 3335 ει
3171 3283 3530 3356 προσχήματι
3587 3301 3651 3335 το
3715 3281 3869 3356 βασι-

2218 3370 2368 3425 λικὸν
2393 3369 2646 3443 κρύπτων
2677 3369 2910 3443 ἀξίωμα,
2977 3368 3294 3444 κατεπλάγη
3355 3390 3432 3441 τε,
3495 3370 3568 3432 ὡς
3599 3373 3666 3438 ἦν
3701 3369 3872 3438 εἰκὸς,

2215 3460 2307 3513 τὸν
2334 3461 2396 3513 τὸ
2428 3459 2756 3533 σκαιώρημα
2781 3459 3093 3532 ἀγνοοῦντα,
3121 3461 3210 3514 καί
3244 3458 3335 3514 τόν
3390 3479 3449 3514 τε
3485 3459 3733 3534 μοναχὸν
3795 3459 3872 3520 ὡς

2220 3553 2360 3612 θεῖον
2417 3547 2584 3623 ἄνδρα
2637 3548 2916 3624 ἐγνώρισε,
2969 3549 3060 3602 καὶ
3117 3549 3184 3604 τὰ
3263 3548 3712 3621 προσταττόμενα
3762 3569 3872 3624 παρ

2219 3637 2382 3692 αὐτοῦ
2411 3637 2676 3701 εὐπειθῶς
2706 3636 2795 3691 καὶ
2859 3638 2994 3710 μετᾶ
3039 3637 3349 3712 ταχύτητος
3415 3640 3665 3708 ποιήσειν
3697 3637 3873 3713 ἐπήγ-

2217 3726 2403 3802 γελτο,
2437 3726 2524 3781 καὶ
2569 3731 2676 3780 τῶν
2734 3720 3044 3799 σεϐασμίων
3098 3727 3317 3782 εἰκόνων
3375 3726 3705 3805 ἐπιψηφίζει
3755 3731 3872 3782 καθ’

2219 3816 2445 3890 αίρεσιν.
2482 3816 2579 3868 Καὶ
2618 3814 2883 3889 πρότερον
2921 3815 3013 3888 μὶν
3070 3815 3122 3870 ἐν
3182 3821 3262 3889 τῷ
3321 3815 3584 3886 λεληθότι
3648 3814 3870 3872 διεσκο-

2220 3904 2375 3959 πεῖτο
2402 3908 2520 3966 πῶς
2561 3903 2620 3958 ἄν
2681 3904 2858 3959 αὐτῶν
2909 3903 3196 3978 ἐκτελεσθῇ
3256 3906 3318 3959 τὸ
3377 3901 3724 3979 σπούδασμα,
3782 3907 3870 3960 καὶ

2225 3994 2301 4067 μή
2329 4015 2412 4055 τις
2446 3993 2628 4057 στάσις
2656 3992 2916 4069 ἀνεγερθῇ
2943 3994 3065 4067 περὶ
3108 3996 3210 4064 τήν
3270 3993 3624 4065 Ἐκκλησίαν·
3689 3993 3870 4050 ἔπειτα

2221 4085 2310 4139 καὶ
2342 4084 2416 4145 εἷς
2465 4083 2768 4163 τούμφανὲς
2826 4085 2888 4139 τὸ
2956 4079 3132 4160 δόγμα
3185 4083 3452 4159 ἐξήνεγκε,
3510 4085 3601 4140 καὶ
3649 4089 3760 4140 τῶν
3818 4081 3867 4138 ἓν

2219 4171 2364 4228 τέλει
2396 4173 2486 4229 καὶ
2516 4177 2623 4227 τῶν
2651 4171 3104 4244 τῆςἘκκλησίας
3153 4174 3204 4227 οἱ
3269 4175 3364 4247 μὶν
3419 4175 3636 4237 ἑκόντες
3697 4175 3750 4229 οἱ
3817 4172 3870 4229 δὶ

2222 4262 2438 4326 ἂκοντες
2529 4263 2832 4318 ὑπέκυπτον
2897 4268 2976 4336 τῷ
3051 4264 3444 4339 προστάγματι.
3504 4266 3871 4339 Ἠναγκάζετο

2225 4350 2282 4407 δὲ
2311 4352 2397 4407 καὶ
2431 4353 2457 4406 6
2495 4351 2664 4427 μέγας
2709 4350 2762 4406 ἐν
2814 4352 3183 4428 πατριάρχαις
3244 4351 3498 4425 ἀοίδιμος
3556 4354 3870 4431 Νικηφόρος

2224 4440 2275 4496 ἐν
2322 4446 2400 4512 τῷ
2452 4448 2548 4509 τῆς
2589 4440 2950 4515 καθαιρέσεως
3006 4447 3113 4496 τῶν
3166 4441 3329 4517 ἁγίων
3391 4441 3610 4497 εἰκόνων
3674 4443 3870 4511 ὑποση-

460 4537 682 4590 tervehi
705 4536 904 4590 divino
925 4535 1208 4589 instinctu
1223 4534 1639 4600 sentiens,cum
1655 4534 1713 4587 in
1730 4539 1894 4604 parte
1911 4532 2112 4604 pra-dii

2231 4532 2500 4602 μήνασθαι
2541 4531 2717 4602 τόμῳο
2771 4529 2826 4584 ὅν
2886 4527 3159 4604 μηδαμῶς
3213 4533 3655 4606 πειθαρχήσαντα
3716 4532 3870 4605 ὑπερ·

460 4625 717 4695 quadam
741 4624 868 4694 ipse
889 4630 1107 4695 ageret,
1128 4622 1332 4677 sufﬁtu
1354 4629 1412 4677 et
1432 4623 1617 4677 cereis
1640 4629 1985 4693 prosecutus
2007 4627 2116 4678 est.

461 4712 572 4766 Sed
605 4717 661 4765 et
691 4712 1056 4782 Nicephorus
1075 4711 1322 4764 intentis
1344 4710 1620 4764 manibus
1647 4711 1902 4765 vicissim
1929 4711 2109 4765 Theo-

460 4801 718 4873 phanem
749 4799 1339 4869 salutavit,ﬂexisque
1361 4798 1608 4870 genibus
1623 4815 1852 4853 summe
1873 4815 2112 4853 venera-

461 4897 554 4945 tus
578 4888 901 4954 benedixit,
920 4905 1054 4942 cum
1088 4887 1327 4957 quidem
1361 4892 1572 4941 neuter
1592 4887 1842 4941 alterum
1867 4887 2112 4955 videret,

460 4981 563 5037 sed
598 4979 724 5035 acie
757 4978 1004 5050 spiritus
1035 4983 1240 5032 mutuo
1262 4993 1390 5031 sese
1409 4981 1720 5031 cernentes
1754 4976 1996 5048 dignum
2019 4977 2112 5030 in-

461 5071 650 5126 vicem
693 5070 983 5124 honorem
1010 5066 1428 5121 exhibuerunt.
1461 5067 1530 5118 Et
1558 5081 1692 5120 cum
1724 5065 1966 5135 quidam
1996 5081 2116 5120 una

459 5162 863 5235 navigantium
889 5162 1182 5230 quaereret
1196 5173 1534 5229 quemmam
1555 5157 1635 5211 ita
1657 5157 1932 5212 manibus
1947 5157 2006 5210 in
2023 5173 2116 5212 su-

460 5252 642 5307 blime
667 5251 904 5307 elevatis
929 5251 1269 5315 salutaret,«
1290 5247 1760 5314 Sanctissimum,
1785 5247 2113 5318 respondit,

459 5341 876 5411 Theophanem
901 5340 1304 5396 confessorem
1324 5343 1382 5392 et
1420 5336 1555 5409 Agri
1585 5335 1989 5407 praepositum,
2014 5337 2117 5406 qui

461 5447 570 5483 nos
591 5430 814 5485 facibus
839 5437 896 5485 et
917 5431 1049 5485 suffl
1061 5436 1119 5484 tu
1142 5428 1630 5498 excepit.«Neque
1650 5426 1836 5481 multo
1853 5432 1986 5497 post
2003 5427 2119 5482 exi-

467 5521 558 5570 tus
582 5534 776 5572 veram
823 5519 1135 5590 Nicephori
1169 5516 1616 5588 praedictionem
1661 5516 1939 5570 ostendit.
1975 5518 2118 5570 Nam

463 5622 600 5661 mox
623 5622 756 5660 cum
789 5607 992 5660 multis
1018 5608 1151 5662 aliis
1173 5606 1562 5677 The0phanes
1593 5621 1828 5676 quoque
1860 5604 2122 5660 Ecclesia

469 5695 695 5768 ejectus
750 5692 1122 5765 inﬁnitisque
1181 5698 1421 5749 vexatus
1479 5691 1674 5750 modis
1727 5693 2118 5749 confessionis

2231 4620 2379 4694 όριον
2410 4619 2511 4674 ἀνα
2537 4621 2635 4689 τὴν
2687 4620 3056 4690 Προικόνησον
3111 4619 3319 4691 τίθησι,
3373 4619 3543 4676 πάλαι
3575 4621 3873 4696 προαισθό-

2225 4731 2380 4783 μενον
2413 4711 2512 4778 τὴν
2557 4713 2652 4765 τοῦ
2685 4710 2916 4772 Λέοντος
2973 4712 3376 4782 σκαιοτροπίαν,
3431 4711 3516 4765 καὶ
3574 4710 3656 4774 ὡς
3712 4713 3876 4780 κυκή-

2223 4819 2300 4853 σει
2333 4800 2492 4861 οὗτος
2523 4799 2614 4853 καὶ
2646 4798 2952 4873 συνταράξει
3007 4800 3075 4853 τα
3124 4806 3223 4868 τῆς
3281 4797 3637 4870 Ἐκκλησίας.
3683 4797 3875 4870 Ἔδοξε

2221 4888 2320 4961 γὰρ
2379 4893 2457 4960 τῷ
2521 4887 2790 4963 μακαρίτῃ
2852 4889 3174 4967 Νικηφόρῳ,
3223 4889 3460 4960 ὁπηνίκα
3504 4888 3568 4943 τὸ
3629 4885 3876 4960 διάδημα

2224 4976 2512 5050 περιετίθει
2569 4981 2636 5050 τῇ
2689 4982 2786 5032 τοῦ
2853 4979 3080 5039 Λέοντος
3150 4975 3387 5054 κεφαλῇ,
3468 4976 3733 5042 ἀκάνθαις
3788 4977 3874 5032 καὶ

2224 5059 2506 5138 τριϐόλοις
2545 5067 2645 5134 τήν
2704 5071 2865 5141 χεῖρα
2919 5070 3307 5140 περιπαρῆναι·
3368 5068 3458 5121 καὶ
3499 5070 3666 5122 τοῦτο
3729 5066 3874 5139 σύμ-

2229 5147 2395 5208 ϐολον
2427 5153 2517 5208 καὶ
2551 5154 2743 5209 οἰωνὸν
2810 5152 2958 5209 ἔθετο
3017 5159 3123 5211 τῶν
3180 5155 3315 5228 μετᾶ
3369 5160 3536 5211 ταῦτα
3592 5151 3876 5231 συμϐεϐη-

2225 5244 2401 5298 κότων
2433 5248 2635 5300 κακῶν.
2670 5241 3030 5318 Ἀπαγομένῳ
3063 5242 3119 5299 δὲ
3159 5249 3240 5316 τῷ
3299 5245 3528 5321 μεγάλῳ
3581 5246 3720 5320 πρὸς
3777 5246 3876 5314 τήν

2230 5332 2518 5408 ὑπερορίαν
2552 5335 2578 5388 6
2621 5331 2974 5409 ὁμολογητής
3033 5335 3371 5411 Θεοφάνηςὸ
3417 5341 3518 5406 τῆς
3547 5339 3644 5390 τοῦ
3700 5334 3879 5408 Μεγά-

2230 5420 2332 5477 λου
2412 5425 2603 5499 Ἀγροῢ
2694 5430 2865 5497 μονῆς
2933 5425 3375 5498 καθηγούμενος,
3434 5424 3756 5498 αἰσθόμενος
3830 5421 3879 5491 ἐξ

2231 5511 2511 5576 ἐπιπνοίας
2545 5517 2728 5580 θεῖκῆς
2781 5515 2882 5583 τὴν
2942 5511 3205 5570 διέλευσιν
3259 5515 3478 5585 τούτου,
3536 5514 3655 5568 κατ’
3713 5514 3878 5587 ἂγρον

2228 5625 2348 5659 τινα
2375 5600 2751 5681 ἐνδιατρίϐων,
2785 5607 3090 5678 θυμιάμασι
3144 5605 3232 5660 καὶ
3285 5609 3481 5679 κηροῖς
3523 5601 3876 5677 προίῗπεμπεν

2231 5693 2395 5748 αὐτὸν
2427 5695 2562 5768 μετὰ
2615 5701 2716 5764 τῆς
2771 5695 2898 5766 νηὸς
2957 5691 3186 5752 διιόντα.
3236 5695 3419 5758 Αὐτος
3472 5714 3531 5750 τι
3561 5690 3877 5768 ὁπατριάρ-
