4108 6300
279 377 395 444 941

1435 370 1969 443 HISTORIARUM
2017 369 2557 430 COMPENDIUM.

3575 379 3696 439 942

283 525 396 584 χης
452 511 886 584 προσκυνήσεσιν
940 508 1199 590 ἐσχάταις
1254 511 1522 582 ἐδεξιοῦτο
1586 511 1676 567 καὶ
1733 508 1940 564 ἐκτάσει

2056 519 2338 557 coronam
2369 503 2720 575 reportavit;
2755 520 2948 576 neque
2998 507 3052 561 ei
3097 506 3302 564 datum
3334 515 3424 566 est
3449 515 3701 582 patriar-

281 604 498 672 χειρῶν
553 600 644 653 καὶ
703 599 986 676 εὐλογίαις
1045 601 1204 656 αὐτὸν
1261 601 1658 672 κατησπάζετο,
1694 601 1768 673 μή
1804 598 1943 662 θεώ·

291 708 455 759 μενος
488 689 564 760 μή
598 689 889 762 θεώμενον,
937 689 1084 744 ἀλλὰ
1139 697 1254 753 τοῖς
1309 695 1703 763 πνευματικοῖς
1734 685 1942 763 ὀφθαλ-

281 781 409 848 μοῖς
473 775 766 846 ἀλλήλους
829 775 1050 848 ἰδόντες,
1105 779 1196 833 καὶ
1261 781 1324 834 τὸ
1380 785 1660 854 προσῆκον
1717 777 1941 836 ’ἐκαστος

284 861 494 937 ἑκάστῳ
569 865 940 939 ἀπονέμοντες
1011 861 1190 928 σέϐας,
1266 873 1380 922 Τῶν
1442 865 1828 939 συμπλεόντων
1883 860 1941 917 δέ

284 973 433 1014 τινος
493 953 782 1028 εἰρηκότος
853 960 933 1028 τῷ
1007 956 1347 1031 πατριάρχῃ,
1409 980 1437 1008 ‹‹
1497 956 1640 1031 Πρὸς
1695 955 1834 1021 τίνα,
1893 951 1938 1005 ὦ

286 1039 551 1111 δέσποτα,
582 1043 676 1102 τὰς
724 1049 910 1118 χεῖρας
969 1043 1137 1118 αἴρων
1197 1045 1270 1106 εἷς
1329 1044 1464 1118 ὕψος
1511 1045 1602 1099 τὸν
1653 1041 1936 1114 ἀσπασμὸν

279 1132 471 1186 ἒποίου
501 1151 515 1201 ;
541 1156 569 1185 ››
605 1165 665 1176 -‹
688 1158 715 1185 ‹‹
752 1135 896 1206 Πρὸς
920 1136 1009 1190 τὸν
1033 1135 1350 1204 ὁσιώτατον,
1383 1132 1507 1212 ἔφη,
1538 1134 1626 1188 καὶ
1658 1131 1939 1206 ὁμολογη-

253 1223 386 1298 ,τὴν
415 1222 715 1300 Θεοφάνην,
773 1223 864 1278 τὸν
894 1224 1212 1298 καθηγητήν
1267 1227 1364 1277 τοῦ
1423 1225 1648 1298 Ἀγροῦ,
1684 1219 1932 1294 λαμπάσι

2051 594 2224 647 cham
2260 609 2434 663 porro
2467 592 2765 658 videre,ne
2788 595 2915 666 ejus
2937 595 3026 650 vel
3058 597 3167 652 hac
3186 599 3245 654 in
3271 606 3437 671 parte
3464 601 3702 660 falleret

2051 681 2701 754 vaticiniumllelegato
2722 684 3049 756 Nicephoro
3073 688 3289 742 solium
3313 691 3704 764 archiepisco-

2050 769 2182 842 pale
2197 769 2434 842 indigne
2453 771 2798 825 conscendit
2814 773 2939 844 ipso
2953 776 3420 834 Resurrectionis
3439 781 3701 837 Domini-

2050 878 2131 915 caa
2163 859 2257 915 die
2291 858 2622 914 Theodotus
2654 861 3021 931 Melissenus,
3073 882 3247 934 quem
3281 873 3338 922 et
3363 869 3697 926 Cassiteran

2051 949 2275 1005 dictum
2309 965 2488 1020 supra
2517 951 2880 1005 monuimus.
2914 952 2966 1006 Is
3018 969 3083 1008 eo
3135 962 3389 1025 evectus,
3423 966 3479 1014 et
3509 961 3696 1033 impe-

2049 1039 2261 1093 ratoris
2312 1037 2639 1109 potentiam
2692 1037 2844 1095 858
2895 1041 3007 1094 sibi
3052 1041 3278 1100 habens
3331 1047 3693 1119 adjumento,

2047 1144 2166 1181 non
2191 1129 2316 1196 jam
2350 1127 2411 1181 in
2446 1126 2704 1182 tenebris
2735 1134 2792 1182 et
2823 1128 3050 1197 angulis
3083 1133 3184 1186 sed
3216 1135 3413 1203 palam
3443 1144 3499 1192 et
3519 1139 3696 1210 pleno

2047 1234 2147 1272 ore
2181 1215 2745 1299 imaginiperdarum
2774 1218 3168 1291 promulgavit
3197 1221 3492 1280 haaresim.
3554 1245 3556 1248 '

286 1308 380 1362 καὶ
415 1298 752 1382 θυμίάμασιν
786 1311 932 1382 ἡμᾶς
992 1308 1350 1381 δεξιούμενον.
1386 1332 1414 1360 ››
1471 1310 1603 1366 Μετ’
1663 1305 1728 1362 ού
1777 1304 1921 1361 πολὺ
1980 1302 2037 1359 δὲ
2092 1304 2182 1359 καὶ
2240 1305 2275 1372 ἡ
2330 1305 2426 1356 τοῦ
2463 1298 2831 1376 πατριάρχου
2862 1298 3016 1374 ἐξέϐη
3051 1304 3128 1368 εἷς
3177 1299 3329 1382 ἔργον
3362 1308 3691 1385 πρόρῥησις·

285 1396 422 1471 μετά
484 1395 723 1452 πολλῶν
786 1397 891 1473 γὰρ
947 1398 1039 1453 καὶ
1105 1396 1292 1453 ἄλλων
1358 1398 1409 1452 ἐν
1479 1397 1540 1451 οὐ
1606 1399 1798 1472 μακρῷ

1879 1393 1979 1468 τῇς

2064 1392 2390 1460 Ἐκκλησίας
2458 1389 2768 1467 ἀφορισθεὶς
2834 1391 2924 1446 καὶ
2990 1391 3228 1457 πολλαῖς
3295 1400 3382 1450 καί
3451 1396 3700 1472 ἀπείροις

281 1487 592 1539 κακώσεσιν
656 1481 995 1556 ὑποϐληθεὶς
1048 1487 1142 1541 τὸν
1195 1493 1296 1555 τῆς
1357 1483 1669 1561 ὁμολογίας
1728 1481 2024 1554 ἀνεδήσατο
2083 1481 2365 1558 στέφανον,
2429 1477 2624 1551 μηκέτι
2687 1479 2970 1534 θεάσασθαι
3017 1486 3114 1536 τοῦ
3155 1483 3356 1538 λοιποῦ
3384 1486 3474 1540 τὸν
3508 1507 3702 1562 πατρι-

287 1576 476 1649 άρχην
525 1574 793 1644 ἀξιωθεὶς,
855 1573 938 1629 ἴνα
997 1571 1131 1647 μηδ’
1187 1560 1238 1628 ἐν
1293 1573 1472 1646 τούτῳ
1532 1560 1761 1648 διαπέσῃ
1820 1575 1855 1642 ἡ
1913 1575 2010 1626 τοῦ
2067 1571 2414 1643 πατριάρχου
2471 1566 2793 1644 πρόρρησις.
2855 1569 3142 1645 Ὑπερορίᾳ
3199 1569 3254 1627 δὲ
3301 1578 3398 1629 τοῦ
3436 1560 3705 1652 πατριάρ-

290 1682 399 1737 χου
456 1664 966 1740 παραπεμφθέντος,
1025 1665 1099 1726 ὡς
1156 1663 1402 1739 εἶ’πομεν,
1461 1661 1658 1719 ἄνεισιν
1715 1662 1939 1734 ἀναξίως
1997 1658 2072 1722 εἰς
2137 1659 2228 1714 τὸν
2305 1663 2404 1726 τῆς
2460 1657 2877 1731 ἀρχιερωσύνης
2935 1662 3145 1736 θρόνον,
3197 1665 3314 1716 κατ’
3371 1665 3539 1734 αὐτὴν
3597 1669 3698 1737 τὴν

283 1758 390 1820 τῆς
449 1750 816 1814 Ἀναστάσεως
871 1756 969 1807 τοῦ
1025 1755 1234 1828 Κυρίου
1291 1753 1523 1828 ἡμέραν,
1585 1749 1847 1813 Θεόδοτος
1928 1750 1956 1803 6
2041 1745 2407 1817 Μελισσηνὸς,
2459 1743 2520 1799 ὅν
2577 1745 2667 1799 καὶ
2720 1749 3062 1825 Κασσιτηρᾶν
3118 1753 3615 1828 προσαγορεύεσθαι
3668 1758 3698 1812 ὁ

282 1838 457 1916 λόγος
517 1839 720 1916 φθάσας
779 1842 1104 1917 παρέστησε.
1167 1844 1252 1913 [Ρ.
1286 1845 1412 1916 490]
1468 1843 1571 1898 Καὶ
1633 1845 1731 1896 τοῦ
1791 1838 1986 1912 θρόνου
2043 1831 2257 1906 ἐπιϐὰς,
2317 1833 2464 1910 ἔχων
2522 1830 2578 1888 δὲ
2634 1839 3113 1912 συνεπαρήγουσαν
3149 1841 3368 1910 καὶτήν
3407 1843 3698 1916 βασιλικὴν

289 1929 559 2003 ἐξουσίαν,
620 1931 719 1986 οὐκ
775 1929 826 1985 ἐν
887 1933 1065 1987 σκότει
1123 1933 1215 1987 καὶ
1274 1933 1495 2011 γωνίαις
1553 1926 1654 2004 ἔτι,
1716 1927 1844 1985 ἀλλ’
1898 1929 1954 1982 ἐν
2011 1926 2256 2000 ὑπαίθρῳ
2309 1923 2400 1978 καὶ
2449 1923 2727 2001 παρρησίᾳ
2773 1928 2874 1996 τήν
2913 1927 3114 2001 αἳρεσιν
3161 1935 3268 1986 τῶν
3299 1933 3696 2010 Εἰκονομάχων

293 2015 640 2091 ἐδημοσίευε.

365 2106 511 2160 Λέων
553 2103 608 2160 δὲ
664 2108 692 2161 ὁ
758 2106 1015 2182 βασιλεὺς
1061 2111 1130 2182 τῇ
1210 2130 1269 2165 τε
1321 2107 1752 2184 προηγησαμένῃ
1793 2104 1930 2160 κατὰ

2111 2107 2186 2159 At
2214 2105 2426 2160 Leonis
2453 2104 2708 2175 impetus
2738 2106 2922 2162 animi
2955 2125 3197 2179 prorsus
3229 2117 3401 2167 erant
3421 2114 3694 2185 eﬂ‘renes,

299 2193 619 2270 Βουλγάρων
670 2196 791 2270 νίκῃ
841 2197 1254 2273 ἐξωγκωμένος,
1305 2199 1395 2253 καὶ
1441 2198 1578 2252 κατά
1623 2201 1730 2251 τῶν
1773 2191 1938 2268 Ἀρά-

291 2279 402 2339 ϐων
463 2282 520 2340 δὲ
580 2290 762 2360 μικρῷ
813 2286 1080 2361 πρότερον
1163 2287 1490 2362 εὐτυχήσας,
1561 2285 1935 2362 ἀκατάσχετος

276 2373 345 2442 ἦν
401 2375 462 2428 τὸ
517 2375 773 2449 φρόνημα
826 2377 916 2430 καὶ
982 2377 1119 2453 πρὸς
1187 2377 1250 2432 τὸ
1309 2375 1549 2450 σκληρὸν
1581 2375 1817 2448 ξάπένευε
1847 2372 1936 2427 καὶ

252 2461 582 2540 ’ὠμότερον
642 2465 1011 2540 ἀπαραίτητός
1066 2486 1123 2520 τε
1178 2466 1277 2540 γὰρ
1335 2467 1433 2535 τήν
1482 2465 1647 2539 ὀργὴν
1681 2461 1934 2538 ἐγεγόνει,

270 2552 362 2606 καὶ
442 2557 549 2607 τῶν
635 2554 1057 2626 ἁπαρτημάτων
1152 2552 1427 2623 κολαστὴς
1508 2552 1933 2627 αὐστηρότατος,

271 2646 389 2702 τοῖς
463 2662 521 2696 τε
603 2641 949 2717 ἐντυγχάνειν
1029 2641 1305 2698 ἐθέλουσιν
1402 2642 1748 2704 ἀνέντευκτος
1845 2639 1936 2694 καὶ

274 2726 716 2804 δυσξύμϐουλος,
777 2732 863 2787 ἐπί
919 2753 977 2788 τε
1037 2738 1256 2807 μικροῖς
1305 2734 1657 2808 ἁμαρτήμασι
1694 2727 1938 2804 μεγάλας

284 2816 554 2896 ἐπιφέρων
584 2821 678 2882 τὰς
711 2818 1022 2889 καταδίκας,
1068 2823 1140 2875 ὧν
1195 2823 1288 2894 μὲν
1324 2826 1513 2895 χεῖρας
1539 2817 1938 2896 ἀφαιρούμενος

279 2909 356 2962 ὧν
392 2906 448 2962 δὲ
477 2907 649 2971 πόδας
681 2910 754 2962 ὧν
802 2906 859 2964 δὲ
906 2931 1028 2964 τινα
1075 2906 1231 2984 ἕτερα
1277 2913 1385 2965 τῶν
1432 2908 1808 2982 καιριωτάτων
1845 2924 1938 2978 με·

288 2997 428 3066 λῶν,
463 3000 596 3074 ἅπερ
629 3001 1025 3074 ἀποτέμνεσθαι
1079 3001 1510 3078 ἀποφαινόμενος
1540 2998 1640 3052 ἀνὰ
1666 3003 1766 3060 τὴν
1800 2995 1939 3050 λεω-

285 3087 454 3162 φόρον
538 3088 986 3164 ἀνακρεμαννύειν
1083 3089 1358 3144 ἐκέλευσεν
1446 3088 1520 3150 εἰς
1600 3084 1937 3155 κατάπληξιν

281 3175 430 3255 τάχα
485 3182 595 3231 τῶν
651 3177 903 3252 ὁρώντων
955 3179 1045 3231 καὶ
1103 3175 1242 3239 δέος.
1311 3179 1407 3233 Ἐκ
1457 3177 1650 3230 τούτον
1709 3172 1940 3246 μισητὸς

292 3265 522 3336 κατέστη
583 3271 663 3338 τῷ
726 3265 830 3320 ὑπὸ
882 3271 1044 3340 χείρα
1100 3265 1274 3320 παντί.
1340 3263 1511 3319 Πλὲον
1541 3261 1588 3317 δ’
1621 3259 1853 3317 ἐπέτεινε
1878 3262 1940 3315 τὸ

297 3359 458 3426 μῖσος
520 3355 586 3409 τὰ
647 3354 784 3410 πετά
848 3359 1034 3408 ταῦτα’
1105 3354 1166 3408 ού
1238 3353 1400 3426 μόνον
1464 3355 1566 3428 γὰρ
1634 3351 1770 3406 κατὰ
1833 3354 1940 3404 τῶν

2046 2196 2270 2249 recenti
2296 2194 2367 2249 de
2399 2194 2664 2266 Bulgaris
2694 2196 2939 2251 victoria
2969 2214 3036 2253 ac
3084 2199 3260 2270 paulo
3297 2208 3432 2257 ante
3464 2221 3527 2259 re
3558 2221 3700 2260 con-

2047 2287 2138 2338 tra
2169 2281 2391 2337 Arabes
2422 2282 2675 2338 feliciter
2696 2289 2861 2356 gesta
2882 2285 3096 2342 inﬂati.
3118 2289 3323 2360 Itaque
3354 2291 3559 2347 durior
3569 2293 3698 2364 jam

2046 2388 2174 2426 esse
2208 2377 2266 2426 et
2291 2371 2363 2426 ad
2396 2371 2807 2427 crudelitatem
2854 2375 3105 2445 prolabi,
3138 2377 3255 2432 iras
3294 2379 3696 2450 implacabiles

2044 2477 2283 2532 genere,
2311 2466 2368 2515 et
2389 2461 2605 2515 delicta
2628 2463 3000 2519 severissime
3023 2467 3234 2536 punire
3260 2483 3273 2533 ;
3298 2470 3578 2542 congredi
3600 2477 3702 2527 aut

2045 2549 2354 2604 consulere
2411 2549 2750 2604 volentibus
2808 2551 3116 2608 difficilem
3151 2571 3212 2610 se
3253 2557 3517 2627 praabere
3545 2559 3557 2613 ί
3589 2577 3696 2631 pro

2020 2638 2238 2717 parvis
2297 2637 2533 2693 delictis
2590 2655 2793 2711 graves
2851 2641 3160 2713 imponere
3192 2662 3438 2716 pmnas;
3485 2666 3696 2706 manus

2047 2726 2382 2790 nonnullis,
2413 2726 2546 2781 aliis
2577 2727 2778 2797 pedes,
2803 2728 2936 2784 aliis
2968 2731 3084 2786 alia
3115 2735 3380 2804 corporis
3410 2743 3695 2807 prastan-

2047 2815 2199 2869 tiora
2219 2814 2487 2869 membra
2504 2817 2799 2886 amputari
2823 2834 3008 2888 eaque
3031 2821 3092 2874 in
3114 2821 3204 2876 via
3224 2824 3384 2894 regia
3413 2827 3698 2896 suspendi

2040 2902 2275 2973 jubere,
2302 2920 2416 2972 quo
2441 2908 2726 2958 terrorem
2749 2905 3084 2962 videntibus
3109 2915 3452 2982 metumque
3476 2914 3699 2971 incute-

2050 2997 2158 3045 ret.
2195 2991 2277 3043 Ob
2310 2991 2436 3045 hinc
2468 2991 2616 3045 nulli
2649 3009 2770 3046 non
2803 2993 3170 3051 subditorum
3197 2999 3439 3069 invisus,
3463 3003 3534 3058 iis
3566 3021 3696 3074 qum

2052 3080 2368 3134 subsecuta
2397 3085 2535 3134 sunt
2568 3080 2930 3137 facinoribus
2962 3084 3098 3140 odia
3145 3087 3206 3141 in
3253 3105 3314 3143 se
3359 3093 3540 3148 auxit.
3572 3094 3701 3149 Non

2052 3170 2212 3224 enim
2244 3174 2450 3224 contra
2482 3170 2750 3225 homines
2794 3176 3024 3228 tantum
3066 3176 3335 3246 ejusdem
3367 3196 3566 3236 secum
3598 3199 3702 3239 na-

2053 3264 2198 3314 tura;
2230 3264 2288 3312 et
2316 3259 2622 3331 dignitatis
2653 3261 3012 3318 efferebatur
3055 3271 3232 3337 atque
3269 3270 3566 3338 saeviebat,
3600 3271 3705 3330 sed

2052 3347 2332 3403 adversus
2365 3348 2553 3418 ipsam
2585 3349 2763 3404 etiam
2793 3350 3075 3421 pietatem
3106 3355 3411 3427 Deumque
3443 3357 3700 3416 furebat.

285 3443 576 3518 ὁμοτίμων
635 3443 950 3518 τὴν¹φύσιν
1019 3443 1316 3518 ἀνθρώπων
1377 3442 1582 3517 ἐπῆρτο
1614 3440 1708 3496 καὶ
1764 3440 1936 3514 ἠγρι-

2053 3437 2136 3491 Ad
2171 3437 2294 3491 haec
2327 3443 2536 3492 nactus
2580 3444 2669 3492 est
2711 3440 3087 3510 aptissimum
3123 3444 3588 3504 instrumentum
3619 3449 3702 3504 vi-

282 3530 484 3597 αίνετο,
564 3531 711 3588 ἀλλᾶ
783 3533 872 3587 καὶ
945 3534 1061 3588 κατ’
1162 3531 1328 3603 αὐτῆς
1414 3527 1764 3605 ἐκορυϐαντία
1836 3535 1938 3598 τῆς

289 3613 546 3680 εὐσεϐοῦς
606 3619 838 3682 πίστεως
887 3620 977 3673 καὶ
1033 3624 1129 3674 τοῦ
1185 3623 1338 3674 Θεοῦ.
1397 3620 1659 3695 Ὀργανον
1720 3615 1765 3671 δ’

268 3703 509 3777 ’τήδειον
538 3709 676 3784 πρὸς
705 3712 867 3762 τοῦτο
925 3702 1080 3783 ἔσχεν
1135 3705 1299 3784 ἄνδρα
1349 3707 1470 3763 τινὰ
1525 3701 1815 3777 διαϐόητον
1852 3704 1939 3768 ἐπὶ

286 3797 610 3873 πανουργίᾳ,
690 3801 788 3851 τοῦ
865 3799 1142 3872 τάγματος
1223 3803 1331 3852 τῶν
1415 3797 1466 3853 ἐν
1552 3801 1632 3869 τῷ
1689 3793 1940 3867 παλατίῳ

287 3885 618 3960 ψαλλόντων
653 3889 750 3956 τήν
785 3886 962 3963 ἀρχὴν
1017 3883 1232 3962 ἔχοντα,
1287 3884 1478 3958 ἔξωθεν
1515 3887 1608 3961 μὲν
1643 3885 1939 3960 ἱεροπρεπῆ

290 3977 610 4053 φαινόμενον
670 3976 762 4029 καὶ
821 3971 1071 4046 θεοσεϐῆ,
1152 3971 1360 4031 ἔνδοθεν
1422 3975 1480 4030 δὲ
1545 3977 1620 4038 ὡς
1679 3975 1730 4030 ἐν
1789 3977 1944 4050 βαθεῖ

289 4059 477 4133 κωδίῳ
534 4063 624 4116 τὸν
682 4061 845 4117 λύκον
905 4063 1356 4121 ἐπικαλύπτοντα.
1417 4066 1590 4126 Οὗτος
1643 4065 1670 4118 ὁ
1703 4061 1941 4138 βέϐηλος

293 4151 484 4225 καιρὸν
539 4148 850 4220 ἐπιτήδειον
935 4151 1200 4224 εὑρηκὼς,
1255 4156 1369 4208 καθ’
1445 4154 1503 4208 ὅν
1573 4153 1647 4214 εἰς
1706 4151 1940 4221 ἐπήκοον

275 4236 350 4293 ’έν
405 4242 474 4312 τῇ
537 4237 838 4310 Ἐκκλησία
893 4239 1079 4304 ε’ἰωθεν
1139 4244 1172 4309 ἡ
1248 4245 1344 4296 τοῦ
1411 4239 1944 4318 μεγαλοφωνοτάτου

295 4328 357 4383 Ἡ
367 4327 519 4382 σαίου
645 4327 705 4382 ἀν
715 4329 1009 4403 αγινώσθαι
1139 4330 1446 4407 προφητεία
1546 4333 1580 4398 ἡ
1687 4327 1944 4406 λέγουσα,

296 4440 325 4468 ‹‹
366 4416 476 4470 Τίνι
556 4416 880 4489 ὡμοιώσατε
962 4421 1206 4493 Κύριονς
1280 4419 1371 4474 καὶ
1442 4418 1549 4474 τίνι
1627 4419 1948 4474 ὡποιώσατε

293 4507 498 4576 αύτόνς
562 4507 654 4575 Μή
715 4506 892 4562 εἶ’κόνα
952 4507 1172 4578 ἐποίησε
1253 4508 1480 4577 τέκτων,
1537 4507 1572 4578 ἢ
1631 4508 1946 4583 χρυσοχόος

289 4593 571 4672 χωνεύσας
633 4597 867 4670 χρυσίον
924 4597 1362 4673 περιεχρύσωσεν
1417 4596 1608 4669 αὐτὴν,
1661 4598 1696 4668 ἢ
1737 4597 1948 4669 ὁμοιώ-

297 4705 427 4757 ματι
485 4683 867 4740 κατεσκεύασεν
947 4685 1166 4757 αύτήν;
1223 4711 1250 4738 ››
1321 4687 1409 4741 καὶ
1493 4686 1560 4740 τὰ
1615 4685 1784 4740 λοιπᾶ
1849 4692 1949 4754 τῆς

293 4778 652 4848 προφητείαςο
731 4774 1008 4849 παραστάς
1071 4773 1161 4829 οὖν
1238 4777 1374 4849 πρὸς
1479 4776 1570 4836 οὓς
1648 4773 1797 4852 λέγει
1871 4779 1950 4846 τῷ

299 4860 534 4937 βασιλεῖ’
571 4887 598 4913 ‹‹
635 4863 798 4925 Σύνες
843 4869 960 4925 τοῖς
1010 4861 1355 4937 λεγομένοις,
1391 4862 1436 4917 ὦ
1471 4862 1713 4940 βασιλεῦ,
1744 4864 1834 4918 καὶ
1869 4864 1946 4936 μή

290 4947 434 5024 λάθῃ
499 4971 554 5004 σε
633 4951 695 5006 τὸ
753 4949 976 5022 ἀληθὲς,
1033 4951 1125 5008 καὶ
1188 4953 1447 5021 τοιαύτης
1507 4949 1639 5030 ἔχου
1700 4951 1951 5026 λατρείας

292 5040 483 5094 ὁποίαν
513 5061 596 5095 σοι
651 5041 976 5112 ὑποτίθησιν
1029 5043 1056 5097 ὁ
1109 5045 1421 5119 προφήτης.
1456 5065 1484 5094 ››
1515 5046 1747 5096 Τοιαῦτα
1779 5041 1944 5096 εἰπὼν

290 5125 532 5198 ἐνέσταξε
588 5131 656 5202 τῇ
717 5127 931 5202 διανοίᾳ
983 5134 1080 5184 τοῦ
1141 5128 1416 5205 βασιλέως
1473 5129 1700 5185 πλείονα
1737 5131 1822 5184 ’ίὸν
1849 5135 1950 5191 τίς

290 5216 572 5289 αἱρέσεως,
605 5217 679 5280 ὡς
717 5214 786 5286 ἤν
845 5218 1109 5292 πρότερον
1174 5219 1309 5292 μετὰ
1367 5217 1588 5296 φειδοῦς
1615 5219 1706 5273 καὶ
1738 5215 1949 5272 ἐνδοια-

1822 3614 1940 3670 ἐπι·

2052 3543 2184 3581 rum
2213 3525 2532 3597 quemdam
2556 3527 2775 3582 nobilis
2798 3531 3089 3599 versutiaa,
3115 3534 3341 3590 cohorti
3370 3553 3576 3592 eorum
3599 3538 3699 3610 qui

2052 3616 2113 3669 in
2143 3615 2358 3686 palatio
2381 3614 2706 3686 psallerent
2728 3617 3070 3687 praefectum
3091 3637 3104 3685 ;
3125 3623 3224 3691 qui
3249 3640 3370 3693 praa
3393 3641 3454 3680 se
3477 3626 3701 3681 sancti-

2053 3705 2314 3758 moniam
2333 3704 2530 3758 ferens
2547 3711 2723 3774 atque
2741 3706 3022 3776 pietatem
3045 3709 3206 3764 intus
3227 3711 3334 3766 sub
3358 3713 3541 3770 densa
3562 3715 3700 3772 lana

2053 3793 2259 3864 lupum
2315 3792 2582 3847 abditum
2636 3794 2920 3864 gestabat.
2980 3798 3253 3867 Impurus
3310 3800 3421 3855 iste
3468 3807 3704 3875 tempus

2053 3882 2299 3952 adeptus
2331 3887 2753 3952 opportunum,
2777 3900 2892 3953 quo
2915 3884 2989 3938 ad
3018 3901 3193 3941 aures
3223 3889 3500 3945 Ecclesiaa
3531 3909 3699 3948 usur-

2053 3976 2257 4042 patum
2289 3974 2377 4024 est
2408 3971 2642 4024 recitari
2693 3973 3328 4044 magniloquentissimi
3357 3980 3524 4035 Isaim
3555 3983 3698 4038 vati-

2053 4061 2307 4115 cinium:
2342 4082 2368 4108 ‹‹
2396 4061 2496 4114 Cui
2519 4060 2924 4118 assimilabitis
2949 4065 3302 4124 Dominum?
3331 4069 3482 4126 859
3515 4089 3702 4128 unum

2055 4150 2251 4221 Opifex
2281 4149 2537 4220 effigiem
2568 4149 2763 4218 faciet,
2806 4158 2909 4207 aut
2949 4155 3246 4212 aurifaber
3274 4160 3530 4216 conflato
3559 4178 3704 4218 auro

2058 4253 2186 4292 eam
2246 4235 2573 4306 integet‘?»
2635 4243 2771 4301 etc.,
2833 4244 2972 4294 tunc
3029 4258 3164 4314 ergo
3221 4244 3319 4300 ille
3360 4247 3705 4318 imperatori

2057 4333 2258 4382 astans
2281 4326 2341 4380 in
2364 4341 2604 4381 aurem:
2629 4350 2656 4377 «
2683 4327 3118 4400 Animadverte,
3143 4332 3358 4404 inquit,
3379 4335 3506 4392 haec
3528 4337 3708 4394 verba

2055 4421 2122 4471 ut
2145 4432 2217 4470 ne
2244 4421 2296 4470 te
2321 4415 2501 4470 lateat
2519 4415 2759 4471 veritas:
2781 4418 3138 4489 amplectere
3161 4422 3314 4478 hanc
3334 4424 3704 4498 religionem,

2057 4521 2238 4575 quam
2270 4503 2375 4558 tibi
2408 4509 2567 4558 vates
2597 4504 2799 4560 dictat.
2837 4527 2865 4556 »
2920 4508 3019 4562 His
3049 4508 3224 4566 dictis
3254 4529 3488 4570 vaesano
3517 4515 3704 4587 impe-

2058 4593 2240 4650 ratori
2271 4592 2465 4648 acrius
2497 4592 2739 4650 haaresis
2769 4611 3060 4652 venenum
3101 4599 3427 4669 instillavit,
3454 4604 3536 4659 ita
3565 4609 3630 4660 ut
3656 4605 3706 4660 is

2061 4699 2239 4754 quam
2271 4681 2433 4753 prius
2464 4681 2811 4754 religionem
2847 4701 3022 4756 parce
3044 4703 3111 4741 ac
3133 4687 3473 4747 dubitanter
3502 4694 3710 4764 praedi-

2061 4773 2180 4828 cari
2204 4770 2604 4837 mandaverat,
2614 4772 2741 4843 jam
2767 4781 2966 4845 aperte
2987 4776 3478 4854 impudenterque
3502 4800 3710 4841 omnes

1981 4839 2026 4904 Ῑ)
2059 4860 2337 4932 amplecti
2363 4859 2633 4930 jusserit,
2667 4861 2727 4915 ni
2759 4861 3040 4930 facerent,
3073 4839 3421 4938 gravissima
3451 4873 3711 4927 minatus

2061 4950 2234 5005 mala.
2266 4950 2566 5020 Quotquot
2597 4965 2733 5020 ergo
2766 4952 3019 5008 mollitia
3065 4955 3200 5010 victi
3233 4962 3374 5012 tunc
3403 4959 3711 5014 veritatem

2059 5038 2468 5111 prodiderunt,
2508 5037 2582 5093 iis
2615 5039 2814 5094 omnia
2845 5046 2968 5096 tuta
2999 5048 3187 5098 erant.
3221 5046 3329 5110 Qui
3369 5051 3565 5101 autem
3599 5047 3708 5102 im-

2057 5128 2328 5200 piissimo
2370 5124 2648 5181 mandato
2699 5143 2821 5182 non
2870 5137 3166 5200 parerent,
3222 5133 3282 5189 in
3332 5133 3710 5206 gravissimos

2057 5217 2359 5274 cruciatus
2386 5233 2454 5270 ac
2485 5215 2852 5272 calamitates
2885 5218 3294 5276 deveniebant.

294 5308 438 5378 σμοῦ
467 5303 750 5380 κηρύττειν
783 5305 1038 5382 ἠπείγετο
1071 5305 1352 5383 λατρείαν,
1378 5307 1578 5378 ταύτην
1611 5305 2110 5380 ἀνακεκαλυμμένῳ
2155 5304 2441 5379 προσώπῳ
2496 5301 2583 5356 καὶ
2616 5301 2870 5373 ἀναιδῶς,
2904 5303 3074 5359 εἰπεῖν
3103 5304 3269 5361 πλέον
3308 5308 3441 5381 μετά
3471 5310 3710 5368 ἀπειλῶν

283 5394 374 5450 καὶ
461 5391 722 5449 κινδύνων
808 5396 1079 5469 αἱρεῖσθαι
1135 5396 1459 5473 ἠνάγκαζεν.
1507 5398 1666 5454 Ὀσοι
1723 5395 1817 5468 μέν
1875 5395 1970 5450 οὗν
2032 5392 2466 5468 μαλακιζόμενοι
2516 5388 2882 5465 προυδιδοσαν
2936 5395 3038 5462 τήν
3091 5393 3376 5466 ἀλήθειαν,
3410 5398 3461 5454 ἐν
3509 5397 3716 5465 ἀδείαις

285 5482 446 5550 ἦσαν’
477 5483 529 5537 οἱ
563 5484 638 5556 μή
675 5485 1098 5559 πειθαρχοῦντες
1130 5482 1189 5542 δὶ
1215 5491 1296 5556 τῷ
1349 5487 1516 5541 αὐτοῦ
1579 5479 1984 5558 δυσσεϐεστάτῳ
2012 5482 2394 5560 προστάγματι
2449 5477 2769 5549 ἀνηκέστοις
2802 5479 3003 5544 αἰκίαις
3032 5483 3119 5537 καὶ
3158 5495 3463 5564 συμφοραῖς
3493 5487 3718 5565 παρεδί-

297 5568 480 5628 δοντο.

368 5661 576 5740 Καίπερ
646 5661 704 5719 δέ
763 5659 942 5726 οὕτως
998 5661 1143 5739 ἔχων
1201 5661 1510 5730 δυσσεϐείας
1565 5665 1656 5719 καὶ
1715 5684 1951 5739 παρανο-

2134 5666 2210 5719 At
2252 5661 2413 5719 enim
2464 5661 2597 5730 Leo,
2647 5677 2989 5734 quanquam
3032 5666 3372 5740 hujusmodi
3406 5671 3713 5744 impietate
