4108 6300
429 407 551 466 ωδ
1787 395 2104 458 GEORGII
2147 395 2496 460 cannam
3739 393 3870 457 9“

432 541 611 608 atque
645 533 938 607 injustitia
961 532 1170 600 fuadus,
1193 531 1681 606 vigilantissimus
1703 537 1904 587 tamen
1935 531 1996 586 in
2026 547 2088 586 re

2207 529 2358 602 μίας,
2391 525 2539 585 ἀλλὰ
2583 549 2648 608 γε
2689 528 2830 605 πρὸς
2884 531 2986 601 τὴν
3036 502 3145 586 τῶν
3201 525 3492 604 δημοσίων
3517 527 3874 604 πραγμάτων

430 626 667 698 publica
696 623 1046 695 corrigenda
1101 623 1232 689 luit,
1292 622 1560 692 nihilque
1592 621 1842 677 omnino
1872 636 2075 675 rerum

429 713 899 769 necessariarum
944 717 1123 782 atque
1175 711 1413 765 utilium
1447 711 1780 765 incuratum
1811 708 2074 780 reliquit.

428 805 507 858 Ac
539 802 725 856 fertur
751 817 818 856 eo
853 807 1085 856 mortuo
1115 800 1512 872 Nicephorum
1559 798 1955 870 patriarcham
1987 797 2076 852 di-

431 893 584 946 xisse
618 890 1049 962 rempublicam
1082 893 1408 945 Romanam
1466 889 1648 960 impio
1681 887 2078 960 quantumvis,

430 997 646 1052 magno
674 985 831 1035 certe
864 980 1116 1051 praeside
1146 979 1434 1034 orbatam.
1469 980 1692 1033 Praeter
1718 977 1952 1050 vigilem
1983 993 2082 1032 ac-

2193 617 2497 693 ἀντίληψιν
2545 617 2959 696 ἀγρυπνότατος
3011 619 3102 692 ἧν,
3154 618 3231 680 ὡς
3293 615 3464 690 μηδὲν
3486 637 3542 674 τι
3571 620 3686 672 τῶν
3715 615 3884 672 δεόν-

2183 727 2290 761 των
2357 706 2450 762 καὶ
2509 707 2855 783 ὀνησιφόρων
2913 707 3002 778 ἐᾷν
3059 705 3439 781 ἀτημέλητον.
3498 706 3645 762 Φασί
3691 703 3877 779 γέτοι

2193 797 2332 871 μετᾶ
2386 799 2481 854 τὸν
2549 797 2762 855 ἐκείνου
2820 799 3053 864 θάνατον
3112 797 3427 876 Νικήσόρον
3513 797 3690 854 εἰπεῖν
3771 796 3878 851 τῦν

2187 886 2540 962 πατριάρχην
2601 888 2679 952 ὡς
2733 889 2768 958 ἡ
2837 885 3096 944 πολιτεία
3149 889 3448 961 Ῥωμαῖων
3507 883 3638 960 ἄρα,
3691 884 3872 940 είκαῖ

2191 969 2450 1048 δυσσεϐῆ,
2509 973 2658 1031 ἀλλὰ
2714 995 2778 1052 γε
2841 975 3006 1051 μέγαν
3063 973 3374 1050 προστάτην
3401 971 3679 1030 ἀπώλεσε.
3713 973 3870 1048 Πρὸς

430 1076 817 1140 curatamque
888 1069 1209 1141 republican
1282 1068 1774 1141 gubernationem
1849 1083 2086 1123 summa

2199 1070 2276 1140 τῷ
2303 1065 2588 1141 ἐπιμελῶς
2630 1063 2688 1123 δὶ
2742 1068 2833 1123 καὶ
2863 1065 3157 1142 ἀγρύπνως
3211 1067 3280 1122 τὰ
3336 1063 3580 1140 δημόσια
3607 1061 3870 1134 διοικεῖν,

429 1158 546 1214 fuit
573 1159 635 1212 in
670 1175 738 1213 eo
770 1159 832 1212 in
859 1158 1184 1229 ﬂagitiosos
1215 1158 1534 1223 severitas;
1568 1157 1740 1228 cujus
1768 1157 1853 1212 rei
1886 1173 2084 1212 exem-

434 1247 600 1318 plum
617 1246 1228 1302 referam.Exeuntem
1250 1245 1571 1318 aliquando
1592 1245 1812 1318 palatio
1839 1245 2092 1302 accessit

2193 1157 2284 1212 καὶ
2337 1160 2458 1220 τοῖς
2515 1153 2764 1213 ἀδικοῦσι
2826 1154 2951 1212 λίαν
3007 1153 3414 1230 ἐπαχθέστατος
3466 1154 3556 1224 ἧν.
3607 1156 3697 1228 [Ρ.
3729 1153 3872 1226 491]

2195 1241 2426 1318 Ἐξιόντι
2478 1249 2607 1319 γοῦν
2663 1265 2798 1302 ποτε
2838 1249 2937 1302 τοῦ
2993 1243 3265 1301 παλατίου
3293 1248 3374 1316 τῷ
3423 1242 3647 1319 βασιλεῖ
3671 1262 3873 1318 προσ·-

437 1335 702 1408 quidam,
752 1353 1008 1407 querens
1059 1352 1226 1392 suam
1276 1335 1387 1390 sibi
1439 1353 1687 1392 uxorem
1735 1352 1769 1391 a
1817 1340 2088 1392 senatore

2199 1335 2288 1410 ῄει
2343 1356 2428 1398 τις
2483 1333 2730 1414 ἐγκαλῶν
2789 1335 2868 1400 ὡς
2929 1335 2994 1391 τὸ
3072 1336 3243 1391 αὐτοῦ
3297 1335 3518 1412 γύναιον
3577 1333 3864 1410 ’ἁρπαγείη

441 1425 700 1496 quodam
731 1430 982 1496 raptam,
1015 1423 1192 1494 idque
1222 1425 1452 1480 facinus
1485 1441 1546 1480 se
1582 1424 1654 1480 ad
1685 1424 1851 1479 urbis
1881 1423 2095 1496 praefe-

438 1519 598 1569 ctum
623 1513 1130 1585 detulisse,neque
1153 1519 1352 1569 tamen
1375 1530 1546 1568 suum
1571 1513 1663 1584 ius
1685 1519 2094 1576 consecutum.

439 1603 597 1658 860
631 1603 743 1657 Leo
775 1603 974 1658 statim
1007 1603 1318 1658 mandavit
1363 1607 1430 1657 ut
1476 1602 1750 1658 redeunti
1781 1602 1893 1656 sibi
1923 1602 2096 1656 siste-

443 1697 655 1746 rentur
701 1697 886 1759 actor,
940 1709 1080 1748 reus
1137 1699 1256 1748 tam
1303 1692 1520 1747 atrocis
1569 1691 1800 1763 ﬂagitii,
1829 1695 1889 1746 et
1933 1690 2100 1746 urbis

437 1781 764 1852 praefectus
827 1783 950 1846 Quo
1011 1782 1162 1837 facto
1221 1787 1484 1837 actorem
1541 1797 1875 1852 proponere
1933 1795 2098 1836 suam

2205 1424 2309 1480 ὑπό
2365 1445 2514 1486 τινος
2571 1428 2680 1480 τῶν
2752 1422 3159 1500 συγκλητικῶνο
3241 1444 3266 1474 σ
3326 1423 3488 1496 Ἐμοὶ
3565 1419 3644 1492 δὲ,
3707 1423 3874 1501 and,

2203 1512 2293 1568 καὶ
2350 1517 2431 1586 τῷ
2485 1511 2714 1589 ἐπάρχῳ
2761 1520 2864 1583 τῆς
2916 1512 3137 1576 πόλεως
3194 1511 3318 1588 περὶ
3373 1511 3578 1568 τούτου
3633 1509 3878 1588 ἐγκαλέ-

2205 1623 2354 1656 σαντι
2415 1599 2646 1675 οὐδεμία
2703 1599 3174 1673 ἐπηκολούθησεν,
3236 1599 3541 1672 ἐκδίκησις.
3577 1623 3607 1654 ιι
3647 1601 3716 1658 Ὁ
3739 1603 3878 1674 γοῦν

2210 1687 2469 1766 βασιλεὺς
2519 1689 2612 1744 τόν
2657 1689 2753 1745 τοῦ
2810 1685 3004 1766 ἀνδρὸς
3062 1687 3228 1764 λόγον
3296 1687 3608 1750 ἐνωτισθεὶς
3667 1686 3877 1750 εὐθέως

2210 1777 2532 1854 προσέταξεν
2633 1779 2711 1842 ὡς
2811 1779 3122 1854 παρασταίη
3227 1775 3502 1834 ἐπανιόντι
3569 1777 3729 1848 αύτῷ
3793 1776 3876 1840 εἰς

439 1886 683 1924 causam
708 1871 908 1941 jussit.
942 1870 1051 1935 Qui
1074 1888 1210 1926 cum
1237 1887 1364 1925 rem
1388 1870 1460 1926 ab
1485 1869 1654 1924 initio
1687 1869 1760 1925 ad
1793 1870 1972 1924 ﬁnem
2001 1886 2088 1924 us-

2213 1867 2504 1942 πρόσωπον
2573 1867 2602 1922 ὁ
2667 1865 3068 1944 ἐγκαλούμενος
3145 1863 3536 1964 συγκλητικος.
3598 1861 3751 1964 Ἵξδη
3813 1861 3874 1920 δὲ

442 1973 557 2028 quo
577 1959 969 2028 exposuisset,
996 1975 1131 2014 reus
1155 1959 1457 2014 convictus
1479 1957 2092 2030 probationibus,cum

441 2046 674 2102 nullum
706 2047 1005 2102 infitiandi
1037 2048 1304 2102 criminis
1325 2048 1524 2102 locum
1553 2047 1865 2117 inveniret,
1897 2047 2092 2103 scelus

441 2135 746 2206 professus
796 2141 905 2193 est.
955 2138 1026 2190 Et
1081 2135 1394 2208 praefectus
1423 2153 1662 2192 causam
1695 2137 2093 2208 interrogatus

441 2241 552 2279 cur
598 2225 886 2296 ﬂagitium
937 2225 1112 2298 digna
1161 2241 1333 2297 paena
1362 2225 1522 2280 ultus
1554 2243 1671 2280 non
1709 2230 1886 2290 esset,
1920 2225 2092 2296 inops

441 2314 840 2368 excusationis
862 2314 1178 2370 obmutuit.
1199 2315 1366 2370 Hunc
1389 2331 1524 2386 ergo
1547 2315 1872 2387 imperator
1891 2315 2091 2370 statim

439 2417 688 2456 munere
715 2419 822 2457 suo
851 2402 1032 2466 exuit,
1059 2407 1116 2456 et
1135 2402 1472 2458 adulterum
1496 2420 1565 2458 ex
1596 2403 1824 2476 legibus
1845 2401 2096 2474 punien-

440 2493 584 2548 dum
616 2491 863 2548 dedidit.
897 2493 1256 2563 Plerumque
1312 2509 1602 2564 responsa
1642 2491 1822 2548 dabat
1849 2493 1910 2546 in
1941 2493 2092 2548 Lau-

440 2581 599 2636 siaco
633 2580 849 2636 sedens
879 2581 1158 2636 triclinio.
1212 2583 1400 2638 Duces
1447 2583 1836 2649 exercituum,
1868 2581 2092 2636 milites

438 2672 941 2743 magistratusque
972 2671 1113 2744 legit
1160 2673 1451 2744 optimum
1483 2688 1780 2744 quemque
1811 2676 1870 2727 et
1898 2687 1934 2726 a
1957 2687 2094 2728 mu-

435 2775 647 2816 nerum
675 2766 921 2832 captura
943 2761 1400 2832 alienissimum,
1427 2761 1695 2834 pecuniaa
1717 2765 2089 2834 contemptor

436 2851 562 2922 ipse
585 2867 874 2906 summus.
901 2851 1137 2906 Studuit
1159 2852 1336 2906 etiam
1368 2852 1524 2907 vocis
1551 2851 1880 2924 elegantias,
1899 2867 2088 2923 quan-

437 2957 616 3012 quam
649 2945 866 2996 natura
896 2940 968 2996 ad
1002 2957 1129 2996 eam
1154 2958 1280 2996 rem
1301 2941 1539 3013 ineptus
1572 2957 1602 2995 e
1632 2957 1668 2996 a
1696 2941 1924 2997 musica
1953 2957 2090 2996 con-

437 3029 722 3084 cinnitate
755 3029 1006 3085 alienus.
1043 3029 1392 3101 Solebatque
1445 3031 1571 3102 ipse
1612 3035 1854 3086 cautum
1887 3029 2090 3102 auspi-

438 3119 584 3184 curi,
607 3134 740 3172 cum
763 3118 823 3172 in
847 3119 947 3172 Dei
972 3117 1416 3174 laudationibus
1437 3119 1650 3190 psalmi
1681 3123 2086 3189 cantarentur,

437 3207 696 3260 maxime
725 3223 861 3262 cum
890 3207 1159 3262 natalitio
1193 3208 1406 3262 Christi
1454 3208 1605 3262 festo
1637 3224 1897 3262 canones
1927 3207 2085 3280 psal-

2206 1955 2296 2010 καὶ
2371 1954 2856 2034 ἐπαναζευγνύντος
2947 1960 3048 2012 τοῦ
3143 1953 3416 2030 βασιλέως
3514 1949 3874 2031 παρέστησαν

2204 2043 2436 2099 ἐνώπιον
2465 2045 2631 2100 αὐτοῦ
2682 2042 2715 2098 ὅ
2765 2065 2823 2098 τε
2871 2044 3060 2100 παθὼν
3113 2042 3203 2099 καὶ
3251 2044 3352 2113 τὴν
3382 2039 3668 2114 ἐκδίκησίν
3701 2041 3871 2113 ἐκζη-

2202 2139 2310 2189 τῶν
2368 2137 2458 2190 καὶ
2515 2135 2544 2189 ὁ
2603 2135 2666 2189 τὸ
2722 2131 2997 2211 ἐξάγιστον
3054 2129 3255 2208 δρασας
3302 2129 3460 2209 ἔργον
3509 2132 3604 2188 καὶ
3641 2131 3811 2194 αὐτὸς
3843 2131 3872 2187 6

2203 2217 2468 2298 ἔπαρχος,
2526 2223 2615 2277 καὶ
2671 2225 2770 2277 τοῦ
2831 2219 3102 2297 βασιλέως
3155 2219 3517 2284 κελεύσαντος
3571 2219 3758 2298 λέγειν
3786 2225 3870 2294 τῷ

2204 2306 2444 2386 δεομένῳ
2499 2311 2534 2366 ’ὰ
2583 2309 2860 2380 πεπόνθει,
2917 2311 2946 2366 ὁ
3006 2310 3101 2384 μὶν
3163 2307 3362 2384 διεξῄει
3410 2311 3480 2366 τὰ
3531 2310 3626 2366 ἀπ’
3677 2310 3868 2386 ἀρχῆς

2203 2398 2336 2476 ἄχρι
2385 2397 2600 2470 τέλους,
2651 2402 2681 2456 ὁ
2725 2397 2773 2454 δ’
2825 2397 3021 2475 ἔνογος
3065 2404 3148 2473 τῷ
3186 2398 3518 2476 ἐγκλήματι,
3551 2396 3752 2470 ἐπειδὴ
3787 2399 3868 2473 μὴ

2203 2489 2327 2552 οἶός
2373 2509 2434 2545 τε
2488 2490 2555 2559 ἦν
2613 2487 2740 2552 τοὺς
2795 2487 3062 2566 ἐλέγχους
3115 2485 3513 2565 διαδιδράσκειν
3565 2494 3694 2550 ταῖς
3733 2488 3873 2544 ἀπο-

2203 2574 2397 2648 δείξεσι
2488 2580 2749 2636 πάντοθεν
2845 2575 3304 2652 συνειλημμένος,
3389 2574 3741 2653 ὡμολόγησε
3804 2575 3870 2632 τὸ

2204 2667 2642 2744 ἆνοσιούργημα.
2702 2667 3005 2745 Ἐρομένου
3057 2663 3117 2723 δὲ
3173 2670 3272 2723 τοῦ
3335 2663 3610 2743 βασιλέως
3648 2666 3870 2722 καὶτδν

2201 2749 2448 2832 ἔπαρχον
2501 2753 2594 2810 διὰ
2641 2755 2696 2812 τί
2745 2756 2822 2826 μὴ
2862 2757 3173 2831 πρέπουσαν
3226 2753 3506 2830 ἐπενέγκοι
3534 2757 3621 2827 τῷ
3649 2755 3870 2826 homi-

2206 2865 2336 2918 ματι
2385 2845 2486 2914 τήν
2539 2841 2842 2916 ἐκδίκησιν,
2901 2843 3018 2901 ἐπεὶ
3069 2845 3158 2901 καὶ
3215 2844 3372 2906 οὗτος
3426 2843 3576 2907 ένεὸς
3621 2841 3870 2920 ἐγεγόνει

2199 2935 2337 3009 πρὸς
2421 2934 2521 3004 τὴν
2583 2933 2915 3012 ἀπολογίαν,
2997 2937 3158 2989 τοῦον
3227 2934 3322 3006 μὶν
3387 2931 3685 3006 μετέστησε
3762 2939 3870 3004 τῆς

2199 3023 2400 3098 ἀρχῆς,
2451 3023 2543 3078 τὸν
2603 3021 2662 3078 δὶ
2721 3024 2920 3098 μοιχὸν
2979 3027 3098 3084 ταῖς
3153 3025 3251 3078 τοῦ
3287 3021 3461 3096 νόμου
3491 3018 3862 3097 παραδέδωκε

2197 3113 2511 3185 τιμωρίαις.
2579 3111 2956 3188 Ἐχρημάτιζε
3021 3109 3079 3167 δὲ
3135 3111 3204 3167 τὰ
3261 3107 3442 3168 πλείω
3511 3110 3605 3165 καὶ
3660 3109 3720 3165 ἐν
3780 3115 3865 3184 τῷ

2198 3207 2486 3276 Λαυσιακῷ
2555 3205 2865 3278 καθήμενος
2948 3199 3238 3279 τρικλίνῳ,
3327 3195 3712 3278 προεϐάλλετό
3793 3222 3854 3258 τε

435 3293 752 3349 lebantur:
795 3299 937 3350 tunc
995 3296 1152 3349 enim
1208 3296 1521 3366 grandiore
1579 3313 1647 3351 ac
1703 3297 1916 3368 agresti
1947 3311 2086 3351 voce

2199 3292 2533 3369 στρατηγοὺς
2570 3292 2666 3348 καὶ
2715 3293 3048 3368 στρατιώτας
3093 3292 3184 3346 καὶ
3228 3289 3500 3368 ἄρχοντας
3545 3295 3659 3346 τῶν
3698 3291 3859 3365 agn-

435 3399 676 3437 carmen
723 3383 1050 3438 intonabat.
1103 3384 1425 3454 Risumque
1473 3384 1845 3439 auditoribus
1884 3385 2084 3450 movit,

2196 3380 2530 3460 λογωτάτων
2581 3383 2672 3438 καὶ
2729 3379 3112 3458 ἀδωροτάτων,
3166 3381 3476 3458 χρημάτων
3538 3380 3862 3456 ὑπερόπτης

433 3485 568 3525 cum
603 3471 918 3541 septimam
951 3470 1124 3526 odam
1157 3471 1469 3542 inciperet,
1493 3472 1552 3525 in
1581 3471 1754 3542 cujus
1785 3478 1974 3528 tractu
1998 3479 2088 3529 est

2199 3466 2268 3524 ὥν
2319 3469 2410 3526 καὶ
2466 3470 2628 3534 αὐτὸς
2686 3465 3092 3545 ἀκριϐέστατος.
3152 3469 3573 3550 Ἐφιλοτιμεῖτο
3646 3465 3706 3524 δέ
3767 3469 3861 3524 καὶ

432 3560 562 3626 hoc,
595 3579 623 3606 ‹‹
659 3559 938 3630 Sprevere
990 3559 1205 3614 summi
1239 3565 1450 3615 cuncta
1479 3576 1680 3614 amore
1713 3561 2018 3632 principis,
2055 3584 2084 3612 η

2199 3559 2316 3634 περὶ
2344 3560 2442 3628 τὴν
2501 3559 2696 3616 ἑαυτοῦ
2753 3561 2964 3635 φωνὴν,
3023 3556 3294 3634 εὔρυθμός
3341 3579 3428 3622 τις
3469 3559 3609 3615 εἶναι
3645 3557 3854 3635 βουλό-

431 3665 569 3702 cum
599 3640 727 3718 ipse
756 3653 982 3703 metum
1009 3648 1152 3702 861
1188 3649 1286 3702 Dei
1311 3647 1596 3717 abjiceret
1625 3653 1684 3704 et
1715 3648 2084 3706 diabolorum

2199 3669 2378 3722 μενος,
2453 3649 2498 3704 εἰ
2583 3649 2675 3705 καὶ
2761 3651 2839 3723 μή
2887 3650 2988 3718 τήν
3071 3649 3228 3728 φύσιν
3289 3647 3622 3721 συνᾴδουσαν
3679 3648 3853 3724 εἶχεν.

431 3737 491 3791 in
526 3742 724 3808 partes
755 3737 1108 3793 concederet
1149 3737 1676 3793 venerandissimis
1724 3739 2083 3811 imaginibus

2199 3735 2466 3813 ἔρρυθμος
2525 3737 2629 3814 γὰρ
2683 3739 2752 3808 ἦν
2809 3737 2900 3794 καὶ
2976 3738 3114 3812 πρὸς
3169 3739 3238 3793 τὰ
3292 3735 3346 3792 ἐν
3403 3735 3642 3812 ἁρμονίᾳ
3702 3736 3852 3810 μέλη

430 3825 931 3897 tollendis.Atque
949 3826 1062 3882 hoc
1080 3826 1247 3881 modo
1265 3827 1750 3898 resimperatoris
1763 3827 2080 3882 habebant.

2199 3823 2583 3896 ἆνεπιτήδειος.
2669 3826 2866 3885 Εἰώθει
2940 3827 3042 3904 γὰρ
3113 3829 3213 3882 κὰν
3285 3831 3405 3888 ταῖς
3493 3823 3852 3901 ψαλμῳδίαις

432 3910 681 3989 ἐξάρχειν
737 3917 844 3966 τῶν
894 3911 1082 3981 αἲνων,
1143 3913 1232 3967 καὶ
1295 3911 1508 3986 μᾶλλον
1567 3913 1655 3968 ὅτε
1707 3912 1759 3967 ἐν
1821 3917 1889 3988 τῇ
1936 3918 2038 3968 τοῦ
2092 3918 2336 3992 Χριστοῦ
2393 3917 2647 3986 Γεννήσει
2704 3917 2758 3972 οἱ
2819 3923 2922 3987 τῆς
2977 3915 3173 3990 ἐορτῆς
3227 3915 3450 3978 κανόνες
3509 3914 3849 3990 ἐψάλλοντο·

429 3997 628 4074 ἐξῆρχε
658 4001 760 4074 γὰρ
792 4004 898 4055 τῶν
929 3999 1086 4073 ᾠδῶν
1138 4001 1417 4077 τορωτέρᾳ
1470 4001 1560 4057 καὶ
1617 4002 1781 4077 ἀγρίᾳ
1840 4006 2018 4080 φωνῇ,
2085 4005 2178 4059 καί
2244 4003 2335 4059 ὅτε
2401 4010 2502 4074 τῆς
2571 4008 2614 4074 ζ’
2681 4001 2832 4077 ᾠδῆς
2894 4007 3208 4080 κατήρχετο
3245 4002 3343 4060 τοῦ
3375 4002 3574 4078 εἶρμοῢ
3603 4005 3721 4078 (56)
3750 4007 3850 4060 τοῦ

429 4085 706 4162 λέγοντος.
741 4113 768 4140 ‹‹
801 4093 889 4162 Τῷ
918 4090 1278 4152 παντάνακτος
1329 4089 1678 4168 ἐξεφαύλισαν
1737 4091 1913 4164 πόθῳ,
1947 4115 1976 4144 ››
2028 4097 2093 4172 ᾮ
2153 4093 2219 4161 δὴ
2279 4092 2369 4147 καὶ
2400 4093 2618 4168 γέλωτα
2649 4092 2962 4172 ὠφλίσκανε
2990 4093 3136 4169 παρὰ
3161 4097 3278 4156 τοῖς
3307 4093 3595 4160 ἀκούουσι,
3619 4093 3716 4148 τὸν
3746 4096 3850 4148 τοῦ

427 4181 561 4231 Θεοῦ
592 4172 761 4255 φόϐον
793 4177 1122 4255 ἐκραυλίσας
1153 4179 1241 4234 καὶ
1275 4183 1344 4253 τῇ
1375 4185 1482 4234 τῶν
1519 4177 1792 4253 δαιμόνων
1857 4177 2041 4256 μερίδι
2099 4178 2469 4258 προσθέμενος
2531 4179 2622 4237 διὰ
2665 4188 2765 4254 τῆς
2795 4185 2904 4238 τῶν
2933 4181 3253 4238 πανσέπτων
3285 4180 3514 4236 εἰκόνων
3546 4179 3850 4257 ἀρνήσεως.

428 4265 531 4323 Καὶ
560 4267 628 4320 τὰ
659 4267 752 4338 μὲν
785 4271 882 4322 τοῦ
919 4266 1189 4342 βασιλέως
1221 4267 1274 4322 ἐν
1305 4267 1542 4332 τούτοις.

496 4359 571 4411 At
597 4357 916 4412 Michaelus
962 4359 1329 4414 Amoriensis
1379 4376 1513 4414 cum
1558 4375 1794 4431 semper
1822 4359 1896 4415 ad
1927 4360 2082 4415 ulte-

2259 4358 2492 4434 Μιχαὴλ
2547 4357 2606 4415 δὲ
2662 4362 2690 4417 ὁ
2741 4358 2792 4432 ἒξ
2853 4360 3136 4437 ’Λμωρίου
3201 4359 3280 4415 ἀεὶ
3351 4363 3470 4422 τοῖς
3537 4354 3844 4434 ἔμπροσθεν

424 4445 584 4500 riora
631 4462 698 4500 ac
756 4447 984 4518 majora
1040 4453 1330 4520 pergeret,
1389 4447 1718 4518 majestatis
1745 4454 2076 4518 accusatus,

2199 4448 2651 4522 ἐπεκτεινόμενος,
2691 4449 2781 4506 ἐπὶ
2835 4451 2898 4506 τὸ
2958 4454 3142 4525 μεῖζον
3199 4443 3535 4524 προϐαίνων,
3570 4444 3841 4520 διαϐολήν

427 4550 561 4588 cum
594 4550 656 4588 se
689 4534 1011 4590 difﬁculter
1032 4535 1350 4590 admodum
1377 4543 1703 4610 purgasset,
1725 4537 1797 4593 ab
1829 4537 2082 4611 impera-

2199 4531 2317 4614 ἔσχε
2345 4539 2724 4602 κατοσιώσεως
2783 4540 2919 4616 (57)⁶
2981 4537 3040 4602 ὅς
3099 4537 3302 4610 ταύτην
3336 4536 3383 4594 εἰ
3412 4537 3504 4593 καὶ
3535 4535 3844 4618 δυσχερῶς,

425 4628 550 4677 tore
581 4623 800 4677 missus
857 4629 946 4678 est
995 4631 1063 4679 ut
1109 4625 1425 4697 disciplina
1475 4627 1750 4683 ordinum
1783 4630 2076 4686 exercitus

2199 4625 2340 4700 ῗμως
2425 4627 2850 4704 ἀποσεισάμενος
2943 4629 3278 4704 ἐκπέμπεται
3352 4627 3499 4704 παρὰ
3568 4627 3844 4704 βασιλέως

423 4711 782 4766 institueret.
816 4711 948 4766 Fuit
989 4712 1038 4766 is
1091 4714 1266 4768 homo
1302 4731 1422 4769 non
1453 4716 1682 4771 caeteris
1713 4717 1890 4772 modo
1918 4717 2076 4772 vitiis

2199 4718 2411 4774 τακτικᾶ
2468 4715 2738 4775 διδάσκειν
2795 4721 2886 4776 τὸν
2943 4719 3048 4776 ὕπὸ
3105 4724 3268 4797 χεῖρα
3327 4718 3486 4775 λαόν.
3539 4719 3640 4776 Ἦν
3701 4716 3760 4774 δὲ
3812 4718 3840 4772 ό

423 4801 799 4870 depravatus,
830 4799 933 4854 sed
987 4809 1046 4854 et
1090 4801 1352 4874 linguam
1399 4803 1605 4858 habuit
1637 4806 1942 4872 effrenem,
1976 4821 2071 4861 ar-

2199 4803 2418 4885 Μιχαὴλ
2474 4805 2536 4862 οὐ
2592 4813 2713 4872 ταῖς
2761 4806 2960 4872 ἄλλαις
3017 4809 3216 4872 πάσαις
3271 4805 3486 4869 κακίαις
3537 4803 3842 4882 ἐπιῤῥεπῆς

421 4905 572 4945 cana
601 4887 796 4943 cordis
827 4888 1154 4944 identidem
1187 4890 1464 4946 eﬂutiens
1485 4897 1544 4946 et
1561 4891 1717 4962 quod
1741 4893 1802 4948 in
1823 4893 2072 4950 buccam

2199 4895 2375 4969 μόνον,
2411 4893 2540 4951 ἀλλ’
2577 4895 2748 4952 ἐνόσει
2804 4897 2895 4954 καὶ
2951 4896 3213 4976 γλώσσης
3269 4893 3596 4965 ἀκολασίαν,
3651 4895 3840 4951 καὶτὰ

1600 5009 1970 5065 XYLANDRI
2003 5012 2091 5066 ET
2129 5011 2346 5068 GOARI
2383 5012 2605 5070 NOTE.

492 5105 603 5186 £56)
634 5105 894 5186 {labetur
936 5107 1158 5186 ιιέιφιιξξ
1207 5103 1308 5158 ille
1349 5103 1581 5186 iambis.
1613 5108 2070 5186 φοξξιρρεὶιιιεάίι
2181 5111 2379 5186 391012
2407 5111 2854 5186 anubisslitatem
2911 5113 3008 5166 τοῦ
3060 5110 3253 5186 simi-
3307 5107 3839 5186 ιῗονιεὲεξίεὲίδίυίί

419 5178 614 5232 ofﬁcio
652 5177 912 5262 Laudum
939 5177 1390 5262 matutinamm,
1412 5177 1507 5262 die
1538 5177 2071 5262 NatalitiisChristi
2179 5177 2819 5262 Theodosiam'Leone,
2843 5200 3027 5262 cagso_
3044 5181 3285 5262 ducere.
3318 5179 3835 5262 Quod‘delinguaa

415 5258 780 5327 consecrato.
817 5250 896 5302 De
931 5247 1123 5327 εἱρμοῦ
1175 5248 2072 5327 signiﬁcationeecclesiastico-
2180 5255 2386 5327 morbo
2419 5255 2582 5324 dicit,
2613 5255 2826 5310 alludit
2856 5254 2930 5310 ad
2985 5255 3296 5327 Tantalum
3343 5247 3837 5327 OrestiSEQﬁPi‘

413 5336 544 5398 rum
575 5322 796 5398 rituum
831 5323 1195 5391 expositores
1217 5319 1530 5386 Arcudius,
1553 5319 1826 5390 Alla‘tius,
1846 5324 2071 5380 Eucho-
2177 5325 2292 5380 dei.
2329 5329 2459 5398 Mox
2480 5319 2582 5382 ubi
2603 5327 2882 5398 scribitur
2901 5325 3197 5398 quomodo
3225 5323 3560 5398 Theodosia
3583 5319 3836 5398 Balbum

417 5389 660 5457 logium.
697 5395 871 5448 Gom.
906 5389 923 5391 ἡ
1422 5463 1456 5474 η
1647 5463 1657 5474 Ι
1815 5389 1820 5390 ί
2177 5397 2470 5470 supplicio
2494 5399 2624 5470 jam
2655 5389 2990 5455 imminenti
3023 5397 3327 5469 eripuerit,
3350 5397 3413 5452 in
3443 5395 3714 5489 margine
3743 5399 3835 5448 est

486 5462 599 5489 [τεν-ιι
630 5464 790 5489 ΛηΑηΙ
825 5462 1171 5489 -.ηηηιηηηηι
1237 5479 1302 5489 Α-
1363 5463 1488 5489 ηἰηη
1545 5461 1690 5489 1η-.-
1754 5467 2062 5489 ..--.--1ιε-
2177 5482 2285 5489 -__
2310 5475 2516 5489 _4_._____
2554 5487 2561 5489 Α
2597 5470 2684 5489 an,
2839 5469 2863 5489 γ
2969 5488 2980 5489 γ
3005 5467 3020 5489 σ
3085 5464 3257 5489 κλμ-.
3298 5463 3522 5489 μημβ--
3553 5485 3583 5489 _
3620 5487 3644 5489 η
3679 5463 3810 5489 ο-λ-.

478 5462 599 5586 357)
630 5464 795 5528 Quod
825 5462 1176 5517 vocabulum
1235 5479 1303 5518 ex
1360 5463 1492 5517 aliis
1545 5461 1694 5518 locis
1753 5467 2065 5536 permultis

415 5530 496 5616 di.
519 5532 592 5615 ici
621 5533 1098 5616 .sive‘majestatis
1125 5534 1244 5590 sive
1275 5533 1456 5616 etiam
1487 5539 1847 5616 s-tructarum
1879 5539 2066 5616 impe-

2199 5461 2564 5526 thotatutﬁ:
2597 5470 2734 5544 Ὅρα
2784 5469 2902 5531 πῶς
2962 5467 3028 5522 οὐ
3085 5461 3262 5522 λέίπει
3292 5461 3524 5540 μέθοδος
3551 5461 3647 5519 τὶν
3677 5463 3832 5530 Θεὸν,

2199 5538 2264 5594 ἴτε
2312 5537 2597 5616 βούλεται-
2625 5545 3097 5616 συντηρεῖν-τινα.
3156 5541 3274 5616 Est_
3310 5555 3454 5616 sane
3482 5535 3830 5610 exemplum

411 5605 604 5688 rato‘ri.
619 5604 972 5688 insidiarum
994 5605 1220 5688 crimen
1242 5611 1470 5688 notare.
1495 5607 1564 5660 Et
1585 5606 1744 5688 (μιρά
1765 5607 1836 5662 de
1859 5604 2064 5668 uxoris

2199 5628 2285 5669 ioc
2312 5604 2700 5670 memorabile
2727 5604 3034 5688 περαδόξον
3065 5609 3363 5687 σωτηρίας.
3397 5610 3536 5666 ΧΠ..

411 5675 640 5748 nuptiis
671 5675 942 5746 sequitur
987 5677 1279 5732 minatum
1323 5675 1942 5748 Balbum,’obscurum
1973 5687 2064 5739 est
