  <div class='ocr_page' id='page_1' title='image "/cluster/home/n/w/nwhite01/storage/ocr_20150623/121/mdp.39015078384289/480.png"; bbox 0 0 4108 6300; ppageno 0'>
   <div class='ocr_carea' id='block_1_1' title="bbox 266 355 394 420">
    <p class='ocr_par' dir='ltr' id='par_1_1' title="bbox 266 355 394 420">
     <span class='ocr_line' id='line_1_1' title="bbox 266 355 394 420; baseline -0.016 0"><span class='ocrx_word' id='word_1_1' title='bbox 266 355 394 420; x_wconf 70' lang='grc'><strong>948</strong></span> 
     </span>
    </p>
   </div>
   <div class='ocr_carea' id='block_1_2' title="bbox 1398 359 2550 429">
    <p class='ocr_par' dir='ltr' id='par_1_2' title="bbox 1398 359 2550 429">
     <span class='ocr_line' id='line_1_2' title="bbox 1398 359 2550 429; baseline 0.003 -6"><span class='ocrx_word' id='word_1_2' title='bbox 1398 359 1946 425; x_wconf 76' lang='lat' dir='ltr'><strong>HISTORIARUM</strong></span> <span class='ocrx_word' id='word_1_3' title='bbox 1989 362 2550 429; x_wconf 79' lang='lat' dir='ltr'><strong>COMPENDIUM.</strong></span> 
     </span>
    </p>
   </div>
   <div class='ocr_carea' id='block_1_3' title="bbox 3570 369 3699 429">
    <p class='ocr_par' dir='ltr' id='par_1_3' title="bbox 3570 369 3699 429">
     <span class='ocr_line' id='line_1_3' title="bbox 3570 369 3699 429; baseline 0.008 -2"><span class='ocrx_word' id='word_1_4' title='bbox 3570 369 3699 429; x_wconf 74' lang='grc'><strong>946</strong></span> 
     </span>
    </p>
   </div>
   <div class='ocr_carea' id='block_1_4' title="bbox 272 484 1920 574">
    <p class='ocr_par' dir='ltr' id='par_1_4' title="bbox 272 484 1920 570">
     <span class='ocr_line' id='line_1_4' title="bbox 272 484 1920 570; baseline 0.003 -25"><span class='ocrx_word' id='word_1_5' title='bbox 272 484 429 545; x_wconf 65' lang='grc' dir='ltr'>ἔνδον</span> <span class='ocrx_word' id='word_1_6' title='bbox 461 494 562 561; x_wconf 87' lang='grc' dir='ltr'><strong>τῆς</strong></span> <span class='ocrx_word' id='word_1_7' title='bbox 593 486 820 565; x_wconf 77' lang='grc' dir='ltr'>καρδίας</span> <span class='ocrx_word' id='word_1_8' title='bbox 881 486 1222 568; x_wconf 76' lang='grc' dir='ltr'>έκφαυλίζειν</span> <span class='ocrx_word' id='word_1_9' title='bbox 1281 489 1576 567; x_wconf 88' lang='grc' dir='ltr'>δυναμενος</span> <span class='ocrx_word' id='word_1_10' title='bbox 1635 495 1920 570; x_wconf 80' lang='grc' dir='ltr'><strong>μυστήρια.</strong></span> 
     </span>
    </p>
   </div>
   <div class='ocr_carea' id='block_1_5' title="bbox 2027 484 3694 574">
    <p class='ocr_par' dir='ltr' id='par_1_5' title="bbox 2044 496 3694 574">
     <span class='ocr_line' id='line_1_5' title="bbox 2044 496 3694 574; baseline 0.004 -24"><span class='ocrx_word' id='word_1_11' title='bbox 2044 496 2276 553; x_wconf 79' lang='lat' dir='ltr'><strong>veniret</strong></span> <span class='ocrx_word' id='word_1_12' title='bbox 2302 501 2632 570; x_wconf 88' lang='lat' dir='ltr'><strong>proferens.</strong></span> <span class='ocrx_word' id='word_1_13' title='bbox 2666 501 2753 556; x_wconf 90' lang='lat' dir='ltr'><strong>Ita</strong></span> <span class='ocrx_word' id='word_1_14' title='bbox 2791 506 2851 557; x_wconf 91' lang='lat' dir='ltr'><strong>et</strong></span> <span class='ocrx_word' id='word_1_15' title='bbox 2896 501 2969 557; x_wconf 93' lang='lat' dir='ltr'><strong>de</strong></span> <span class='ocrx_word' id='word_1_16' title='bbox 3018 502 3373 574; x_wconf 79' lang='lat' dir='ltr'><strong>imperatore</strong></span> <span class='ocrx_word' id='word_1_17' title='bbox 3424 500 3694 572; x_wconf 70' lang='lat' dir='ltr'><strong>quaedam</strong></span> 
     </span>
    </p>
   </div>
   <div class='ocr_carea' id='block_1_6' title="bbox 270 576 1927 664">
    <p class='ocr_par' dir='ltr' id='par_1_6' title="bbox 270 576 1927 664">
     <span class='ocr_line' id='line_1_6' title="bbox 270 576 1927 664; baseline 0.001 -27"><span class='ocrx_word' id='word_1_18' title='bbox 270 576 498 637; x_wconf 82' lang='grc' dir='ltr'>Ἐλᾶλει</span> <span class='ocrx_word' id='word_1_19' title='bbox 553 578 660 657; x_wconf 75' lang='grc' dir='ltr'>γὰρ</span> <span class='ocrx_word' id='word_1_20' title='bbox 724 583 830 635; x_wconf 81' lang='grc' dir='ltr'><strong>πᾶν</strong></span> <span class='ocrx_word' id='word_1_21' title='bbox 882 581 945 636; x_wconf 86' lang='grc' dir='ltr'>τὸ</span> <span class='ocrx_word' id='word_1_22' title='bbox 1013 582 1411 658; x_wconf 79' lang='grc' dir='ltr'><strong>παριστάμενον</strong></span> <span class='ocrx_word' id='word_1_23' title='bbox 1466 582 1541 645; x_wconf 80' lang='grc' dir='ltr'>εἷς</span> <span class='ocrx_word' id='word_1_24' title='bbox 1596 584 1927 664; x_wconf 76' lang='grc' dir='ltr'>τούμφανὶς,</span> 
     </span>
    </p>
   </div>
   <div class='ocr_carea' id='block_1_7' title="bbox 268 664 1928 749">
    <p class='ocr_par' dir='ltr' id='par_1_7' title="bbox 268 664 1928 749">
     <span class='ocr_line' id='line_1_7' title="bbox 268 664 1928 749; baseline 0.002 -25"><span class='ocrx_word' id='word_1_25' title='bbox 268 666 592 745; x_wconf 80' lang='grc' dir='ltr'>ἀπερῥίπτει</span> <span class='ocrx_word' id='word_1_26' title='bbox 626 664 685 723; x_wconf 72' lang='grc' dir='ltr'>δὲ</span> <span class='ocrx_word' id='word_1_27' title='bbox 712 668 804 723; x_wconf 84' lang='grc' dir='ltr'><strong>καὶ</strong></span> <span class='ocrx_word' id='word_1_28' title='bbox 853 670 972 724; x_wconf 88' lang='grc' dir='ltr'>κατ’</span> <span class='ocrx_word' id='word_1_29' title='bbox 1030 670 1197 726; x_wconf 72' lang='grc' dir='ltr'>αὐτοῦ</span> <span class='ocrx_word' id='word_1_30' title='bbox 1248 674 1345 727; x_wconf 89' lang='grc' dir='ltr'><strong>τοῦ</strong></span> <span class='ocrx_word' id='word_1_31' title='bbox 1406 670 1676 746; x_wconf 88' lang='grc' dir='ltr'>βασιλέως</span> <span class='ocrx_word' id='word_1_32' title='bbox 1731 671 1928 749; x_wconf 85' lang='grc' dir='ltr'>λόγους</span> 
     </span>
    </p>
   </div>
   <div class='ocr_carea' id='block_1_8' title="bbox 262 755 1927 836">
    <p class='ocr_par' dir='ltr' id='par_1_8' title="bbox 262 755 1927 836">
     <span class='ocr_line' id='line_1_8' title="bbox 262 755 1927 836; baseline 0.002 -23"><span class='ocrx_word' id='word_1_33' title='bbox 262 756 370 813; x_wconf 81' lang='grc' dir='ltr'>οὐκ</span> <span class='ocrx_word' id='word_1_34' title='bbox 419 757 735 832; x_wconf 72' lang='grc' dir='ltr'><strong>εὐπρεπεῖς,</strong></span> <span class='ocrx_word' id='word_1_35' title='bbox 793 755 1043 814; x_wconf 81' lang='grc' dir='ltr'>ἀπειλῶν</span> <span class='ocrx_word' id='word_1_36' title='bbox 1128 760 1279 832; x_wconf 75' lang='grc' dir='ltr'>αὐτῷ</span> <span class='ocrx_word' id='word_1_37' title='bbox 1354 781 1413 815; x_wconf 90' lang='grc' dir='ltr'><strong>τε</strong></span> <span class='ocrx_word' id='word_1_38' title='bbox 1467 761 1775 836; x_wconf 79' lang='grc' dir='ltr'>καθαίρεσιν</span> <span class='ocrx_word' id='word_1_39' title='bbox 1826 765 1927 831; x_wconf 78' lang='grc' dir='ltr'><strong>τῆς</strong></span> 
     </span>
    </p>
   </div>
   <div class='ocr_carea' id='block_1_9' title="bbox 267 845 1926 927">
    <p class='ocr_par' dir='ltr' id='par_1_9' title="bbox 267 845 1926 927">
     <span class='ocr_line' id='line_1_9' title="bbox 267 845 1926 927; baseline 0.001 -25"><span class='ocrx_word' id='word_1_40' title='bbox 267 845 558 922; x_wconf 75' lang='grc' dir='ltr'>βασιλείας</span> <span class='ocrx_word' id='word_1_41' title='bbox 611 846 705 901; x_wconf 76' lang='grc' dir='ltr'><strong>καὶ</strong></span> <span class='ocrx_word' id='word_1_42' title='bbox 758 850 828 921; x_wconf 80' lang='grc' dir='ltr'><strong>τῇ</strong></span> <span class='ocrx_word' id='word_1_43' title='bbox 896 846 1060 903; x_wconf 77' lang='grc' dir='ltr'>αὐτοῦ</span> <span class='ocrx_word' id='word_1_44' title='bbox 1140 849 1361 927; x_wconf 83' lang='grc' dir='ltr'>συζύγῳ</span> <span class='ocrx_word' id='word_1_45' title='bbox 1429 849 1605 927; x_wconf 82' lang='grc' dir='ltr'>γάμον</span> <span class='ocrx_word' id='word_1_46' title='bbox 1676 850 1926 906; x_wconf 77' lang='grc' dir='ltr'><strong>ἐπισείων</strong></span> 
     </span>
    </p>
   </div>
   <div class='ocr_carea' id='block_1_10' title="bbox 261 934 1925 1015">
    <p class='ocr_par' dir='ltr' id='par_1_10' title="bbox 261 934 1925 1015">
     <span class='ocr_line' id='line_1_10' title="bbox 261 934 1925 1015; baseline 0.002 -24"><span class='ocrx_word' id='word_1_47' title='bbox 261 934 501 992; x_wconf 76' lang='grc' dir='ltr'>ἀνόσιον.</span> <span class='ocrx_word' id='word_1_48' title='bbox 571 935 748 1011; x_wconf 81' lang='grc' dir='ltr'>Ἀπερ</span> <span class='ocrx_word' id='word_1_49' title='bbox 806 935 834 991; x_wconf 84' lang='grc' dir='ltr'><strong>ὁ</strong></span> <span class='ocrx_word' id='word_1_50' title='bbox 901 935 1169 1012; x_wconf 76' lang='grc' dir='ltr'>βασιλεὺς</span> <span class='ocrx_word' id='word_1_51' title='bbox 1252 938 1647 1013; x_wconf 86' lang='grc' dir='ltr'>πυνθανόμενος</span> <span class='ocrx_word' id='word_1_52' title='bbox 1708 944 1925 1015; x_wconf 80' lang='grc' dir='ltr'>πρῶτον</span> 
     </span>
    </p>
   </div>
   <div class='ocr_carea' id='block_1_11' title="bbox 271 1023 1923 1103">
    <p class='ocr_par' dir='ltr' id='par_1_11' title="bbox 271 1023 1923 1103">
     <span class='ocr_line' id='line_1_11' title="bbox 271 1023 1923 1103; baseline 0.002 -23"><span class='ocrx_word' id='word_1_53' title='bbox 271 1026 374 1100; x_wconf 77' lang='grc' dir='ltr'>μὶν</span> <span class='ocrx_word' id='word_1_54' title='bbox 431 1023 767 1101; x_wconf 77' lang='grc' dir='ltr'>εὐμηχάνως</span> <span class='ocrx_word' id='word_1_55' title='bbox 826 1023 1080 1102; x_wconf 72' lang='grc' dir='ltr'>έπειρᾶτο</span> <span class='ocrx_word' id='word_1_56' title='bbox 1162 1028 1759 1103; x_wconf 83' lang='grc' dir='ltr'>παραπρυσποιούμενο</span> <span class='ocrx_word' id='word_1_57' title='bbox 1823 1030 1923 1100; x_wconf 78' lang='grc' dir='ltr'><strong>τήν</strong></span> 
     </span>
    </p>
   </div>
   <div class='ocr_carea' id='block_1_12' title="bbox 264 1111 1925 1194">
    <p class='ocr_par' dir='ltr' id='par_1_12' title="bbox 264 1111 1925 1194">
     <span class='ocr_line' id='line_1_12' title="bbox 264 1111 1925 1194; baseline 0.003 -27"><span class='ocrx_word' id='word_1_58' title='bbox 264 1116 491 1190; x_wconf 86' lang='grc' dir='ltr'>γνῶσιν,</span> <span class='ocrx_word' id='word_1_59' title='bbox 551 1111 867 1183; x_wconf 75' lang='grc' dir='ltr'>ἀποστῆσαι</span> <span class='ocrx_word' id='word_1_60' title='bbox 921 1118 1117 1170; x_wconf 89' lang='grc' dir='ltr'>τοῦτον</span> <span class='ocrx_word' id='word_1_61' title='bbox 1171 1123 1272 1185; x_wconf 87' lang='grc' dir='ltr'><strong>τῆς</strong></span> <span class='ocrx_word' id='word_1_62' title='bbox 1332 1115 1777 1194; x_wconf 85' lang='grc' dir='ltr'>ἀθυρογλωσσίας</span> <span class='ocrx_word' id='word_1_63' title='bbox 1833 1118 1925 1174; x_wconf 78' lang='grc' dir='ltr'><strong>καὶ</strong></span> 
     </span>
    </p>
   </div>
   <div class='ocr_carea' id='block_1_13' title="bbox 265 1202 1925 1283">
    <p class='ocr_par' dir='ltr' id='par_1_13' title="bbox 265 1202 1925 1283">
     <span class='ocr_line' id='line_1_13' title="bbox 265 1202 1925 1283; baseline 0.005 -27"><span class='ocrx_word' id='word_1_64' title='bbox 265 1206 380 1257; x_wconf 89' lang='grc' dir='ltr'><strong>τῶν</strong></span> <span class='ocrx_word' id='word_1_65' title='bbox 461 1205 642 1257; x_wconf 81' lang='grc' dir='ltr'>κακῶν</span> <span class='ocrx_word' id='word_1_66' title='bbox 731 1202 1133 1277; x_wconf 80' lang='grc' dir='ltr'><strong>βουλευμάτων</strong></span> <span class='ocrx_word' id='word_1_67' title='bbox 1219 1202 1578 1281; x_wconf 87' lang='grc' dir='ltr'>βουλόμενος.</span> <span class='ocrx_word' id='word_1_68' title='bbox 1640 1209 1736 1282; x_wconf 92' lang='grc' dir='ltr'><strong>[Ρ.</strong></span> <span class='ocrx_word' id='word_1_69' title='bbox 1797 1210 1925 1283; x_wconf 74' lang='grc'><strong>492]</strong></span> 
     </span>
    </p>
   </div>
   <div class='ocr_carea' id='block_1_14' title="bbox 259 1289 1921 1373">
    <p class='ocr_par' dir='ltr' id='par_1_14' title="bbox 259 1289 1921 1373">
     <span class='ocr_line' id='line_1_14' title="bbox 259 1289 1921 1373; baseline 0.004 -26"><span class='ocrx_word' id='word_1_70' title='bbox 259 1289 548 1368; x_wconf 75' lang='grc' dir='ltr'>ᾞδειγὰρ</span> <span class='ocrx_word' id='word_1_71' title='bbox 609 1292 776 1348; x_wconf 79' lang='grc' dir='ltr'>αὐτὸν</span> <span class='ocrx_word' id='word_1_72' title='bbox 823 1292 1084 1369; x_wconf 73' lang='grc' dir='ltr'>αἰσχίστῃ</span> <span class='ocrx_word' id='word_1_73' title='bbox 1141 1293 1288 1368; x_wconf 88' lang='grc' dir='ltr'>νόσῳ</span> <span class='ocrx_word' id='word_1_74' title='bbox 1339 1295 1630 1370; x_wconf 76' lang='grc' dir='ltr'>ἀκολάστῳ</span> <span class='ocrx_word' id='word_1_75' title='bbox 1691 1297 1921 1373; x_wconf 81' lang='grc' dir='ltr'>γλώσσῃ</span> 
     </span>
    </p>
   </div>
   <div class='ocr_carea' id='block_1_15' title="bbox 266 1377 1926 1458">
    <p class='ocr_par' dir='ltr' id='par_1_15' title="bbox 266 1377 1926 1458">
     <span class='ocr_line' id='line_1_15' title="bbox 266 1377 1926 1458; baseline 0.004 -22"><span class='ocrx_word' id='word_1_76' title='bbox 266 1377 623 1436; x_wconf 86' lang='grc' dir='ltr'>δουλεύοντα.</span> <span class='ocrx_word' id='word_1_77' title='bbox 679 1385 767 1445; x_wconf 85' lang='grc' dir='ltr'>Ὦς</span> <span class='ocrx_word' id='word_1_78' title='bbox 824 1378 884 1437; x_wconf 73' lang='grc' dir='ltr'>δὲ</span> <span class='ocrx_word' id='word_1_79' title='bbox 941 1383 1031 1438; x_wconf 83' lang='grc' dir='ltr'><strong>καὶ</strong></span> <span class='ocrx_word' id='word_1_80' title='bbox 1115 1383 1459 1458; x_wconf 78' lang='grc' dir='ltr'>παραινέσεσι</span> <span class='ocrx_word' id='word_1_81' title='bbox 1525 1386 1615 1441; x_wconf 83' lang='grc' dir='ltr'><strong>καὶ</strong></span> <span class='ocrx_word' id='word_1_82' title='bbox 1672 1385 1926 1452; x_wconf 86' lang='grc' dir='ltr'>ἀπειλαῖς</span> 
     </span>
    </p>
   </div>
   <div class='ocr_carea' id='block_1_16' title="bbox 260 1469 1924 1550">
    <p class='ocr_par' dir='ltr' id='par_1_16' title="bbox 260 1469 1924 1550">
     <span class='ocr_line' id='line_1_16' title="bbox 260 1469 1924 1550; baseline 0.004 -25"><span class='ocrx_word' id='word_1_83' title='bbox 260 1470 377 1541; x_wconf 77' lang='grc' dir='ltr'>ὃτιη</span> <span class='ocrx_word' id='word_1_84' title='bbox 436 1469 692 1546; x_wconf 81' lang='grc' dir='ltr'>παρείκοι</span> <span class='ocrx_word' id='word_1_85' title='bbox 753 1471 1049 1546; x_wconf 85' lang='grc' dir='ltr'>χρώμενος</span> <span class='ocrx_word' id='word_1_86' title='bbox 1131 1471 1285 1538; x_wconf 73' lang='grc' dir='ltr'>εὒθὺς</span> <span class='ocrx_word' id='word_1_87' title='bbox 1372 1475 1470 1548; x_wconf 75' lang='grc' dir='ltr'>μὶν</span> <span class='ocrx_word' id='word_1_88' title='bbox 1533 1474 1924 1550; x_wconf 74' lang='grc' dir='ltr'>ἑξαρνούμενον</span> 
     </span>
    </p>
   </div>
   <div class='ocr_carea' id='block_1_17' title="bbox 263 1556 1924 1639">
    <p class='ocr_par' dir='ltr' id='par_1_17' title="bbox 263 1556 1924 1639">
     <span class='ocr_line' id='line_1_17' title="bbox 263 1556 1924 1639; baseline 0.003 -25"><span class='ocrx_word' id='word_1_89' title='bbox 263 1556 482 1634; x_wconf 72' lang='grc' dir='ltr'>εὕρισκε</span> <span class='ocrx_word' id='word_1_90' title='bbox 533 1559 600 1615; x_wconf 84' lang='grc' dir='ltr'><strong>τὰ</strong></span> <span class='ocrx_word' id='word_1_91' title='bbox 655 1558 947 1634; x_wconf 87' lang='grc' dir='ltr'>λεγόμενα,</span> <span class='ocrx_word' id='word_1_92' title='bbox 997 1557 1180 1624; x_wconf 88' lang='grc' dir='ltr'>ἀδείας</span> <span class='ocrx_word' id='word_1_93' title='bbox 1239 1558 1295 1617; x_wconf 70' lang='grc' dir='ltr'>δὲ</span> <span class='ocrx_word' id='word_1_94' title='bbox 1351 1561 1516 1619; x_wconf 86' lang='grc' dir='ltr'>πάλιν</span> <span class='ocrx_word' id='word_1_95' title='bbox 1581 1564 1924 1639; x_wconf 76' lang='grc' dir='ltr'>τετυχηκότα</span> 
     </span>
    </p>
   </div>
   <div class='ocr_carea' id='block_1_18' title="bbox 261 1647 1923 1730">
    <p class='ocr_par' dir='ltr' id='par_1_18' title="bbox 261 1647 1923 1730">
     <span class='ocr_line' id='line_1_18' title="bbox 261 1647 1923 1730; baseline 0.004 -28"><span class='ocrx_word' id='word_1_96' title='bbox 261 1650 376 1702; x_wconf 85' lang='grc' dir='ltr'><strong>τῶν</strong></span> <span class='ocrx_word' id='word_1_97' title='bbox 406 1647 541 1703; x_wconf 83' lang='grc' dir='ltr'><strong>κατά</strong></span> <span class='ocrx_word' id='word_1_98' title='bbox 590 1648 794 1703; x_wconf 86' lang='grc' dir='ltr'>σκοπὸν</span> <span class='ocrx_word' id='word_1_99' title='bbox 851 1649 929 1722; x_wconf 85' lang='grc' dir='ltr'>μή</span> <span class='ocrx_word' id='word_1_100' title='bbox 985 1649 1369 1727; x_wconf 78' lang='grc' dir='ltr'>ἀφιστάμενον,</span> <span class='ocrx_word' id='word_1_101' title='bbox 1427 1650 1716 1730; x_wconf 78' lang='grc' dir='ltr'>ἐπαφίησιν</span> <span class='ocrx_word' id='word_1_102' title='bbox 1775 1653 1923 1727; x_wconf 80' lang='grc' dir='ltr'><strong>αὐτῷ</strong></span> 
     </span>
    </p>
   </div>
   <div class='ocr_carea' id='block_1_19' title="bbox 266 1734 1923 1810">
    <p class='ocr_par' dir='ltr' id='par_1_19' title="bbox 266 1734 1923 1810">
     <span class='ocr_line' id='line_1_19' title="bbox 266 1734 1923 1810; baseline 0.004 -19"><span class='ocrx_word' id='word_1_103' title='bbox 266 1734 510 1799; x_wconf 77' lang='grc' dir='ltr'>σκοποὺς</span> <span class='ocrx_word' id='word_1_104' title='bbox 567 1736 657 1792; x_wconf 83' lang='grc' dir='ltr'><strong>καὶ</strong></span> <span class='ocrx_word' id='word_1_105' title='bbox 711 1734 1054 1801; x_wconf 60' lang='grc' dir='ltr'>ὠτακουστὰς</span> <span class='ocrx_word' id='word_1_106' title='bbox 1116 1735 1459 1810; x_wconf 79' lang='grc' dir='ltr'>λεληθότως,</span> <span class='ocrx_word' id='word_1_107' title='bbox 1532 1741 1724 1802; x_wconf 80' lang='grc' dir='ltr'>οἳτινες</span> <span class='ocrx_word' id='word_1_108' title='bbox 1778 1740 1923 1798; x_wconf 80' lang='grc' dir='ltr'>πολ-</span> 
     </span>
    </p>
   </div>
   <div class='ocr_carea' id='block_1_20' title="bbox 257 1820 1998 1933">
    <p class='ocr_par' dir='ltr' id='par_1_20' title="bbox 257 1820 1998 1933">
     <span class='ocr_line' id='line_1_20' title="bbox 257 1820 1998 1933; baseline 0.002 -53"><span class='ocrx_word' id='word_1_109' title='bbox 257 1820 425 1887; x_wconf 86' lang='grc' dir='ltr'>λάκις</span> <span class='ocrx_word' id='word_1_110' title='bbox 484 1823 537 1879; x_wconf 79' lang='grc' dir='ltr'><strong>έν</strong></span> <span class='ocrx_word' id='word_1_111' title='bbox 591 1823 854 1901; x_wconf 80' lang='grc' dir='ltr'>εὐωχίαις</span> <span class='ocrx_word' id='word_1_112' title='bbox 909 1827 1002 1881; x_wconf 84' lang='grc' dir='ltr'><strong>καὶ</strong></span> <span class='ocrx_word' id='word_1_113' title='bbox 1061 1824 1252 1900; x_wconf 88' lang='grc' dir='ltr'>μέθαις</span> <span class='ocrx_word' id='word_1_114' title='bbox 1301 1828 1757 1903; x_wconf 81' lang='grc' dir='ltr'>μετακινούμενον</span> <span class='ocrx_word' id='word_1_115' title='bbox 1812 1833 1919 1886; x_wconf 87' lang='grc' dir='ltr'><strong>τῶν</strong></span> <span class='ocrx_word' id='word_1_116' title='bbox 1949 1867 1998 1933; x_wconf 78' lang='grc' dir='ltr'><strong>Β</strong></span> 
     </span>
     <span class='ocr_line' id='line_1_21' title="bbox 405 1910 1693 1933; baseline 0.003 -2"><span class='ocrx_word' id='word_1_117' title='bbox 405 1917 436 1931; x_wconf 60' lang='grc'><strong><em>4</em></strong></span> <span class='ocrx_word' id='word_1_118' title='bbox 514 1914 528 1933; x_wconf 74' lang='grc' dir='ltr'><strong>ε</strong></span> <span class='ocrx_word' id='word_1_119' title='bbox 587 1913 605 1933; x_wconf 78' lang='lat'><strong><em>\</em></strong></span> <span class='ocrx_word' id='word_1_120' title='bbox 720 1917 749 1929; x_wconf 72' lang='lat'><strong>~</strong></span> <span class='ocrx_word' id='word_1_121' title='bbox 846 1912 872 1933; x_wconf 70' lang='grc' dir='ltr'><strong><em>Ἰ</em></strong></span> <span class='ocrx_word' id='word_1_122' title='bbox 1155 1913 1175 1933; x_wconf 58' lang='grc' dir='ltr'><strong>κ</strong></span> <span class='ocrx_word' id='word_1_123' title='bbox 1231 1910 1294 1933; x_wconf 72' lang='grc' dir='ltr'>ρο</span> <span class='ocrx_word' id='word_1_124' title='bbox 1530 1918 1545 1933; x_wconf 75' lang='lat'><strong><em>\</em></strong></span> <span class='ocrx_word' id='word_1_125' title='bbox 1670 1923 1693 1933; x_wconf 74' lang='grc' dir='ltr'><strong>-ι</strong></span> 
     </span>
    </p>
   </div>
   <div class='ocr_carea' id='block_1_21' title="bbox 262 1910 1920 1993">
    <p class='ocr_par' dir='ltr' id='par_1_21' title="bbox 262 1910 1920 1993">
     <span class='ocr_line' id='line_1_22' title="bbox 262 1910 1920 1993; baseline 0.003 -24"><span class='ocrx_word' id='word_1_126' title='bbox 262 1917 477 1993; x_wconf 74' lang='grc' dir='ltr'>φρενῶν</span> <span class='ocrx_word' id='word_1_127' title='bbox 508 1913 612 1969; x_wconf 84' lang='grc' dir='ltr'>ὑπὸ</span> <span class='ocrx_word' id='word_1_128' title='bbox 653 1917 753 1969; x_wconf 88' lang='grc' dir='ltr'><strong>τοῦ</strong></span> <span class='ocrx_word' id='word_1_129' title='bbox 810 1912 958 1970; x_wconf 79' lang='grc' dir='ltr'>οἷ’νου</span> <span class='ocrx_word' id='word_1_130' title='bbox 1016 1910 1418 1980; x_wconf 79' lang='grc' dir='ltr'>καταλαϐόντες</span> <span class='ocrx_word' id='word_1_131' title='bbox 1457 1918 1548 1973; x_wconf 80' lang='grc' dir='ltr'><strong>καὶ</strong></span> <span class='ocrx_word' id='word_1_132' title='bbox 1604 1923 1720 1980; x_wconf 88' lang='grc' dir='ltr'>τοῖς</span> <span class='ocrx_word' id='word_1_133' title='bbox 1777 1939 1920 1992; x_wconf 92' lang='grc' dir='ltr'>προ-</span> 
     </span>
    </p>
   </div>
   <div class='ocr_carea' id='block_1_22' title="bbox 252 2001 1920 2079">
    <p class='ocr_par' dir='ltr' id='par_1_22' title="bbox 252 2001 1920 2079">
     <span class='ocr_line' id='line_1_23' title="bbox 252 2001 1920 2079; baseline 0.002 -19"><span class='ocrx_word' id='word_1_134' title='bbox 252 2004 440 2079; x_wconf 80' lang='grc' dir='ltr'>τέροις</span> <span class='ocrx_word' id='word_1_135' title='bbox 523 2001 680 2076; x_wconf 89' lang='grc' dir='ltr'>μάλα</span> <span class='ocrx_word' id='word_1_136' title='bbox 758 2003 1061 2079; x_wconf 81' lang='grc' dir='ltr'>προθύμως</span> <span class='ocrx_word' id='word_1_137' title='bbox 1141 2003 1515 2079; x_wconf 78' lang='grc' dir='ltr'>ἐπιτιθέμενον</span> <span class='ocrx_word' id='word_1_138' title='bbox 1608 2005 1920 2079; x_wconf 86' lang='grc' dir='ltr'>κατάδηλον</span> 
     </span>
    </p>
   </div>
   <div class='ocr_carea' id='block_1_23' title="bbox 256 2090 1920 2169">
    <p class='ocr_par' dir='ltr' id='par_1_23' title="bbox 256 2090 1920 2169">
     <span class='ocr_line' id='line_1_24' title="bbox 256 2090 1920 2169; baseline 0.002 -22"><span class='ocrx_word' id='word_1_139' title='bbox 256 2094 494 2147; x_wconf 85' lang='grc' dir='ltr'>ποιοῦσι</span> <span class='ocrx_word' id='word_1_140' title='bbox 523 2095 603 2163; x_wconf 83' lang='grc' dir='ltr'><strong>τῷ</strong></span> <span class='ocrx_word' id='word_1_141' title='bbox 646 2090 882 2167; x_wconf 89' lang='grc' dir='ltr'>βασιλεῖ.</span> <span class='ocrx_word' id='word_1_142' title='bbox 940 2091 1189 2168; x_wconf 85' lang='grc' dir='ltr'>Ἐγένετο</span> <span class='ocrx_word' id='word_1_143' title='bbox 1234 2090 1293 2148; x_wconf 74' lang='grc' dir='ltr'>δὲ</span> <span class='ocrx_word' id='word_1_144' title='bbox 1341 2096 1630 2169; x_wconf 75' lang='grc' dir='ltr'>προσθήκη</span> <span class='ocrx_word' id='word_1_145' title='bbox 1689 2095 1920 2159; x_wconf 88' lang='grc' dir='ltr'>πίστεως</span> 
     </span>
    </p>
   </div>
   <div class='ocr_carea' id='block_1_24' title="bbox 259 2176 1916 2263">
    <p class='ocr_par' dir='ltr' id='par_1_24' title="bbox 259 2176 1916 2263">
     <span class='ocr_line' id='line_1_25' title="bbox 259 2176 1916 2263; baseline 0.004 -27"><span class='ocrx_word' id='word_1_146' title='bbox 259 2185 376 2236; x_wconf 83' lang='grc' dir='ltr'><strong>τῶν</strong></span> <span class='ocrx_word' id='word_1_147' title='bbox 432 2176 887 2256; x_wconf 79' lang='grc' dir='ltr'>διαϐαλλομένων</span> <span class='ocrx_word' id='word_1_148' title='bbox 926 2186 1006 2255; x_wconf 82' lang='grc' dir='ltr'><strong>τῷ</strong></span> <span class='ocrx_word' id='word_1_149' title='bbox 1062 2184 1297 2263; x_wconf 71' lang='grc' dir='ltr'>Μιχαὴλ</span> <span class='ocrx_word' id='word_1_150' title='bbox 1356 2185 1447 2239; x_wconf 74' lang='grc' dir='ltr'><strong>καὶ</strong></span> <span class='ocrx_word' id='word_1_151' title='bbox 1479 2187 1508 2241; x_wconf 82' lang='grc' dir='ltr'><strong>ὁ</strong></span> <span class='ocrx_word' id='word_1_152' title='bbox 1542 2183 1916 2259; x_wconf 75' lang='grc' dir='ltr'>Ἑξαϐούλιος,</span> 
     </span>
    </p>
   </div>
   <div class='ocr_carea' id='block_1_25' title="bbox 258 2269 1918 2351">
    <p class='ocr_par' dir='ltr' id='par_1_25' title="bbox 258 2269 1918 2351">
     <span class='ocr_line' id='line_1_26' title="bbox 258 2269 1918 2351; baseline 0.003 -25"><span class='ocrx_word' id='word_1_153' title='bbox 258 2269 403 2345; x_wconf 79' lang='grc' dir='ltr'>ἀνὴρ</span> <span class='ocrx_word' id='word_1_154' title='bbox 434 2271 710 2345; x_wconf 80' lang='grc' dir='ltr'>ορενήρης</span> <span class='ocrx_word' id='word_1_155' title='bbox 743 2271 833 2326; x_wconf 83' lang='grc' dir='ltr'><strong>καὶ</strong></span> <span class='ocrx_word' id='word_1_156' title='bbox 887 2273 1130 2343; x_wconf 75' lang='grc' dir='ltr'>συνήθης</span> <span class='ocrx_word' id='word_1_157' title='bbox 1176 2276 1255 2345; x_wconf 77' lang='grc' dir='ltr'><strong>τῷ</strong></span> <span class='ocrx_word' id='word_1_158' title='bbox 1303 2272 1542 2345; x_wconf 87' lang='grc' dir='ltr'>βασιλεῖ,</span> <span class='ocrx_word' id='word_1_159' title='bbox 1584 2276 1687 2331; x_wconf 79' lang='grc' dir='ltr'><strong>οὐκ</strong></span> <span class='ocrx_word' id='word_1_160' title='bbox 1736 2276 1918 2351; x_wconf 86' lang='grc' dir='ltr'>ἄγνω-</span> 
     </span>
    </p>
   </div>
   <div class='ocr_carea' id='block_1_26' title="bbox 263 2356 1912 2444">
    <p class='ocr_par' dir='ltr' id='par_1_26' title="bbox 263 2356 1912 2444">
     <span class='ocr_line' id='line_1_27' title="bbox 263 2356 1912 2444; baseline 0.002 -27"><span class='ocrx_word' id='word_1_161' title='bbox 263 2379 394 2421; x_wconf 86' lang='grc' dir='ltr'>στος</span> <span class='ocrx_word' id='word_1_162' title='bbox 424 2356 481 2415; x_wconf 77' lang='grc' dir='ltr'>δὲ</span> <span class='ocrx_word' id='word_1_163' title='bbox 509 2379 597 2437; x_wconf 66' lang='grc' dir='ltr'>καξ</span> <span class='ocrx_word' id='word_1_164' title='bbox 644 2363 726 2433; x_wconf 81' lang='grc' dir='ltr'><strong>τῷ</strong></span> <span class='ocrx_word' id='word_1_165' title='bbox 786 2358 1044 2437; x_wconf 86' lang='grc' dir='ltr'>Μιχαήλ.</span> <span class='ocrx_word' id='word_1_166' title='bbox 1107 2362 1275 2422; x_wconf 81' lang='grc' dir='ltr'>Οὗτος</span> <span class='ocrx_word' id='word_1_167' title='bbox 1332 2361 1607 2425; x_wconf 82' lang='grc' dir='ltr'>πολλάκις</span> <span class='ocrx_word' id='word_1_168' title='bbox 1662 2365 1912 2444; x_wconf 74' lang='grc' dir='ltr'>ἒπισχεῖν</span> 
     </span>
    </p>
   </div>
   <div class='ocr_carea' id='block_1_27' title="bbox 264 2448 1911 2527">
    <p class='ocr_par' dir='ltr' id='par_1_27' title="bbox 264 2448 1911 2527">
     <span class='ocr_line' id='line_1_28' title="bbox 264 2448 1911 2527; baseline 0.003 -22"><span class='ocrx_word' id='word_1_169' title='bbox 264 2448 432 2506; x_wconf 77' lang='grc' dir='ltr'>αὐτὸν</span> <span class='ocrx_word' id='word_1_170' title='bbox 461 2455 562 2519; x_wconf 84' lang='grc' dir='ltr'><strong>τῆς</strong></span> <span class='ocrx_word' id='word_1_171' title='bbox 612 2449 1018 2526; x_wconf 70' lang='grc' dir='ltr'>ἀθυροστομίας</span> <span class='ocrx_word' id='word_1_172' title='bbox 1073 2448 1460 2527; x_wconf 63' lang='grc' dir='ltr'>ἐπιχειρήσας,</span> <span class='ocrx_word' id='word_1_173' title='bbox 1510 2453 1600 2508; x_wconf 80' lang='grc' dir='ltr'><strong>καὶ</strong></span> <span class='ocrx_word' id='word_1_174' title='bbox 1651 2456 1911 2525; x_wconf 79' lang='grc' dir='ltr'>παραινέ-</span> 
     </span>
    </p>
   </div>
   <div class='ocr_carea' id='block_1_28' title="bbox 251 2538 1915 2620">
    <p class='ocr_par' dir='ltr' id='par_1_28' title="bbox 251 2538 1915 2620">
     <span class='ocr_line' id='line_1_29' title="bbox 251 2538 1915 2620; baseline 0.002 -24"><span class='ocrx_word' id='word_1_175' title='bbox 251 2560 352 2602; x_wconf 90' lang='grc' dir='ltr'><strong>σας</strong></span> <span class='ocrx_word' id='word_1_176' title='bbox 386 2543 571 2615; x_wconf 79' lang='grc' dir='ltr'>σιγᾷν,</span> <span class='ocrx_word' id='word_1_177' title='bbox 629 2539 723 2594; x_wconf 78' lang='grc' dir='ltr'><strong>καὶ</strong></span> <span class='ocrx_word' id='word_1_178' title='bbox 784 2541 861 2614; x_wconf 79' lang='grc' dir='ltr'>μὴ</span> <span class='ocrx_word' id='word_1_179' title='bbox 920 2538 1094 2603; x_wconf 75' lang='grc' dir='ltr'>οὕτως</span> <span class='ocrx_word' id='word_1_180' title='bbox 1152 2541 1394 2617; x_wconf 81' lang='grc' dir='ltr'>ἀκαίρως</span> <span class='ocrx_word' id='word_1_181' title='bbox 1450 2542 1915 2620; x_wconf 72' lang='grc' dir='ltr'>παρρησιάζεσθαι</span> 
     </span>
    </p>
   </div>
   <div class='ocr_carea' id='block_1_29' title="bbox 251 2628 1914 2708">
    <p class='ocr_par' dir='ltr' id='par_1_29' title="bbox 251 2628 1914 2708">
     <span class='ocr_line' id='line_1_30' title="bbox 251 2628 1914 2708; baseline 0.003 -24"><span class='ocrx_word' id='word_1_182' title='bbox 251 2629 343 2684; x_wconf 80' lang='grc' dir='ltr'><strong>καὶ</strong></span> <span class='ocrx_word' id='word_1_183' title='bbox 392 2628 470 2693; x_wconf 76' lang='grc' dir='ltr'>εἷς</span> <span class='ocrx_word' id='word_1_184' title='bbox 524 2629 804 2703; x_wconf 79' lang='grc' dir='ltr'>προῦπτον</span> <span class='ocrx_word' id='word_1_185' title='bbox 864 2629 1052 2685; x_wconf 68' lang='grc' dir='ltr'>ἑαυτὸν</span> <span class='ocrx_word' id='word_1_186' title='bbox 1115 2636 1377 2694; x_wconf 79' lang='grc' dir='ltr'>συνωθεῖν</span> <span class='ocrx_word' id='word_1_187' title='bbox 1431 2628 1682 2688; x_wconf 88' lang='grc' dir='ltr'>κίνδυνον</span> <span class='ocrx_word' id='word_1_188' title='bbox 1736 2654 1914 2708; x_wconf 86' lang='grc' dir='ltr'>παρα-</span> 
     </span>
    </p>
   </div>
   <div class='ocr_carea' id='block_1_30' title="bbox 259 2711 1917 2792">
    <p class='ocr_par' dir='ltr' id='par_1_30' title="bbox 259 2711 1917 2792">
     <span class='ocr_line' id='line_1_31' title="bbox 259 2711 1917 2792; baseline 0.003 -20"><span class='ocrx_word' id='word_1_189' title='bbox 259 2715 517 2789; x_wconf 82' lang='grc' dir='ltr'>καλέσας,</span> <span class='ocrx_word' id='word_1_190' title='bbox 587 2714 777 2788; x_wconf 73' lang='grc' dir='ltr'>ἐπειδή</span> <span class='ocrx_word' id='word_1_191' title='bbox 843 2719 919 2792; x_wconf 81' lang='grc' dir='ltr'>μή</span> <span class='ocrx_word' id='word_1_192' title='bbox 973 2711 1173 2787; x_wconf 74' lang='grc' dir='ltr'>ἔπειθε,</span> <span class='ocrx_word' id='word_1_193' title='bbox 1233 2717 1380 2788; x_wconf 85' lang='grc' dir='ltr'>δῆλα</span> <span class='ocrx_word' id='word_1_194' title='bbox 1456 2719 1628 2776; x_wconf 85' lang='grc' dir='ltr'>πάντα</span> <span class='ocrx_word' id='word_1_195' title='bbox 1677 2722 1744 2776; x_wconf 79' lang='grc' dir='ltr'><strong>τὰ</strong></span> <span class='ocrx_word' id='word_1_196' title='bbox 1798 2711 1917 2777; x_wconf 85' lang='grc' dir='ltr'>κατ’</span> 
     </span>
    </p>
   </div>
   <div class='ocr_carea' id='block_1_31' title="bbox 261 2805 1914 2885">
    <p class='ocr_par' dir='ltr' id='par_1_31' title="bbox 261 2805 1914 2885">
     <span class='ocr_line' id='line_1_32' title="bbox 261 2805 1914 2885; baseline 0.002 -23"><span class='ocrx_word' id='word_1_197' title='bbox 261 2806 426 2863; x_wconf 76' lang='grc' dir='ltr'>αὐτὸν</span> <span class='ocrx_word' id='word_1_198' title='bbox 455 2807 641 2879; x_wconf 81' lang='grc' dir='ltr'>τίθησι</span> <span class='ocrx_word' id='word_1_199' title='bbox 693 2811 772 2879; x_wconf 84' lang='grc' dir='ltr'><strong>τῷ</strong></span> <span class='ocrx_word' id='word_1_200' title='bbox 813 2807 1051 2881; x_wconf 88' lang='grc' dir='ltr'>βασιλεῖ.</span> <span class='ocrx_word' id='word_1_201' title='bbox 1102 2808 1208 2865; x_wconf 83' lang='grc' dir='ltr'>Καὶ</span> <span class='ocrx_word' id='word_1_202' title='bbox 1258 2805 1324 2879; x_wconf 76' lang='grc' dir='ltr'>δὴ</span> <span class='ocrx_word' id='word_1_203' title='bbox 1365 2809 1472 2885; x_wconf 81' lang='grc' dir='ltr'><strong>πρὸ</strong></span> <span class='ocrx_word' id='word_1_204' title='bbox 1527 2813 1654 2884; x_wconf 84' lang='grc' dir='ltr'>μιᾶς</span> <span class='ocrx_word' id='word_1_205' title='bbox 1703 2812 1914 2885; x_wconf 81' lang='grc' dir='ltr'>ἡμέρας</span> 
     </span>
    </p>
   </div>
   <div class='ocr_carea' id='block_1_32' title="bbox 258 2896 1914 2977">
    <p class='ocr_par' dir='ltr' id='par_1_32' title="bbox 258 2896 1914 2977">
     <span class='ocr_line' id='line_1_33' title="bbox 258 2896 1914 2977; baseline 0.001 -23"><span class='ocrx_word' id='word_1_206' title='bbox 258 2903 366 2967; x_wconf 79' lang='grc' dir='ltr'>τῆς</span> <span class='ocrx_word' id='word_1_207' title='bbox 395 2897 531 2952; x_wconf 87' lang='grc' dir='ltr'>κατὰ</span> <span class='ocrx_word' id='word_1_208' title='bbox 561 2897 734 2972; x_wconf 85' lang='grc' dir='ltr'>σάρκα</span> <span class='ocrx_word' id='word_1_209' title='bbox 772 2896 1006 2972; x_wconf 81' lang='grc' dir='ltr'>Χριστνῦ</span> <span class='ocrx_word' id='word_1_210' title='bbox 1060 2902 1158 2955; x_wconf 88' lang='grc' dir='ltr'><strong>τοῦ</strong></span> <span class='ocrx_word' id='word_1_211' title='bbox 1213 2901 1349 2955; x_wconf 82' lang='grc' dir='ltr'>Θεοῦ</span> <span class='ocrx_word' id='word_1_212' title='bbox 1399 2900 1560 2969; x_wconf 76' lang='grc' dir='ltr'>ἡμῶν</span> <span class='ocrx_word' id='word_1_213' title='bbox 1610 2902 1914 2977; x_wconf 87' lang='grc' dir='ltr'>γεννήσεως</span> 
     </span>
    </p>
   </div>
   <div class='ocr_carea' id='block_1_33' title="bbox 261 2982 1915 3061">
    <p class='ocr_par' dir='ltr' id='par_1_33' title="bbox 261 2982 1915 3061">
     <span class='ocr_line' id='line_1_34' title="bbox 261 2982 1915 3061; baseline 0.002 -20"><span class='ocrx_word' id='word_1_214' title='bbox 261 2982 557 3059; x_wconf 82' lang='grc' dir='ltr'>δεξάμενος</span> <span class='ocrx_word' id='word_1_215' title='bbox 584 2985 679 3047; x_wconf 78' lang='grc' dir='ltr'><strong>τὰς</strong></span> <span class='ocrx_word' id='word_1_216' title='bbox 722 2985 982 3058; x_wconf 77' lang='grc' dir='ltr'>μηνύσεις</span> <span class='ocrx_word' id='word_1_217' title='bbox 1030 2987 1059 3042; x_wconf 83' lang='grc' dir='ltr'>ὁ</span> <span class='ocrx_word' id='word_1_218' title='bbox 1112 2985 1369 3061; x_wconf 81' lang='grc' dir='ltr'>βασιλεὺς</span> <span class='ocrx_word' id='word_1_219' title='bbox 1421 2985 1511 3042; x_wconf 77' lang='grc' dir='ltr'>ἐπὶ</span> <span class='ocrx_word' id='word_1_220' title='bbox 1566 2988 1815 3061; x_wconf 86' lang='grc' dir='ltr'>βήματός</span> <span class='ocrx_word' id='word_1_221' title='bbox 1856 3009 1915 3044; x_wconf 88' lang='grc' dir='ltr'><strong>τε</strong></span> 
     </span>
    </p>
   </div>
   <div class='ocr_carea' id='block_1_34' title="bbox 262 3071 1913 3154">
    <p class='ocr_par' dir='ltr' id='par_1_34' title="bbox 262 3071 1913 3154">
     <span class='ocr_line' id='line_1_35' title="bbox 262 3071 1913 3154; baseline 0.001 -25"><span class='ocrx_word' id='word_1_222' title='bbox 262 3071 322 3130; x_wconf 66' lang='grc' dir='ltr'>ἰν</span> <span class='ocrx_word' id='word_1_223' title='bbox 377 3079 496 3135; x_wconf 90' lang='grc' dir='ltr'>τοῖς</span> <span class='ocrx_word' id='word_1_224' title='bbox 580 3073 966 3150; x_wconf 86' lang='grc' dir='ltr'>ἀσηκρητείοις</span> <span class='ocrx_word' id='word_1_225' title='bbox 1044 3077 1159 3150; x_wconf 88' lang='grc'><strong>(58)</strong></span> <span class='ocrx_word' id='word_1_226' title='bbox 1243 3073 1473 3142; x_wconf 79' lang='grc' dir='ltr'>ἐκάθισε,</span> <span class='ocrx_word' id='word_1_227' title='bbox 1532 3076 1624 3132; x_wconf 82' lang='grc' dir='ltr'><strong>καὶ</strong></span> <span class='ocrx_word' id='word_1_228' title='bbox 1680 3072 1913 3154; x_wconf 79' lang='grc' dir='ltr'>ἀκριϐής</span> 
     </span>
    </p>
   </div>
   <div class='ocr_carea' id='block_1_35' title="bbox 258 3162 1916 3242">
    <p class='ocr_par' dir='ltr' id='par_1_35' title="bbox 258 3162 1916 3242">
     <span class='ocr_line' id='line_1_36' title="bbox 258 3162 1916 3242; baseline 0.002 -25"><span class='ocrx_word' id='word_1_229' title='bbox 258 3162 543 3234; x_wconf 70' lang='grc' dir='ltr'>ἰξεταστής</span> <span class='ocrx_word' id='word_1_230' title='bbox 582 3165 691 3218; x_wconf 85' lang='grc' dir='ltr'><strong>τῶν</strong></span> <span class='ocrx_word' id='word_1_231' title='bbox 759 3163 1103 3237; x_wconf 89' lang='grc' dir='ltr'>μηνυθέντων</span> <span class='ocrx_word' id='word_1_232' title='bbox 1162 3162 1390 3242; x_wconf 82' lang='grc' dir='ltr'>ἐγίνετο.</span> <span class='ocrx_word' id='word_1_233' title='bbox 1439 3163 1749 3222; x_wconf 84' lang='grc' dir='ltr'>Ἀλίσκεται</span> <span class='ocrx_word' id='word_1_234' title='bbox 1801 3163 1916 3220; x_wconf 88' lang='grc' dir='ltr'>τοί-</span> 
     </span>
    </p>
   </div>
   <div class='ocr_carea' id='block_1_36' title="bbox 259 3225 1994 3332">
    <p class='ocr_par' dir='ltr' id='par_1_36' title="bbox 259 3225 1994 3332">
     <span class='ocr_line' id='line_1_37' title="bbox 259 3225 1994 3332; baseline 0.001 -24"><span class='ocrx_word' id='word_1_235' title='bbox 259 3225 356 3308; x_wconf 76' lang='grc' dir='ltr'><strong>νυν</strong></span> <span class='ocrx_word' id='word_1_236' title='bbox 409 3225 694 3326; x_wconf 77' lang='grc' dir='ltr'>τυρανίδος</span> <span class='ocrx_word' id='word_1_237' title='bbox 824 3225 1088 3332; x_wconf 47' lang='grc' dir='ltr'>Μιχαὴλ,</span> <span class='ocrx_word' id='word_1_238' title='bbox 1170 3225 1335 3315; x_wconf 66' lang='grc' dir='ltr'>αῦτὸς</span> <span class='ocrx_word' id='word_1_239' title='bbox 1426 3253 1749 3319; x_wconf 72' lang='grc' dir='ltr'>καταθέσθαι</span> <span class='ocrx_word' id='word_1_240' title='bbox 1806 3254 1911 3309; x_wconf 85' lang='grc' dir='ltr'>ὑπὸ</span> <span class='ocrx_word' id='word_1_241' title='bbox 1950 3225 1994 3293; x_wconf 76' lang='lat' dir='ltr'><strong>C</strong></span> 
     </span>
    </p>
   </div>
   <div class='ocr_carea' id='block_1_37' title="bbox 262 3336 1916 3418">
    <p class='ocr_par' dir='ltr' id='par_1_37' title="bbox 262 3336 1916 3418">
     <span class='ocr_line' id='line_1_38' title="bbox 262 3336 1916 3418; baseline 0 -21"><span class='ocrx_word' id='word_1_242' title='bbox 262 3345 367 3410; x_wconf 81' lang='grc' dir='ltr'><strong>τῆς</strong></span> <span class='ocrx_word' id='word_1_243' title='bbox 399 3336 672 3418; x_wconf 81' lang='grc' dir='ltr'>ἐναργείας</span> <span class='ocrx_word' id='word_1_244' title='bbox 708 3344 817 3396; x_wconf 75' lang='grc' dir='ltr'><strong>τῶν</strong></span> <span class='ocrx_word' id='word_1_245' title='bbox 859 3339 1110 3417; x_wconf 71' lang='grc' dir='ltr'>ἐλέγχων</span> <span class='ocrx_word' id='word_1_246' title='bbox 1169 3339 1545 3416; x_wconf 76' lang='grc' dir='ltr'>ἀναγκασθείςο</span> <span class='ocrx_word' id='word_1_247' title='bbox 1595 3341 1686 3396; x_wconf 86' lang='grc' dir='ltr'><strong>καὶ</strong></span> <span class='ocrx_word' id='word_1_248' title='bbox 1733 3345 1916 3416; x_wconf 75' lang='grc' dir='ltr'>ψῆφος</span> 
     </span>
    </p>
   </div>
   <div class='ocr_carea' id='block_1_38' title="bbox 265 3429 1916 3507">
    <p class='ocr_par' dir='ltr' id='par_1_38' title="bbox 265 3429 1916 3507">
     <span class='ocr_line' id='line_1_39' title="bbox 265 3429 1916 3507; baseline 0 -20"><span class='ocrx_word' id='word_1_249' title='bbox 265 3429 547 3507; x_wconf 69' lang='grc' dir='ltr'>ἐκφέρεται</span> <span class='ocrx_word' id='word_1_250' title='bbox 591 3433 711 3486; x_wconf 82' lang='grc' dir='ltr'>κατ’</span> <span class='ocrx_word' id='word_1_251' title='bbox 766 3432 933 3487; x_wconf 79' lang='grc' dir='ltr'>αὐτοῦ</span> <span class='ocrx_word' id='word_1_252' title='bbox 988 3432 1119 3506; x_wconf 85' lang='grc' dir='ltr'>πυρὶ</span> <span class='ocrx_word' id='word_1_253' title='bbox 1175 3430 1537 3507; x_wconf 73' lang='grc' dir='ltr'>καταστρέψαι</span> <span class='ocrx_word' id='word_1_254' title='bbox 1594 3433 1697 3502; x_wconf 77' lang='grc' dir='ltr'>τήν</span> <span class='ocrx_word' id='word_1_255' title='bbox 1752 3432 1916 3503; x_wconf 81' lang='grc' dir='ltr'>ξωὴν,</span> 
     </span>
    </p>
   </div>
   <div class='ocr_carea' id='block_1_39' title="bbox 264 3515 1917 3596">
    <p class='ocr_par' dir='ltr' id='par_1_39' title="bbox 264 3515 1917 3596">
     <span class='ocr_line' id='line_1_40' title="bbox 264 3515 1917 3596; baseline 0 -19"><span class='ocrx_word' id='word_1_256' title='bbox 264 3515 640 3596; x_wconf 76' lang='grc' dir='ltr'>ἰμϐληθέντος</span> <span class='ocrx_word' id='word_1_257' title='bbox 696 3522 754 3578; x_wconf 69' lang='grc' dir='ltr'>ἓν</span> <span class='ocrx_word' id='word_1_258' title='bbox 809 3524 879 3595; x_wconf 79' lang='grc' dir='ltr'><strong>τῇ</strong></span> <span class='ocrx_word' id='word_1_259' title='bbox 933 3522 1154 3596; x_wconf 83' lang='grc' dir='ltr'>καμίνῳ</span> <span class='ocrx_word' id='word_1_260' title='bbox 1206 3518 1309 3576; x_wconf 81' lang='grc' dir='ltr'><strong>τοῦ</strong></span> <span class='ocrx_word' id='word_1_261' title='bbox 1366 3521 1419 3576; x_wconf 81' lang='grc' dir='ltr'>ἐν</span> <span class='ocrx_word' id='word_1_262' title='bbox 1501 3525 1581 3594; x_wconf 81' lang='grc' dir='ltr'><strong>τῷ</strong></span> <span class='ocrx_word' id='word_1_263' title='bbox 1663 3520 1917 3594; x_wconf 85' lang='grc' dir='ltr'>παλατίῳ</span> 
     </span>
    </p>
   </div>
   <div class='ocr_carea' id='block_1_40' title="bbox 263 3605 1916 3686">
    <p class='ocr_par' dir='ltr' id='par_1_40' title="bbox 263 3605 1916 3686">
     <span class='ocr_line' id='line_1_41' title="bbox 263 3605 1916 3686; baseline -0.001 -21"><span class='ocrx_word' id='word_1_264' title='bbox 263 3608 528 3685; x_wconf 79' lang='grc' dir='ltr'>λουτροῦ,</span> <span class='ocrx_word' id='word_1_265' title='bbox 559 3608 702 3664; x_wconf 79' lang='grc' dir='ltr'>εἶναι</span> <span class='ocrx_word' id='word_1_266' title='bbox 734 3605 791 3664; x_wconf 77' lang='grc' dir='ltr'>δὲ</span> <span class='ocrx_word' id='word_1_267' title='bbox 821 3611 912 3665; x_wconf 85' lang='grc' dir='ltr'><strong>καὶ</strong></span> <span class='ocrx_word' id='word_1_268' title='bbox 943 3608 1105 3664; x_wconf 75' lang='grc' dir='ltr'>αύτᾶν</span> <span class='ocrx_word' id='word_1_269' title='bbox 1147 3609 1351 3685; x_wconf 60' lang='grc' dir='ltr'>θεωρὸν</span> <span class='ocrx_word' id='word_1_270' title='bbox 1400 3610 1492 3664; x_wconf 83' lang='grc' dir='ltr'><strong>τὸν</strong></span> <span class='ocrx_word' id='word_1_271' title='bbox 1546 3609 1775 3686; x_wconf 75' lang='grc' dir='ltr'>βασιλέα</span> <span class='ocrx_word' id='word_1_272' title='bbox 1819 3613 1916 3664; x_wconf 88' lang='grc' dir='ltr'><strong>τοῦ</strong></span> 
     </span>
    </p>
   </div>
   <div class='ocr_carea' id='block_1_41' title="bbox 263 3694 1918 3775">
    <p class='ocr_par' dir='ltr' id='par_1_41' title="bbox 263 3694 1918 3775">
     <span class='ocr_line' id='line_1_42' title="bbox 263 3694 1918 3775; baseline 0 -23"><span class='ocrx_word' id='word_1_273' title='bbox 263 3694 562 3773; x_wconf 76' lang='grc' dir='ltr'>δράματος.</span> <span class='ocrx_word' id='word_1_274' title='bbox 594 3703 796 3775; x_wconf 84' lang='grc' dir='ltr'>’Ἢγετο</span> <span class='ocrx_word' id='word_1_275' title='bbox 829 3699 924 3772; x_wconf 74' lang='grc' dir='ltr'>μὲν</span> <span class='ocrx_word' id='word_1_276' title='bbox 968 3698 1059 3752; x_wconf 79' lang='grc' dir='ltr'>οὖν</span> <span class='ocrx_word' id='word_1_277' title='bbox 1111 3699 1212 3769; x_wconf 84' lang='grc' dir='ltr'><strong>τήν</strong></span> <span class='ocrx_word' id='word_1_278' title='bbox 1271 3697 1361 3754; x_wconf 82' lang='grc' dir='ltr'><strong>ἐπὶ</strong></span> <span class='ocrx_word' id='word_1_279' title='bbox 1418 3699 1640 3762; x_wconf 86' lang='grc' dir='ltr'>θάνατον</span> <span class='ocrx_word' id='word_1_280' title='bbox 1701 3696 1918 3772; x_wconf 86' lang='grc' dir='ltr'>δεσμώ-</span> 
     </span>
    </p>
   </div>
   <div class='ocr_carea' id='block_1_42' title="bbox 264 3783 1920 3864">
    <p class='ocr_par' dir='ltr' id='par_1_42' title="bbox 264 3783 1920 3864">
     <span class='ocr_line' id='line_1_43' title="bbox 264 3783 1920 3864; baseline 0 -22"><span class='ocrx_word' id='word_1_281' title='bbox 264 3807 387 3857; x_wconf 90' lang='grc' dir='ltr'>της,</span> <span class='ocrx_word' id='word_1_282' title='bbox 420 3785 608 3843; x_wconf 70' lang='grc' dir='ltr'>ε”ίπετο</span> <span class='ocrx_word' id='word_1_283' title='bbox 634 3783 691 3842; x_wconf 75' lang='grc' dir='ltr'>δὲ</span> <span class='ocrx_word' id='word_1_284' title='bbox 722 3787 814 3842; x_wconf 78' lang='grc' dir='ltr'>καὶ</span> <span class='ocrx_word' id='word_1_285' title='bbox 864 3789 893 3843; x_wconf 82' lang='grc' dir='ltr'><strong>ὁ</strong></span> <span class='ocrx_word' id='word_1_286' title='bbox 944 3786 1201 3863; x_wconf 82' lang='grc' dir='ltr'>βασιλεὺς</span> <span class='ocrx_word' id='word_1_287' title='bbox 1261 3789 1456 3857; x_wconf 77' lang='grc' dir='ltr'>θεατὴς</span> <span class='ocrx_word' id='word_1_288' title='bbox 1514 3789 1646 3843; x_wconf 76' lang='grc' dir='ltr'>εἶναι</span> <span class='ocrx_word' id='word_1_289' title='bbox 1687 3787 1920 3864; x_wconf 82' lang='grc' dir='ltr'>ὀριγνώ-</span> 
     </span>
    </p>
   </div>
   <div class='ocr_carea' id='block_1_43' title="bbox 266 3873 1918 3952">
    <p class='ocr_par' dir='ltr' id='par_1_43' title="bbox 266 3873 1918 3952">
     <span class='ocr_line' id='line_1_44' title="bbox 266 3873 1918 3952; baseline 0.001 -21"><span class='ocrx_word' id='word_1_290' title='bbox 266 3896 429 3950; x_wconf 88' lang='grc' dir='ltr'>μενος</span> <span class='ocrx_word' id='word_1_291' title='bbox 467 3880 566 3932; x_wconf 87' lang='grc' dir='ltr'><strong>τοῦ</strong></span> <span class='ocrx_word' id='word_1_292' title='bbox 626 3873 927 3951; x_wconf 73' lang='grc' dir='ltr'>δρωμένου.</span> <span class='ocrx_word' id='word_1_293' title='bbox 986 3877 1076 3934; x_wconf 80' lang='grc' dir='ltr'>Ἑν</span> <span class='ocrx_word' id='word_1_294' title='bbox 1132 3875 1245 3950; x_wconf 76' lang='grc' dir='ltr'>ὅσῳ</span> <span class='ocrx_word' id='word_1_295' title='bbox 1297 3874 1355 3932; x_wconf 67' lang='grc' dir='ltr'>δὲ</span> <span class='ocrx_word' id='word_1_296' title='bbox 1405 3877 1470 3932; x_wconf 87' lang='grc' dir='ltr'>τὸ</span> <span class='ocrx_word' id='word_1_297' title='bbox 1523 3877 1722 3952; x_wconf 77' lang='grc' dir='ltr'>μεταξὺ</span> <span class='ocrx_word' id='word_1_298' title='bbox 1780 3896 1918 3952; x_wconf 90' lang='grc' dir='ltr'>παρ-</span> 
     </span>
    </p>
   </div>
   <div class='ocr_carea' id='block_1_44' title="bbox 264 3959 1918 4040">
    <p class='ocr_par' dir='ltr' id='par_1_44' title="bbox 264 3959 1918 4040">
     <span class='ocr_line' id='line_1_45' title="bbox 264 3959 1918 4040; baseline 0 -21"><span class='ocrx_word' id='word_1_299' title='bbox 264 3959 502 4037; x_wconf 76' lang='grc' dir='ltr'>ήμειϐον</span> <span class='ocrx_word' id='word_1_300' title='bbox 532 3960 832 4039; x_wconf 83' lang='grc' dir='ltr'>διάστημα,</span> <span class='ocrx_word' id='word_1_301' title='bbox 860 3968 896 4034; x_wconf 79' lang='grc' dir='ltr'><strong>ὴ</strong></span> <span class='ocrx_word' id='word_1_302' title='bbox 931 3964 1150 4038; x_wconf 76' lang='grc' dir='ltr'>βασιλὶς</span> <span class='ocrx_word' id='word_1_303' title='bbox 1178 3963 1460 4032; x_wconf 87' lang='grc' dir='ltr'>Θεοδοσία,</span> <span class='ocrx_word' id='word_1_304' title='bbox 1503 3966 1567 4022; x_wconf 84' lang='grc' dir='ltr'><strong>τὸ</strong></span> <span class='ocrx_word' id='word_1_305' title='bbox 1595 3970 1692 4020; x_wconf 88' lang='grc' dir='ltr'><strong>τοῦ</strong></span> <span class='ocrx_word' id='word_1_306' title='bbox 1724 3967 1781 4023; x_wconf 80' lang='grc' dir='ltr'><strong>’Δ</strong></span> <span class='ocrx_word' id='word_1_307' title='bbox 1794 3985 1918 4040; x_wconf 86' lang='grc' dir='ltr'>ρσα-</span> 
     </span>
    </p>
   </div>
   <div class='ocr_carea' id='block_1_45' title="bbox 269 4046 1920 4128">
    <p class='ocr_par' dir='ltr' id='par_1_45' title="bbox 269 4046 1920 4128">
     <span class='ocr_line' id='line_1_46' title="bbox 269 4046 1920 4128; baseline 0.001 -23"><span class='ocrx_word' id='word_1_308' title='bbox 269 4046 379 4127; x_wconf 79' lang='grc' dir='ltr'>ϐἠρ</span> <span class='ocrx_word' id='word_1_309' title='bbox 411 4049 726 4128; x_wconf 84' lang='grc' dir='ltr'>θυγάτριον,</span> <span class='ocrx_word' id='word_1_310' title='bbox 754 4054 1003 4125; x_wconf 81' lang='grc' dir='ltr'>μαθοῦσα</span> <span class='ocrx_word' id='word_1_311' title='bbox 1029 4054 1091 4108; x_wconf 86' lang='grc' dir='ltr'>τὸ</span> <span class='ocrx_word' id='word_1_312' title='bbox 1142 4052 1347 4127; x_wconf 87' lang='grc' dir='ltr'>μέλλον</span> <span class='ocrx_word' id='word_1_313' title='bbox 1394 4060 1710 4128; x_wconf 81' lang='grc' dir='ltr'>πραχθῆναι</span> <span class='ocrx_word' id='word_1_314' title='bbox 1761 4048 1920 4123; x_wconf 78' lang='grc' dir='ltr'>ἔξεισι</span> 
     </span>
    </p>
   </div>
   <div class='ocr_carea' id='block_1_46' title="bbox 273 4135 1920 4219">
    <p class='ocr_par' dir='ltr' id='par_1_46' title="bbox 273 4135 1920 4219">
     <span class='ocr_line' id='line_1_47' title="bbox 273 4135 1920 4219; baseline 0.002 -26"><span class='ocrx_word' id='word_1_315' title='bbox 273 4139 410 4214; x_wconf 86' lang='grc' dir='ltr'><strong>μετά</strong></span> <span class='ocrx_word' id='word_1_316' title='bbox 440 4135 683 4206; x_wconf 81' lang='grc' dir='ltr'>σπουδῆς</span> <span class='ocrx_word' id='word_1_317' title='bbox 713 4137 797 4193; x_wconf 76' lang='grc' dir='ltr'><strong>ὅτι</strong></span> <span class='ocrx_word' id='word_1_318' title='bbox 826 4137 1047 4207; x_wconf 85' lang='grc' dir='ltr'>πολλῆς</span> <span class='ocrx_word' id='word_1_319' title='bbox 1099 4145 1196 4195; x_wconf 82' lang='grc' dir='ltr'><strong>τοῦ</strong></span> <span class='ocrx_word' id='word_1_320' title='bbox 1245 4140 1517 4215; x_wconf 86' lang='grc' dir='ltr'>θαλάμου,</span> <span class='ocrx_word' id='word_1_321' title='bbox 1563 4135 1920 4219; x_wconf 77' lang='grc' dir='ltr'>παράϐασχόν</span> 
     </span>
    </p>
   </div>
   <div class='ocr_carea' id='block_1_47' title="bbox 266 4228 1923 4304">
    <p class='ocr_par' dir='ltr' id='par_1_47' title="bbox 266 4228 1923 4304">
     <span class='ocr_line' id='line_1_48' title="bbox 266 4228 1923 4304; baseline -0.001 -20"><span class='ocrx_word' id='word_1_322' title='bbox 266 4250 320 4284; x_wconf 89' lang='grc' dir='ltr'><strong>τι</strong></span> <span class='ocrx_word' id='word_1_323' title='bbox 350 4228 437 4283; x_wconf 81' lang='grc' dir='ltr'><strong>καὶ</strong></span> <span class='ocrx_word' id='word_1_324' title='bbox 495 4228 719 4301; x_wconf 78' lang='grc' dir='ltr'>μανικὸν</span> <span class='ocrx_word' id='word_1_325' title='bbox 773 4229 1093 4301; x_wconf 72' lang='grc' dir='ltr'>κινουμένη,</span> <span class='ocrx_word' id='word_1_326' title='bbox 1150 4228 1243 4283; x_wconf 87' lang='grc' dir='ltr'>τὸν</span> <span class='ocrx_word' id='word_1_327' title='bbox 1304 4229 1536 4304; x_wconf 87' lang='grc' dir='ltr'>βασιλέα</span> <span class='ocrx_word' id='word_1_328' title='bbox 1589 4250 1649 4284; x_wconf 89' lang='grc' dir='ltr'><strong>τε</strong></span> <span class='ocrx_word' id='word_1_329' title='bbox 1687 4228 1923 4285; x_wconf 86' lang='grc' dir='ltr'>καταλα-</span> 
     </span>
    </p>
   </div>
   <div class='ocr_carea' id='block_1_48' title="bbox 270 4312 1925 4392">
    <p class='ocr_par' dir='ltr' id='par_1_48' title="bbox 270 4312 1925 4392">
     <span class='ocr_line' id='line_1_49' title="bbox 270 4312 1925 4392; baseline 0 -19"><span class='ocrx_word' id='word_1_330' title='bbox 270 4312 444 4373; x_wconf 73' lang='grc' dir='ltr'>ϐοῦσα</span> <span class='ocrx_word' id='word_1_331' title='bbox 474 4314 752 4387; x_wconf 83' lang='grc' dir='ltr'>ἀλάστορά</span> <span class='ocrx_word' id='word_1_332' title='bbox 788 4336 846 4371; x_wconf 89' lang='grc' dir='ltr'><strong>τε</strong></span> <span class='ocrx_word' id='word_1_333' title='bbox 901 4316 994 4371; x_wconf 82' lang='grc' dir='ltr'><strong>καὶ</strong></span> <span class='ocrx_word' id='word_1_334' title='bbox 1039 4316 1317 4392; x_wconf 86' lang='grc' dir='ltr'>θεομάχον</span> <span class='ocrx_word' id='word_1_335' title='bbox 1364 4316 1625 4373; x_wconf 86' lang='grc' dir='ltr'>ἀπέκάλει</span> <span class='ocrx_word' id='word_1_336' title='bbox 1674 4317 1755 4379; x_wconf 74' lang='grc' dir='ltr'>οἷς</span> <span class='ocrx_word' id='word_1_337' title='bbox 1798 4316 1925 4373; x_wconf 72' lang='grc' dir='ltr'>οὐδὲ</span> 
     </span>
    </p>
   </div>
   <div class='ocr_carea' id='block_1_49' title="bbox 265 4403 1925 4483">
    <p class='ocr_par' dir='ltr' id='par_1_49' title="bbox 265 4403 1925 4483">
     <span class='ocr_line' id='line_1_50' title="bbox 265 4403 1925 4483; baseline -0.001 -21"><span class='ocrx_word' id='word_1_338' title='bbox 265 4408 367 4475; x_wconf 81' lang='grc' dir='ltr'>τὴν</span> <span class='ocrx_word' id='word_1_339' title='bbox 418 4405 566 4461; x_wconf 84' lang='grc' dir='ltr'>θείαν</span> <span class='ocrx_word' id='word_1_340' title='bbox 621 4403 830 4479; x_wconf 77' lang='grc' dir='ltr'>ἡμέραν</span> <span class='ocrx_word' id='word_1_341' title='bbox 915 4403 1037 4479; x_wconf 76' lang='grc' dir='ltr'>ἄγει</span> <span class='ocrx_word' id='word_1_342' title='bbox 1125 4403 1213 4461; x_wconf 83' lang='grc' dir='ltr'><strong>διὰ</strong></span> <span class='ocrx_word' id='word_1_343' title='bbox 1315 4403 1557 4483; x_wconf 79' lang='grc' dir='ltr'>φειδοῦς,</span> <span class='ocrx_word' id='word_1_344' title='bbox 1635 4410 1733 4462; x_wconf 89' lang='grc' dir='ltr'><strong>τοῦ</strong></span> <span class='ocrx_word' id='word_1_345' title='bbox 1778 4406 1925 4462; x_wconf 91' lang='grc' dir='ltr'>θείου</span> 
     </span>
    </p>
   </div>
   <div class='ocr_carea' id='block_1_50' title="bbox 274 4493 1923 4573">
    <p class='ocr_par' dir='ltr' id='par_1_50' title="bbox 274 4493 1923 4573">
     <span class='ocr_line' id='line_1_51' title="bbox 274 4493 1923 4573; baseline 0 -23"><span class='ocrx_word' id='word_1_346' title='bbox 274 4493 497 4569; x_wconf 82' lang='grc' dir='ltr'>μέλλων</span> <span class='ocrx_word' id='word_1_347' title='bbox 532 4494 787 4568; x_wconf 85' lang='grc' dir='ltr'>σώματος</span> <span class='ocrx_word' id='word_1_348' title='bbox 820 4499 1138 4573; x_wconf 86' lang='grc' dir='ltr'>μετασχεῖν,</span> <span class='ocrx_word' id='word_1_349' title='bbox 1193 4494 1284 4550; x_wconf 85' lang='grc' dir='ltr'><strong>καὶ</strong></span> <span class='ocrx_word' id='word_1_350' title='bbox 1341 4501 1441 4563; x_wconf 83' lang='grc' dir='ltr'><strong>τῆς</strong></span> <span class='ocrx_word' id='word_1_351' title='bbox 1491 4496 1670 4571; x_wconf 81' lang='grc' dir='ltr'>ὁρμῆς</span> <span class='ocrx_word' id='word_1_352' title='bbox 1733 4493 1923 4551; x_wconf 87' lang='grc' dir='ltr'>διεκώ-</span> 
     </span>
    </p>
   </div>
   <div class='ocr_carea' id='block_1_51' title="bbox 2042 585 3693 661">
    <p class='ocr_par' dir='ltr' id='par_1_51' title="bbox 2042 585 3693 661">
     <span class='ocr_line' id='line_1_52' title="bbox 2042 585 3693 661; baseline 0.004 -24"><span class='ocrx_word' id='word_1_353' title='bbox 2042 598 2255 653; x_wconf 87' lang='lat' dir='ltr'><strong>parum</strong></span> <span class='ocrx_word' id='word_1_354' title='bbox 2281 585 2530 641; x_wconf 84' lang='lat' dir='ltr'><strong>honeste</strong></span> <span class='ocrx_word' id='word_1_355' title='bbox 2547 587 2801 652; x_wconf 84' lang='lat' dir='ltr'><strong>dixerat,</strong></span> <span class='ocrx_word' id='word_1_356' title='bbox 2826 589 3063 644; x_wconf 89' lang='lat' dir='ltr'><strong>minans</strong></span> <span class='ocrx_word' id='word_1_357' title='bbox 3086 590 3137 644; x_wconf 94' lang='lat' dir='ltr'><strong>ei</strong></span> <span class='ocrx_word' id='word_1_358' title='bbox 3158 588 3397 661; x_wconf 91' lang='lat' dir='ltr'><strong>imperii</strong></span> <span class='ocrx_word' id='word_1_359' title='bbox 3417 588 3693 659; x_wconf 87' lang='lat' dir='ltr'><strong>privatio-</strong></span> 
     </span>
    </p>
   </div>
   <div class='ocr_carea' id='block_1_52' title="bbox 2041 676 3688 750">
    <p class='ocr_par' dir='ltr' id='par_1_52' title="bbox 2041 676 3688 750">
     <span class='ocr_line' id='line_1_53' title="bbox 2041 676 3688 750; baseline 0.003 -22"><span class='ocrx_word' id='word_1_360' title='bbox 2041 688 2179 728; x_wconf 87' lang='lat' dir='ltr'><strong>nem</strong></span> <span class='ocrx_word' id='word_1_361' title='bbox 2213 680 2272 729; x_wconf 91' lang='lat' dir='ltr'><strong>et</strong></span> <span class='ocrx_word' id='word_1_362' title='bbox 2299 676 2470 730; x_wconf 81' lang='lat' dir='ltr'><strong>uxori</strong></span> <span class='ocrx_word' id='word_1_363' title='bbox 2497 676 2733 733; x_wconf 88' lang='lat' dir='ltr'><strong>illicitas</strong></span> <span class='ocrx_word' id='word_1_364' title='bbox 2761 680 3131 750; x_wconf 85' lang='lat' dir='ltr'><strong>nuptias..Ea</strong></span> <span class='ocrx_word' id='word_1_365' title='bbox 3181 696 3314 734; x_wconf 83' lang='lat' dir='ltr'><strong>cum</strong></span> <span class='ocrx_word' id='word_1_366' title='bbox 3368 685 3568 733; x_wconf 80' lang='lat' dir='ltr'><strong>essent</strong></span> <span class='ocrx_word' id='word_1_367' title='bbox 3613 679 3688 735; x_wconf 91' lang='lat' dir='ltr'><strong>ad</strong></span> 
     </span>
    </p>
   </div>
   <div class='ocr_carea' id='block_1_53' title="bbox 2035 761 3687 838">
    <p class='ocr_par' dir='ltr' id='par_1_53' title="bbox 2035 761 3687 838">
     <span class='ocr_line' id='line_1_54' title="bbox 2035 761 3687 838; baseline 0.005 -23"><span class='ocrx_word' id='word_1_368' title='bbox 2035 777 2099 816; x_wconf 91' lang='lat' dir='ltr'><strong>se</strong></span> <span class='ocrx_word' id='word_1_369' title='bbox 2128 761 2330 829; x_wconf 88' lang='lat' dir='ltr'><strong>allata,</strong></span> <span class='ocrx_word' id='word_1_370' title='bbox 2364 764 2690 835; x_wconf 82' lang='lat' dir='ltr'><strong>imperator</strong></span> <span class='ocrx_word' id='word_1_371' title='bbox 2720 767 3012 838; x_wconf 88' lang='lat' dir='ltr'><strong>principio</strong></span> <span class='ocrx_word' id='word_1_372' title='bbox 3059 768 3263 823; x_wconf 81' lang='lat' dir='ltr'><strong>statuit</strong></span> <span class='ocrx_word' id='word_1_373' title='bbox 3317 773 3442 823; x_wconf 87' lang='lat' dir='ltr'><strong>arte</strong></span> <span class='ocrx_word' id='word_1_374' title='bbox 3486 785 3621 823; x_wconf 91' lang='lat' dir='ltr'><strong>eum</strong></span> <span class='ocrx_word' id='word_1_375' title='bbox 3653 784 3687 823; x_wconf 89' lang='lat' dir='ltr'><strong>a</strong></span> 
     </span>
    </p>
   </div>
   <div class='ocr_carea' id='block_1_54' title="bbox 2033 847 3684 926">
    <p class='ocr_par' dir='ltr' id='par_1_54' title="bbox 2033 847 3684 926">
     <span class='ocr_line' id='line_1_55' title="bbox 2033 847 3684 926; baseline 0.003 -24"><span class='ocrx_word' id='word_1_376' title='bbox 2033 847 2446 905; x_wconf 74' lang='lat' dir='ltr'><strong>maledicentia</strong></span> <span class='ocrx_word' id='word_1_377' title='bbox 2473 868 2540 906; x_wconf 90' lang='lat' dir='ltr'><strong>ac</strong></span> <span class='ocrx_word' id='word_1_378' title='bbox 2571 853 2764 921; x_wconf 83' lang='lat' dir='ltr'><strong>pravis</strong></span> <span class='ocrx_word' id='word_1_379' title='bbox 2820 853 3085 907; x_wconf 87' lang='lat' dir='ltr'><strong>consiliis</strong></span> <span class='ocrx_word' id='word_1_380' title='bbox 3123 854 3437 908; x_wconf 84' lang='lat' dir='ltr'><strong>detrahere</strong></span> <span class='ocrx_word' id='word_1_381' title='bbox 3484 854 3684 926; x_wconf 90' lang='lat' dir='ltr'><strong>(norat</strong></span> 
     </span>
    </p>
   </div>
   <div class='ocr_carea' id='block_1_55' title="bbox 2034 939 3680 1014">
    <p class='ocr_par' dir='ltr' id='par_1_55' title="bbox 2034 939 3680 1014">
     <span class='ocr_line' id='line_1_56' title="bbox 2034 939 3680 1014; baseline 0.003 -20"><span class='ocrx_word' id='word_1_382' title='bbox 2034 939 2191 995; x_wconf 86' lang='lat' dir='ltr'><strong>enim</strong></span> <span class='ocrx_word' id='word_1_383' title='bbox 2223 956 2349 995; x_wconf 87' lang='lat' dir='ltr'><strong>eum</strong></span> <span class='ocrx_word' id='word_1_384' title='bbox 2382 941 2729 1012; x_wconf 83' lang='lat' dir='ltr'><strong>turpissimo</strong></span> <span class='ocrx_word' id='word_1_385' title='bbox 2761 941 2976 1014; x_wconf 69' lang='lat' dir='ltr'><strong>linguas</strong></span> <span class='ocrx_word' id='word_1_386' title='bbox 3010 943 3413 998; x_wconf 69' lang='lat' dir='ltr'><strong>immoderataa</strong></span> <span class='ocrx_word' id='word_1_387' title='bbox 3474 944 3680 999; x_wconf 91' lang='lat' dir='ltr'><strong>morbo</strong></span> 
     </span>
    </p>
   </div>
   <div class='ocr_carea' id='block_1_56' title="bbox 2030 1027 3687 1101">
    <p class='ocr_par' dir='ltr' id='par_1_56' title="bbox 2030 1027 3687 1101">
     <span class='ocr_line' id='line_1_57' title="bbox 2030 1027 3687 1101; baseline 0.003 -18"><span class='ocrx_word' id='word_1_388' title='bbox 2030 1027 2348 1101; x_wconf 81' lang='lat' dir='ltr'><strong>laborare),</strong></span> <span class='ocrx_word' id='word_1_389' title='bbox 2377 1029 2753 1085; x_wconf 87' lang='lat' dir='ltr'><strong>dissimulata</strong></span> <span class='ocrx_word' id='word_1_390' title='bbox 2776 1047 2979 1086; x_wconf 83' lang='lat' dir='ltr'><strong>eorum</strong></span> <span class='ocrx_word' id='word_1_391' title='bbox 3004 1048 3133 1101; x_wconf 71' lang='lat' dir='ltr'><strong>quas</strong></span> <span class='ocrx_word' id='word_1_392' title='bbox 3158 1032 3219 1085; x_wconf 91' lang='lat' dir='ltr'><strong>in</strong></span> <span class='ocrx_word' id='word_1_393' title='bbox 3245 1049 3306 1086; x_wconf 92' lang='lat' dir='ltr'><strong>se</strong></span> <span class='ocrx_word' id='word_1_394' title='bbox 3334 1039 3504 1087; x_wconf 89' lang='lat' dir='ltr'><strong>erant</strong></span> <span class='ocrx_word' id='word_1_395' title='bbox 3530 1035 3687 1088; x_wconf 89' lang='lat' dir='ltr'><strong>dicta</strong></span> 
     </span>
    </p>
   </div>
   <div class='ocr_carea' id='block_1_57' title="bbox 2030 1118 3685 1189">
    <p class='ocr_par' dir='ltr' id='par_1_57' title="bbox 2030 1118 3685 1189">
     <span class='ocr_line' id='line_1_58' title="bbox 2030 1118 3685 1189; baseline 0.004 -18"><span class='ocrx_word' id='word_1_396' title='bbox 2030 1118 2260 1172; x_wconf 80' lang='lat' dir='ltr'><strong>notitia.</strong></span> <span class='ocrx_word' id='word_1_397' title='bbox 2294 1120 2438 1173; x_wconf 88' lang='lat' dir='ltr'><strong>Cum</strong></span> <span class='ocrx_word' id='word_1_398' title='bbox 2458 1124 2657 1175; x_wconf 90' lang='lat' dir='ltr'><strong>autem</strong></span> <span class='ocrx_word' id='word_1_399' title='bbox 2684 1119 3106 1174; x_wconf 88' lang='lat' dir='ltr'><strong>interminatus</strong></span> <span class='ocrx_word' id='word_1_400' title='bbox 3127 1136 3388 1189; x_wconf 89' lang='lat' dir='ltr'><strong>ususque</strong></span> <span class='ocrx_word' id='word_1_401' title='bbox 3412 1122 3685 1177; x_wconf 89' lang='lat' dir='ltr'><strong>admoni-</strong></span> 
     </span>
    </p>
   </div>
   <div class='ocr_carea' id='block_1_58' title="bbox 2031 1206 3688 1279">
    <p class='ocr_par' dir='ltr' id='par_1_58' title="bbox 2031 1206 3688 1279">
     <span class='ocr_line' id='line_1_59' title="bbox 2031 1206 3688 1279; baseline 0.002 -19"><span class='ocrx_word' id='word_1_402' title='bbox 2031 1206 2293 1262; x_wconf 87' lang='lat' dir='ltr'><strong>tionibus</strong></span> <span class='ocrx_word' id='word_1_403' title='bbox 2317 1207 2791 1279; x_wconf 87' lang='lat' dir='ltr'><strong>deprehenderet</strong></span> <span class='ocrx_word' id='word_1_404' title='bbox 2803 1224 2937 1263; x_wconf 91' lang='lat' dir='ltr'><strong>eum</strong></span> <span class='ocrx_word' id='word_1_405' title='bbox 2960 1208 3020 1261; x_wconf 90' lang='lat' dir='ltr'><strong>in</strong></span> <span class='ocrx_word' id='word_1_406' title='bbox 3035 1209 3353 1279; x_wconf 72' lang='lat' dir='ltr'><strong>prmsentia</strong></span> <span class='ocrx_word' id='word_1_407' title='bbox 3370 1209 3688 1264; x_wconf 88' lang='lat' dir='ltr'><strong>maledicta</strong></span> 
     </span>
    </p>
   </div>
   <div class='ocr_carea' id='block_1_59' title="bbox 2029 1294 3679 1368">
    <p class='ocr_par' dir='ltr' id='par_1_59' title="bbox 2029 1294 3679 1368">
     <span class='ocr_line' id='line_1_60' title="bbox 2029 1294 3679 1368; baseline 0.001 -18"><span class='ocrx_word' id='word_1_408' title='bbox 2029 1294 2297 1361; x_wconf 86' lang='lat' dir='ltr'><strong>inﬁtiari,</strong></span> <span class='ocrx_word' id='word_1_409' title='bbox 2333 1312 2657 1368; x_wconf 85' lang='lat' dir='ltr'><strong>rursusque</strong></span> <span class='ocrx_word' id='word_1_410' title='bbox 2688 1302 2925 1354; x_wconf 89' lang='lat' dir='ltr'><strong>nactum</strong></span> <span class='ocrx_word' id='word_1_411' title='bbox 2956 1296 3261 1351; x_wconf 84' lang='lat' dir='ltr'><strong>licentiam</strong></span> <span class='ocrx_word' id='word_1_412' title='bbox 3292 1296 3364 1350; x_wconf 90' lang='lat' dir='ltr'><strong>ab</strong></span> <span class='ocrx_word' id='word_1_413' title='bbox 3423 1296 3679 1367; x_wconf 87' lang='lat' dir='ltr'><strong>incoepto</strong></span> 
     </span>
    </p>
   </div>
   <div class='ocr_carea' id='block_1_60' title="bbox 2029 1383 3679 1456">
    <p class='ocr_par' dir='ltr' id='par_1_60' title="bbox 2029 1383 3679 1456">
     <span class='ocr_line' id='line_1_61' title="bbox 2029 1383 3679 1456; baseline 0 -17"><span class='ocrx_word' id='word_1_414' title='bbox 2029 1399 2150 1439; x_wconf 91' lang='lat' dir='ltr'><strong>non</strong></span> <span class='ocrx_word' id='word_1_415' title='bbox 2181 1383 2487 1451; x_wconf 84' lang='lat' dir='ltr'><strong>desistere,</strong></span> <span class='ocrx_word' id='word_1_416' title='bbox 2520 1385 2818 1441; x_wconf 87' lang='lat' dir='ltr'><strong>submittit</strong></span> <span class='ocrx_word' id='word_1_417' title='bbox 2847 1386 3076 1441; x_wconf 85' lang='lat' dir='ltr'><strong>occulte</strong></span> <span class='ocrx_word' id='word_1_418' title='bbox 3099 1385 3550 1454; x_wconf 86' lang='lat' dir='ltr'><strong>auscultatores,</strong></span> <span class='ocrx_word' id='word_1_419' title='bbox 3577 1386 3679 1456; x_wconf 89' lang='lat' dir='ltr'><strong>qui</strong></span> 
     </span>
    </p>
   </div>
   <div class='ocr_carea' id='block_1_61' title="bbox 2028 1473 3683 1546">
    <p class='ocr_par' dir='ltr' id='par_1_61' title="bbox 2028 1473 3683 1546">
     <span class='ocr_line' id='line_1_62' title="bbox 2028 1473 3683 1546; baseline 0.001 -17"><span class='ocrx_word' id='word_1_420' title='bbox 2028 1473 2409 1529; x_wconf 87' lang='lat' dir='ltr'><strong>observarent</strong></span> <span class='ocrx_word' id='word_1_421' title='bbox 2429 1473 2754 1530; x_wconf 90' lang='lat' dir='ltr'><strong>hominem.</strong></span> <span class='ocrx_word' id='word_1_422' title='bbox 2779 1476 2823 1528; x_wconf 94' lang='lat' dir='ltr'><strong>Ii</strong></span> <span class='ocrx_word' id='word_1_423' title='bbox 2850 1492 2983 1530; x_wconf 92' lang='lat' dir='ltr'><strong>cum</strong></span> <span class='ocrx_word' id='word_1_424' title='bbox 3008 1478 3319 1530; x_wconf 86' lang='lat' dir='ltr'><strong>notassent</strong></span> <span class='ocrx_word' id='word_1_425' title='bbox 3340 1490 3477 1529; x_wconf 91' lang='lat' dir='ltr'><strong>eum</strong></span> <span class='ocrx_word' id='word_1_426' title='bbox 3495 1491 3683 1546; x_wconf 72' lang='lat' dir='ltr'><strong>saape-</strong></span> 
     </span>
    </p>
   </div>
   <div class='ocr_carea' id='block_1_62' title="bbox 2028 1562 3680 1634">
    <p class='ocr_par' dir='ltr' id='par_1_62' title="bbox 2028 1562 3680 1634">
     <span class='ocr_line' id='line_1_63' title="bbox 2028 1562 3680 1634; baseline 0 -16"><span class='ocrx_word' id='word_1_427' title='bbox 2028 1578 2277 1618; x_wconf 89' lang='lat' dir='ltr'><strong>numero</strong></span> <span class='ocrx_word' id='word_1_428' title='bbox 2308 1562 2369 1616; x_wconf 91' lang='lat' dir='ltr'><strong>in</strong></span> <span class='ocrx_word' id='word_1_429' title='bbox 2391 1563 2675 1618; x_wconf 87' lang='lat' dir='ltr'><strong>conviviis</strong></span> <span class='ocrx_word' id='word_1_430' title='bbox 2698 1569 2875 1634; x_wconf 90' lang='lat' dir='ltr'><strong>atque</strong></span> <span class='ocrx_word' id='word_1_431' title='bbox 2902 1564 3060 1618; x_wconf 90' lang='lat' dir='ltr'><strong>inter</strong></span> <span class='ocrx_word' id='word_1_432' title='bbox 3080 1563 3295 1634; x_wconf 91' lang='lat' dir='ltr'><strong>pocula</strong></span> <span class='ocrx_word' id='word_1_433' title='bbox 3316 1563 3449 1617; x_wconf 87' lang='lat' dir='ltr'><strong>vino</strong></span> <span class='ocrx_word' id='word_1_434' title='bbox 3484 1568 3680 1618; x_wconf 89' lang='lat' dir='ltr'><strong>mente</strong></span> 
     </span>
    </p>
   </div>
   <div class='ocr_carea' id='block_1_63' title="bbox 2028 1651 3676 1725">
    <p class='ocr_par' dir='ltr' id='par_1_63' title="bbox 2028 1651 3676 1725">
     <span class='ocr_line' id='line_1_64' title="bbox 2028 1651 3676 1725; baseline -0.001 -18"><span class='ocrx_word' id='word_1_435' title='bbox 2028 1651 2284 1708; x_wconf 90' lang='lat' dir='ltr'><strong>alienata</strong></span> <span class='ocrx_word' id='word_1_436' title='bbox 2312 1668 2525 1724; x_wconf 87' lang='lat' dir='ltr'><strong>magno</strong></span> <span class='ocrx_word' id='word_1_437' title='bbox 2543 1658 2761 1709; x_wconf 92' lang='lat' dir='ltr'><strong>conatu</strong></span> <span class='ocrx_word' id='word_1_438' title='bbox 2778 1653 3148 1725; x_wconf 89' lang='lat' dir='ltr'><strong>propositum</strong></span> <span class='ocrx_word' id='word_1_439' title='bbox 3176 1667 3349 1707; x_wconf 90' lang='lat' dir='ltr'><strong>suum</strong></span> <span class='ocrx_word' id='word_1_440' title='bbox 3375 1653 3676 1723; x_wconf 85' lang='lat' dir='ltr'><strong>persequi,</strong></span> 
     </span>
    </p>
   </div>
   <div class='ocr_carea' id='block_1_64' title="bbox 2026 1740 3677 1813">
    <p class='ocr_par' dir='ltr' id='par_1_64' title="bbox 2026 1740 3677 1813">
     <span class='ocr_line' id='line_1_65' title="bbox 2026 1740 3677 1813; baseline 0.001 -18"><span class='ocrx_word' id='word_1_441' title='bbox 2026 1757 2156 1797; x_wconf 89' lang='lat' dir='ltr'><strong>rem</strong></span> <span class='ocrx_word' id='word_1_442' title='bbox 2187 1741 2529 1813; x_wconf 87' lang='lat' dir='ltr'><strong>imperatori</strong></span> <span class='ocrx_word' id='word_1_443' title='bbox 2558 1742 2711 1798; x_wconf 71' lang='lat'><strong>862</strong></span> <span class='ocrx_word' id='word_1_444' title='bbox 2745 1746 3066 1813; x_wconf 87' lang='lat' dir='ltr'><strong>exponunt.</strong></span> <span class='ocrx_word' id='word_1_445' title='bbox 3098 1740 3429 1795; x_wconf 88' lang='lat' dir='ltr'><strong>Plurimum</strong></span> <span class='ocrx_word' id='word_1_446' title='bbox 3454 1741 3677 1799; x_wconf 91' lang='lat' dir='ltr'><strong>delato-</strong></span> 
     </span>
    </p>
   </div>
   <div class='ocr_carea' id='block_1_65' title="bbox 2026 1829 3673 1897">
    <p class='ocr_par' dir='ltr' id='par_1_65' title="bbox 2026 1829 3673 1897">
     <span class='ocr_line' id='line_1_66' title="bbox 2026 1829 3673 1897; baseline 0 -11"><span class='ocrx_word' id='word_1_447' title='bbox 2026 1831 2193 1887; x_wconf 89' lang='lat' dir='ltr'><strong>ribus</strong></span> <span class='ocrx_word' id='word_1_448' title='bbox 2225 1831 2493 1886; x_wconf 81' lang='lat' dir='ltr'><strong>Michaeli</strong></span> <span class='ocrx_word' id='word_1_449' title='bbox 2537 1831 2675 1886; x_wconf 82' lang='lat' dir='ltr'><strong>fidei</strong></span> <span class='ocrx_word' id='word_1_450' title='bbox 2724 1831 3061 1894; x_wconf 84' lang='lat' dir='ltr'><strong>conciliavit</strong></span> <span class='ocrx_word' id='word_1_451' title='bbox 3107 1829 3447 1897; x_wconf 84' lang='lat' dir='ltr'><strong>Exabulius,</strong></span> <span class='ocrx_word' id='word_1_452' title='bbox 3498 1830 3673 1886; x_wconf 89' lang='lat' dir='ltr'><strong>homo</strong></span> 
     </span>
    </p>
   </div>
   <div class='ocr_carea' id='block_1_66' title="bbox 2027 1920 3673 1995">
    <p class='ocr_par' dir='ltr' id='par_1_66' title="bbox 2027 1920 3673 1995">
     <span class='ocr_line' id='line_1_67' title="bbox 2027 1920 3673 1995; baseline -0.001 -19"><span class='ocrx_word' id='word_1_453' title='bbox 2027 1921 2289 1995; x_wconf 86' lang='lat' dir='ltr'><strong>prudens</strong></span> <span class='ocrx_word' id='word_1_454' title='bbox 2319 1922 2563 1994; x_wconf 83' lang='lat' dir='ltr'><strong>regique</strong></span> <span class='ocrx_word' id='word_1_455' title='bbox 2592 1921 2907 1977; x_wconf 86' lang='lat' dir='ltr'><strong>familiaris</strong></span> <span class='ocrx_word' id='word_1_456' title='bbox 2941 1922 3172 1992; x_wconf 88' lang='lat' dir='ltr'><strong>ipsique</strong></span> <span class='ocrx_word' id='word_1_457' title='bbox 3216 1920 3501 1976; x_wconf 85' lang='lat' dir='ltr'><strong>Michaelo</strong></span> <span class='ocrx_word' id='word_1_458' title='bbox 3551 1936 3673 1975; x_wconf 88' lang='lat' dir='ltr'><strong>non</strong></span> 
     </span>
    </p>
   </div>
   <div class='ocr_carea' id='block_1_67' title="bbox 2025 2009 3674 2084">
    <p class='ocr_par' dir='ltr' id='par_1_67' title="bbox 2025 2009 3674 2084">
     <span class='ocr_line' id='line_1_68' title="bbox 2025 2009 3674 2084; baseline -0.002 -18"><span class='ocrx_word' id='word_1_459' title='bbox 2025 2010 2280 2084; x_wconf 86' lang='lat' dir='ltr'><strong>ignotus.</strong></span> <span class='ocrx_word' id='word_1_460' title='bbox 2314 2011 2497 2075; x_wconf 82' lang='lat' dir='ltr'><strong>Quem</strong></span> <span class='ocrx_word' id='word_1_461' title='bbox 2525 2011 2575 2065; x_wconf 90' lang='lat' dir='ltr'><strong>is</strong></span> <span class='ocrx_word' id='word_1_462' title='bbox 2606 2027 2741 2066; x_wconf 90' lang='lat' dir='ltr'><strong>cum</strong></span> <span class='ocrx_word' id='word_1_463' title='bbox 2773 2026 2929 2082; x_wconf 73' lang='lat' dir='ltr'><strong>saape</strong></span> <span class='ocrx_word' id='word_1_464' title='bbox 2952 2009 3025 2065; x_wconf 88' lang='lat' dir='ltr'><strong>ab</strong></span> <span class='ocrx_word' id='word_1_465' title='bbox 3074 2010 3394 2065; x_wconf 89' lang='lat' dir='ltr'><strong>immodica</strong></span> <span class='ocrx_word' id='word_1_466' title='bbox 3437 2009 3674 2065; x_wconf 92' lang='lat' dir='ltr'><strong>dicendi</strong></span> 
     </span>
    </p>
   </div>
   <div class='ocr_carea' id='block_1_68' title="bbox 2026 2097 3676 2169">
    <p class='ocr_par' dir='ltr' id='par_1_68' title="bbox 2026 2097 3676 2169">
     <span class='ocr_line' id='line_1_69' title="bbox 2026 2097 3676 2169; baseline -0.001 -15"><span class='ocrx_word' id='word_1_467' title='bbox 2026 2097 2270 2155; x_wconf 87' lang='lat' dir='ltr'><strong>licentia</strong></span> <span class='ocrx_word' id='word_1_468' title='bbox 2298 2104 2457 2154; x_wconf 89' lang='lat' dir='ltr'><strong>esset</strong></span> <span class='ocrx_word' id='word_1_469' title='bbox 2484 2098 2847 2163; x_wconf 90' lang='lat' dir='ltr'><strong>dehortatus,</strong></span> <span class='ocrx_word' id='word_1_470' title='bbox 2880 2099 3327 2169; x_wconf 88' lang='lat' dir='ltr'><strong>monuissetque</strong></span> <span class='ocrx_word' id='word_1_471' title='bbox 3356 2104 3424 2153; x_wconf 90' lang='lat' dir='ltr'><strong>ut</strong></span> <span class='ocrx_word' id='word_1_472' title='bbox 3453 2102 3676 2154; x_wconf 89' lang='lat' dir='ltr'><strong>taceret</strong></span> 
     </span>
    </p>
   </div>
   <div class='ocr_carea' id='block_1_69' title="bbox 2025 2188 3674 2260">
    <p class='ocr_par' dir='ltr' id='par_1_69' title="bbox 2025 2188 3674 2260">
     <span class='ocr_line' id='line_1_70' title="bbox 2025 2188 3674 2260; baseline -0.001 -16"><span class='ocrx_word' id='word_1_473' title='bbox 2025 2203 2220 2259; x_wconf 90' lang='lat' dir='ltr'><strong>neque</strong></span> <span class='ocrx_word' id='word_1_474' title='bbox 2251 2192 2371 2243; x_wconf 91' lang='lat' dir='ltr'><strong>tam</strong></span> <span class='ocrx_word' id='word_1_475' title='bbox 2395 2188 2816 2260; x_wconf 89' lang='lat' dir='ltr'><strong>intempestiva</strong></span> <span class='ocrx_word' id='word_1_476' title='bbox 2846 2188 3121 2244; x_wconf 88' lang='lat' dir='ltr'><strong>libertate</strong></span> <span class='ocrx_word' id='word_1_477' title='bbox 3152 2188 3271 2243; x_wconf 89' lang='lat' dir='ltr'><strong>oris</strong></span> <span class='ocrx_word' id='word_1_478' title='bbox 3302 2188 3364 2241; x_wconf 93' lang='lat' dir='ltr'><strong>in</strong></span> <span class='ocrx_word' id='word_1_479' title='bbox 3411 2204 3674 2258; x_wconf 83' lang='lat' dir='ltr'><strong>praesens</strong></span> 
     </span>
    </p>
   </div>
   <div class='ocr_carea' id='block_1_70' title="bbox 2023 2276 3673 2349">
    <p class='ocr_par' dir='ltr' id='par_1_70' title="bbox 2023 2276 3673 2349">
     <span class='ocr_line' id='line_1_71' title="bbox 2023 2276 3673 2349; baseline -0.002 -16"><span class='ocrx_word' id='word_1_480' title='bbox 2023 2277 2355 2349; x_wconf 88' lang='lat' dir='ltr'><strong>periculum</strong></span> <span class='ocrx_word' id='word_1_481' title='bbox 2389 2294 2452 2332; x_wconf 88' lang='lat' dir='ltr'><strong>se</strong></span> <span class='ocrx_word' id='word_1_482' title='bbox 2491 2277 2835 2348; x_wconf 89' lang='lat' dir='ltr'><strong>conjiceret,</strong></span> <span class='ocrx_word' id='word_1_483' title='bbox 2896 2294 3029 2332; x_wconf 90' lang='lat' dir='ltr'><strong>cum</strong></span> <span class='ocrx_word' id='word_1_484' title='bbox 3088 2293 3208 2331; x_wconf 92' lang='lat' dir='ltr'><strong>non</strong></span> <span class='ocrx_word' id='word_1_485' title='bbox 3265 2276 3673 2347; x_wconf 89' lang='lat' dir='ltr'><strong>persuaderet,</strong></span> 
     </span>
    </p>
   </div>
   <div class='ocr_carea' id='block_1_71' title="bbox 2026 2364 3679 2437">
    <p class='ocr_par' dir='ltr' id='par_1_71' title="bbox 2026 2364 3679 2437">
     <span class='ocr_line' id='line_1_72' title="bbox 2026 2364 3679 2437; baseline -0.001 -17"><span class='ocrx_word' id='word_1_486' title='bbox 2026 2365 2227 2421; x_wconf 87' lang='lat' dir='ltr'><strong>omnia</strong></span> <span class='ocrx_word' id='word_1_487' title='bbox 2256 2366 2387 2437; x_wconf 87' lang='lat' dir='ltr'><strong>ejus</strong></span> <span class='ocrx_word' id='word_1_488' title='bbox 2434 2365 2645 2421; x_wconf 83' lang='lat' dir='ltr'><strong>studia</strong></span> <span class='ocrx_word' id='word_1_489' title='bbox 2692 2365 3037 2437; x_wconf 87' lang='lat' dir='ltr'><strong>imperatori</strong></span> <span class='ocrx_word' id='word_1_490' title='bbox 3087 2364 3426 2419; x_wconf 87' lang='lat' dir='ltr'><strong>declaravit.</strong></span> <span class='ocrx_word' id='word_1_491' title='bbox 3481 2364 3679 2419; x_wconf 91' lang='lat' dir='ltr'><strong>Pridie</strong></span> 
     </span>
    </p>
   </div>
   <div class='ocr_carea' id='block_1_72' title="bbox 2023 2454 3680 2526">
    <p class='ocr_par' dir='ltr' id='par_1_72' title="bbox 2023 2454 3680 2526">
     <span class='ocr_line' id='line_1_73' title="bbox 2023 2454 3680 2526; baseline -0.002 -16"><span class='ocrx_word' id='word_1_492' title='bbox 2023 2456 2225 2526; x_wconf 86' lang='lat' dir='ltr'><strong>itaque</strong></span> <span class='ocrx_word' id='word_1_493' title='bbox 2265 2454 2675 2510; x_wconf 89' lang='lat' dir='ltr'><strong>natalitiorum</strong></span> <span class='ocrx_word' id='word_1_494' title='bbox 2738 2454 2953 2509; x_wconf 89' lang='lat' dir='ltr'><strong>Christi</strong></span> <span class='ocrx_word' id='word_1_495' title='bbox 3006 2454 3333 2524; x_wconf 89' lang='lat' dir='ltr'><strong>imperator</strong></span> <span class='ocrx_word' id='word_1_496' title='bbox 3377 2454 3680 2524; x_wconf 88' lang='lat' dir='ltr'><strong>perceptis</strong></span> 
     </span>
    </p>
   </div>
   <div class='ocr_carea' id='block_1_73' title="bbox 2023 2542 3681 2614">
    <p class='ocr_par' dir='ltr' id='par_1_73' title="bbox 2023 2542 3681 2614">
     <span class='ocr_line' id='line_1_74' title="bbox 2023 2542 3681 2614; baseline -0.002 -14"><span class='ocrx_word' id='word_1_497' title='bbox 2023 2543 2262 2600; x_wconf 88' lang='lat' dir='ltr'><strong>indiciis</strong></span> <span class='ocrx_word' id='word_1_498' title='bbox 2292 2544 2353 2598; x_wconf 90' lang='lat' dir='ltr'><strong>in</strong></span> <span class='ocrx_word' id='word_1_499' title='bbox 2386 2543 2623 2599; x_wconf 88' lang='lat' dir='ltr'><strong>archivo</strong></span> <span class='ocrx_word' id='word_1_500' title='bbox 2655 2560 2761 2614; x_wconf 90' lang='lat' dir='ltr'><strong>pro</strong></span> <span class='ocrx_word' id='word_1_501' title='bbox 2793 2542 3079 2598; x_wconf 88' lang='lat' dir='ltr'><strong>tribunali</strong></span> <span class='ocrx_word' id='word_1_502' title='bbox 3111 2542 3379 2597; x_wconf 88' lang='lat' dir='ltr'><strong>considet</strong></span> <span class='ocrx_word' id='word_1_503' title='bbox 3418 2543 3543 2612; x_wconf 89' lang='lat' dir='ltr'><strong>ipse</strong></span> <span class='ocrx_word' id='word_1_504' title='bbox 3598 2542 3681 2597; x_wconf 93' lang='lat' dir='ltr'><strong>de</strong></span> 
     </span>
    </p>
   </div>
   <div class='ocr_carea' id='block_1_74' title="bbox 2020 2630 3672 2704">
    <p class='ocr_par' dir='ltr' id='par_1_74' title="bbox 2020 2630 3672 2704">
     <span class='ocr_line' id='line_1_75' title="bbox 2020 2630 3672 2704; baseline -0.002 -15"><span class='ocrx_word' id='word_1_505' title='bbox 2020 2633 2096 2689; x_wconf 88' lang='lat' dir='ltr'><strong>iis</strong></span> <span class='ocrx_word' id='word_1_506' title='bbox 2126 2633 2540 2704; x_wconf 89' lang='lat' dir='ltr'><strong>inquisiturus.</strong></span> <span class='ocrx_word' id='word_1_507' title='bbox 2572 2632 2658 2687; x_wconf 91' lang='lat' dir='ltr'><strong>lbi</strong></span> <span class='ocrx_word' id='word_1_508' title='bbox 2684 2632 3005 2688; x_wconf 89' lang='lat' dir='ltr'><strong>Michaelus</strong></span> <span class='ocrx_word' id='word_1_509' title='bbox 3034 2649 3097 2686; x_wconf 92' lang='lat' dir='ltr'><strong>re</strong></span> <span class='ocrx_word' id='word_1_510' title='bbox 3137 2636 3410 2686; x_wconf 89' lang='lat' dir='ltr'><strong>accurate</strong></span> <span class='ocrx_word' id='word_1_511' title='bbox 3460 2630 3672 2701; x_wconf 83' lang='lat' dir='ltr'><strong>explo-</strong></span> 
     </span>
    </p>
   </div>
   <div class='ocr_carea' id='block_1_75' title="bbox 2020 2720 3674 2793">
    <p class='ocr_par' dir='ltr' id='par_1_75' title="bbox 2020 2720 3674 2793">
     <span class='ocr_line' id='line_1_76' title="bbox 2020 2720 3674 2793; baseline -0.002 -15"><span class='ocrx_word' id='word_1_512' title='bbox 2020 2728 2150 2778; x_wconf 87' lang='lat' dir='ltr'><strong>rata</strong></span> <span class='ocrx_word' id='word_1_513' title='bbox 2172 2723 2459 2778; x_wconf 76' lang='lat' dir='ltr'><strong>affectatae</strong></span> <span class='ocrx_word' id='word_1_514' title='bbox 2481 2721 2817 2792; x_wconf 86' lang='lat' dir='ltr'><strong>tyrannidis</strong></span> <span class='ocrx_word' id='word_1_515' title='bbox 2837 2737 2975 2777; x_wconf 89' lang='lat' dir='ltr'><strong>reus</strong></span> <span class='ocrx_word' id='word_1_516' title='bbox 2991 2720 3312 2793; x_wconf 76' lang='lat' dir='ltr'><strong>peragitur,</strong></span> <span class='ocrx_word' id='word_1_517' title='bbox 3337 2721 3465 2791; x_wconf 92' lang='lat' dir='ltr'><strong>ipse</strong></span> <span class='ocrx_word' id='word_1_518' title='bbox 3493 2720 3674 2774; x_wconf 89' lang='lat' dir='ltr'><strong>etiam</strong></span> 
     </span>
    </p>
   </div>
   <div class='ocr_carea' id='block_1_76' title="bbox 2022 2808 3670 2887">
    <p class='ocr_par' dir='ltr' id='par_1_76' title="bbox 2022 2808 3670 2887">
     <span class='ocr_line' id='line_1_77' title="bbox 2022 2808 3670 2887; baseline -0.004 -20"><span class='ocrx_word' id='word_1_519' title='bbox 2022 2811 2292 2867; x_wconf 85' lang='lat' dir='ltr'><strong>confiteri</strong></span> <span class='ocrx_word' id='word_1_520' title='bbox 2335 2810 2528 2865; x_wconf 91' lang='lat' dir='ltr'><strong>scelus</strong></span> <span class='ocrx_word' id='word_1_521' title='bbox 2586 2810 2658 2864; x_wconf 89' lang='lat' dir='ltr'><strong>ob</strong></span> <span class='ocrx_word' id='word_1_522' title='bbox 2718 2809 3134 2881; x_wconf 87' lang='lat' dir='ltr'><strong>probationum</strong></span> <span class='ocrx_word' id='word_1_523' title='bbox 3187 2808 3670 2887; x_wconf 77' lang='lat' dir='ltr'><strong>perspicuitatem</strong></span> 
     </span>
    </p>
   </div>
   <div class='ocr_carea' id='block_1_77' title="bbox 2022 2895 3665 2967">
    <p class='ocr_par' dir='ltr' id='par_1_77' title="bbox 2022 2895 3665 2967">
     <span class='ocr_line' id='line_1_78' title="bbox 2022 2895 3665 2967; baseline -0.004 -13"><span class='ocrx_word' id='word_1_524' title='bbox 2022 2904 2298 2966; x_wconf 84' lang='lat' dir='ltr'><strong>coactus;</strong></span> <span class='ocrx_word' id='word_1_525' title='bbox 2331 2897 2635 2967; x_wconf 84' lang='lat' dir='ltr'><strong>ferturque</strong></span> <span class='ocrx_word' id='word_1_526' title='bbox 2667 2897 2728 2951; x_wconf 90' lang='lat' dir='ltr'><strong>in</strong></span> <span class='ocrx_word' id='word_1_527' title='bbox 2760 2913 2892 2951; x_wconf 89' lang='lat' dir='ltr'><strong>eum</strong></span> <span class='ocrx_word' id='word_1_528' title='bbox 2922 2897 3237 2964; x_wconf 87' lang='lat' dir='ltr'><strong>sententia,</strong></span> <span class='ocrx_word' id='word_1_529' title='bbox 3272 2901 3336 2950; x_wconf 89' lang='lat' dir='ltr'><strong>ut</strong></span> <span class='ocrx_word' id='word_1_530' title='bbox 3364 2897 3427 2949; x_wconf 89' lang='lat' dir='ltr'><strong>in</strong></span> <span class='ocrx_word' id='word_1_531' title='bbox 3479 2895 3665 2949; x_wconf 91' lang='lat' dir='ltr'><strong>cami-</strong></span> 
     </span>
    </p>
   </div>
   <div class='ocr_carea' id='block_1_78' title="bbox 2021 2982 3666 3055">
    <p class='ocr_par' dir='ltr' id='par_1_78' title="bbox 2021 2982 3666 3055">
     <span class='ocr_line' id='line_1_79' title="bbox 2021 2982 3666 3055; baseline -0.005 -11"><span class='ocrx_word' id='word_1_532' title='bbox 2021 3004 2168 3044; x_wconf 88' lang='lat' dir='ltr'><strong>num</strong></span> <span class='ocrx_word' id='word_1_533' title='bbox 2199 2986 2436 3054; x_wconf 85' lang='lat' dir='ltr'><strong>lavacri,</strong></span> <span class='ocrx_word' id='word_1_534' title='bbox 2470 2985 2626 3055; x_wconf 90' lang='lat' dir='ltr'><strong>quod</strong></span> <span class='ocrx_word' id='word_1_535' title='bbox 2657 2990 2746 3039; x_wconf 86' lang='lat' dir='ltr'><strong>est</strong></span> <span class='ocrx_word' id='word_1_536' title='bbox 2775 2985 2838 3039; x_wconf 93' lang='lat' dir='ltr'><strong>in</strong></span> <span class='ocrx_word' id='word_1_537' title='bbox 2868 2984 3110 3055; x_wconf 90' lang='lat' dir='ltr'><strong>palatio,</strong></span> <span class='ocrx_word' id='word_1_538' title='bbox 3141 2985 3303 3038; x_wconf 84' lang='lat' dir='ltr'><strong>vivus</strong></span> <span class='ocrx_word' id='word_1_539' title='bbox 3361 2982 3666 3053; x_wconf 85' lang='lat' dir='ltr'><strong>conjectus</strong></span> 
     </span>
    </p>
   </div>
   <div class='ocr_carea' id='block_1_79' title="bbox 2022 3071 3660 3145">
    <p class='ocr_par' dir='ltr' id='par_1_79' title="bbox 2022 3071 3660 3145">
     <span class='ocr_line' id='line_1_80' title="bbox 2022 3071 3660 3145; baseline -0.005 -13"><span class='ocrx_word' id='word_1_540' title='bbox 2022 3080 2339 3145; x_wconf 86' lang='lat' dir='ltr'><strong>cremetur,</strong></span> <span class='ocrx_word' id='word_1_541' title='bbox 2373 3074 2725 3145; x_wconf 86' lang='lat' dir='ltr'><strong>inspiciente</strong></span> <span class='ocrx_word' id='word_1_542' title='bbox 2757 3073 3133 3144; x_wconf 88' lang='lat' dir='ltr'><strong>imperatore.</strong></span> <span class='ocrx_word' id='word_1_543' title='bbox 3169 3073 3312 3126; x_wconf 89' lang='lat' dir='ltr'><strong>Cum</strong></span> <span class='ocrx_word' id='word_1_544' title='bbox 3350 3072 3477 3142; x_wconf 89' lang='lat' dir='ltr'><strong>jam</strong></span> <span class='ocrx_word' id='word_1_545' title='bbox 3527 3071 3660 3124; x_wconf 89' lang='lat' dir='ltr'><strong>vin-</strong></span> 
     </span>
    </p>
   </div>
   <div class='ocr_carea' id='block_1_80' title="bbox 2023 3160 3665 3234">
    <p class='ocr_par' dir='ltr' id='par_1_80' title="bbox 2023 3160 3665 3234">
     <span class='ocr_line' id='line_1_81' title="bbox 2023 3160 3665 3234; baseline -0.005 -13"><span class='ocrx_word' id='word_1_546' title='bbox 2023 3170 2150 3221; x_wconf 88' lang='lat' dir='ltr'><strong>ctus</strong></span> <span class='ocrx_word' id='word_1_547' title='bbox 2179 3163 2252 3218; x_wconf 90' lang='lat' dir='ltr'><strong>ad</strong></span> <span class='ocrx_word' id='word_1_548' title='bbox 2306 3161 2664 3234; x_wconf 88' lang='lat' dir='ltr'><strong>supplicium</strong></span> <span class='ocrx_word' id='word_1_549' title='bbox 2721 3160 3056 3227; x_wconf 89' lang='lat' dir='ltr'><strong>duceretur,</strong></span> <span class='ocrx_word' id='word_1_550' title='bbox 3116 3161 3293 3231; x_wconf 92' lang='lat' dir='ltr'><strong>idque</strong></span> <span class='ocrx_word' id='word_1_551' title='bbox 3341 3160 3665 3230; x_wconf 90' lang='lat' dir='ltr'><strong>imperator</strong></span> 
     </span>
    </p>
   </div>
   <div class='ocr_carea' id='block_1_81' title="bbox 2023 3248 3663 3322">
    <p class='ocr_par' dir='ltr' id='par_1_81' title="bbox 2023 3248 3663 3322">
     <span class='ocr_line' id='line_1_82' title="bbox 2023 3248 3663 3322; baseline -0.005 -12"><span class='ocrx_word' id='word_1_552' title='bbox 2023 3269 2225 3310; x_wconf 87' lang='lat' dir='ltr'><strong>coram</strong></span> <span class='ocrx_word' id='word_1_553' title='bbox 2284 3267 2527 3307; x_wconf 91' lang='lat' dir='ltr'><strong>cernere</strong></span> <span class='ocrx_word' id='word_1_554' title='bbox 2585 3251 2849 3322; x_wconf 79' lang='lat' dir='ltr'><strong>gestiret,</strong></span> <span class='ocrx_word' id='word_1_555' title='bbox 2908 3250 3147 3304; x_wconf 88' lang='lat' dir='ltr'><strong>interim</strong></span> <span class='ocrx_word' id='word_1_556' title='bbox 3202 3248 3345 3304; x_wconf 91' lang='lat' dir='ltr'><strong>dum</strong></span> <span class='ocrx_word' id='word_1_557' title='bbox 3405 3248 3663 3319; x_wconf 89' lang='lat' dir='ltr'><strong>spatium</strong></span> 
     </span>
    </p>
   </div>
   <div class='ocr_carea' id='block_1_82' title="bbox 2023 3337 3663 3414">
    <p class='ocr_par' dir='ltr' id='par_1_82' title="bbox 2023 3337 3663 3414">
     <span class='ocr_line' id='line_1_83' title="bbox 2023 3337 3663 3414; baseline -0.005 -16"><span class='ocrx_word' id='word_1_558' title='bbox 2023 3359 2139 3414; x_wconf 88' lang='lat' dir='ltr'><strong>quo</strong></span> <span class='ocrx_word' id='word_1_559' title='bbox 2206 3340 2279 3397; x_wconf 90' lang='lat' dir='ltr'><strong>ad</strong></span> <span class='ocrx_word' id='word_1_560' title='bbox 2346 3339 2544 3395; x_wconf 91' lang='lat' dir='ltr'><strong>locum</strong></span> <span class='ocrx_word' id='word_1_561' title='bbox 2609 3356 2796 3410; x_wconf 71' lang='lat' dir='ltr'><strong>pmnae</strong></span> <span class='ocrx_word' id='word_1_562' title='bbox 2862 3339 3096 3393; x_wconf 90' lang='lat' dir='ltr'><strong>venitur</strong></span> <span class='ocrx_word' id='word_1_563' title='bbox 3155 3337 3663 3410; x_wconf 87' lang='lat' dir='ltr'><strong>perambularent,</strong></span> 
     </span>
    </p>
   </div>
   <div class='ocr_carea' id='block_1_83' title="bbox 2024 3425 3669 3505">
    <p class='ocr_par' dir='ltr' id='par_1_83' title="bbox 2024 3425 3669 3505">
     <span class='ocr_line' id='line_1_84' title="bbox 2024 3425 3669 3505; baseline -0.005 -17"><span class='ocrx_word' id='word_1_564' title='bbox 2024 3431 2368 3505; x_wconf 85' lang='lat' dir='ltr'><strong>imperatrix</strong></span> <span class='ocrx_word' id='word_1_565' title='bbox 2397 3429 2746 3496; x_wconf 89' lang='lat' dir='ltr'><strong>Theodosia,</strong></span> <span class='ocrx_word' id='word_1_566' title='bbox 2794 3428 3070 3484; x_wconf 89' lang='lat' dir='ltr'><strong>Arsaberi</strong></span> <span class='ocrx_word' id='word_1_567' title='bbox 3120 3427 3303 3482; x_wconf 87' lang='lat' dir='ltr'><strong>ﬁliola</strong></span> <span class='ocrx_word' id='word_1_568' title='bbox 3349 3426 3477 3493; x_wconf 90' lang='lat' dir='ltr'><strong>illa,</strong></span> <span class='ocrx_word' id='word_1_569' title='bbox 3526 3425 3669 3495; x_wconf 90' lang='lat' dir='ltr'><strong>quid</strong></span> 
     </span>
    </p>
   </div>
   <div class='ocr_carea' id='block_1_84' title="bbox 2022 3515 3666 3595">
    <p class='ocr_par' dir='ltr' id='par_1_84' title="bbox 2022 3515 3666 3595">
     <span class='ocr_line' id='line_1_85' title="bbox 2022 3515 3666 3595; baseline -0.005 -18"><span class='ocrx_word' id='word_1_570' title='bbox 2022 3520 2313 3595; x_wconf 88' lang='lat' dir='ltr'><strong>agendum</strong></span> <span class='ocrx_word' id='word_1_571' title='bbox 2346 3523 2504 3576; x_wconf 90' lang='lat' dir='ltr'><strong>esset</strong></span> <span class='ocrx_word' id='word_1_572' title='bbox 2550 3519 2805 3592; x_wconf 87' lang='lat' dir='ltr'><strong>cognito,</strong></span> <span class='ocrx_word' id='word_1_573' title='bbox 2869 3518 3145 3572; x_wconf 88' lang='lat' dir='ltr'><strong>celeriter</strong></span> <span class='ocrx_word' id='word_1_574' title='bbox 3203 3516 3465 3571; x_wconf 88' lang='lat' dir='ltr'><strong>thalamo</strong></span> <span class='ocrx_word' id='word_1_575' title='bbox 3522 3515 3666 3580; x_wconf 86' lang='lat' dir='ltr'><strong>exit,</strong></span> 
     </span>
    </p>
   </div>
   <div class='ocr_carea' id='block_1_85' title="bbox 2021 3606 3667 3683">
    <p class='ocr_par' dir='ltr' id='par_1_85' title="bbox 2021 3606 3667 3683">
     <span class='ocr_line' id='line_1_86' title="bbox 2021 3606 3667 3683; baseline -0.005 -16"><span class='ocrx_word' id='word_1_576' title='bbox 2021 3611 2258 3668; x_wconf 80' lang='lat' dir='ltr'><strong>bacchae</strong></span> <span class='ocrx_word' id='word_1_577' title='bbox 2287 3609 2599 3683; x_wconf 86' lang='lat' dir='ltr'><strong>cujusdam</strong></span> <span class='ocrx_word' id='word_1_578' title='bbox 2631 3610 2818 3664; x_wconf 89' lang='lat' dir='ltr'><strong>instar</strong></span> <span class='ocrx_word' id='word_1_579' title='bbox 2848 3612 3013 3661; x_wconf 90' lang='lat' dir='ltr'><strong>motu</strong></span> <span class='ocrx_word' id='word_1_580' title='bbox 3048 3606 3268 3661; x_wconf 82' lang='lat' dir='ltr'><strong>furioso</strong></span> <span class='ocrx_word' id='word_1_581' title='bbox 3301 3621 3434 3660; x_wconf 87' lang='lat' dir='ltr'><strong>sece</strong></span> <span class='ocrx_word' id='word_1_582' title='bbox 3464 3621 3667 3676; x_wconf 81' lang='lat' dir='ltr'><strong>agens,</strong></span> 
     </span>
    </p>
   </div>
   <div class='ocr_carea' id='block_1_86' title="bbox 2024 3694 3671 3772">
    <p class='ocr_par' dir='ltr' id='par_1_86' title="bbox 2024 3694 3671 3772">
     <span class='ocr_line' id='line_1_87' title="bbox 2024 3694 3671 3772; baseline -0.005 -16"><span class='ocrx_word' id='word_1_583' title='bbox 2024 3701 2562 3772; x_wconf 89' lang='lat' dir='ltr'><strong>imperatoremque</strong></span> <span class='ocrx_word' id='word_1_584' title='bbox 2593 3698 3035 3768; x_wconf 88' lang='lat' dir='ltr'><strong>apprehensum</strong></span> <span class='ocrx_word' id='word_1_585' title='bbox 3067 3694 3422 3766; x_wconf 86' lang='lat' dir='ltr'><strong>ﬂagitiosum</strong></span> <span class='ocrx_word' id='word_1_586' title='bbox 3456 3710 3524 3748; x_wconf 89' lang='lat' dir='ltr'><strong>ac</strong></span> <span class='ocrx_word' id='word_1_587' title='bbox 3554 3695 3671 3747; x_wconf 91' lang='lat' dir='ltr'><strong>Deo</strong></span> 
     </span>
    </p>
   </div>
   <div class='ocr_carea' id='block_1_87' title="bbox 2024 3781 3672 3858">
    <p class='ocr_par' dir='ltr' id='par_1_87' title="bbox 2024 3781 3672 3858">
     <span class='ocr_line' id='line_1_88' title="bbox 2024 3781 3672 3858; baseline -0.008 -11"><span class='ocrx_word' id='word_1_588' title='bbox 2024 3789 2433 3847; x_wconf 88' lang='lat' dir='ltr'><strong>adversantem</strong></span> <span class='ocrx_word' id='word_1_589' title='bbox 2466 3785 2746 3858; x_wconf 89' lang='lat' dir='ltr'><strong>appellat,</strong></span> <span class='ocrx_word' id='word_1_590' title='bbox 2781 3784 2883 3855; x_wconf 90' lang='lat' dir='ltr'><strong>qui</strong></span> <span class='ocrx_word' id='word_1_591' title='bbox 2914 3800 2990 3838; x_wconf 92' lang='lat' dir='ltr'><strong>ne</strong></span> <span class='ocrx_word' id='word_1_592' title='bbox 3029 3799 3211 3838; x_wconf 69' lang='lat' dir='ltr'><strong>sacrm</strong></span> <span class='ocrx_word' id='word_1_593' title='bbox 3262 3782 3503 3851; x_wconf 92' lang='lat' dir='ltr'><strong>quidem</strong></span> <span class='ocrx_word' id='word_1_594' title='bbox 3553 3781 3672 3840; x_wconf 89' lang='lat' dir='ltr'><strong>diei</strong></span> 
     </span>
    </p>
   </div>
   <div class='ocr_carea' id='block_1_88' title="bbox 2023 3870 3674 3952">
    <p class='ocr_par' dir='ltr' id='par_1_88' title="bbox 2023 3870 3674 3952">
     <span class='ocr_line' id='line_1_89' title="bbox 2023 3870 3674 3952; baseline -0.007 -18"><span class='ocrx_word' id='word_1_595' title='bbox 2023 3882 2314 3952; x_wconf 88' lang='lat' dir='ltr'><strong>parceret,</strong></span> <span class='ocrx_word' id='word_1_596' title='bbox 2373 3874 2747 3930; x_wconf 88' lang='lat' dir='ltr'><strong>Dominicum</strong></span> <span class='ocrx_word' id='word_1_597' title='bbox 2831 3888 3048 3943; x_wconf 89' lang='lat' dir='ltr'><strong>corpus</strong></span> <span class='ocrx_word' id='word_1_598' title='bbox 3118 3876 3523 3942; x_wconf 88' lang='lat' dir='ltr'><strong>percepturus.</strong></span> <span class='ocrx_word' id='word_1_599' title='bbox 3586 3870 3674 3923; x_wconf 86' lang='lat' dir='ltr'><strong>Ita</strong></span> 
     </span>
    </p>
   </div>
   <div class='ocr_carea' id='block_1_89' title="bbox 2026 3959 3672 4038">
    <p class='ocr_par' dir='ltr' id='par_1_89' title="bbox 2026 3959 3672 4038">
     <span class='ocr_line' id='line_1_90' title="bbox 2026 3959 3672 4038; baseline -0.007 -15"><span class='ocrx_word' id='word_1_600' title='bbox 2026 3964 2405 4038; x_wconf 89' lang='lat' dir='ltr'><strong>imperatoris</strong></span> <span class='ocrx_word' id='word_1_601' title='bbox 2461 3963 2749 4034; x_wconf 89' lang='lat' dir='ltr'><strong>impetum</strong></span> <span class='ocrx_word' id='word_1_602' title='bbox 2808 3977 2878 4015; x_wconf 89' lang='lat' dir='ltr'><strong>ea</strong></span> <span class='ocrx_word' id='word_1_603' title='bbox 2933 3959 3211 4023; x_wconf 89' lang='lat' dir='ltr'><strong>inhibuit,</strong></span> <span class='ocrx_word' id='word_1_604' title='bbox 3280 3964 3347 4013; x_wconf 92' lang='lat' dir='ltr'><strong>ut</strong></span> <span class='ocrx_word' id='word_1_605' title='bbox 3400 3963 3672 4012; x_wconf 91' lang='lat' dir='ltr'><strong>metuens</strong></span> 
     </span>
    </p>
   </div>
   <div class='ocr_carea' id='block_1_90' title="bbox 2028 4046 3671 4120">
    <p class='ocr_par' dir='ltr' id='par_1_90' title="bbox 2028 4046 3671 4120">
     <span class='ocr_line' id='line_1_91' title="bbox 2028 4046 3671 4120; baseline -0.007 -9"><span class='ocrx_word' id='word_1_606' title='bbox 2028 4072 2105 4110; x_wconf 91' lang='lat' dir='ltr'><strong>ne</strong></span> <span class='ocrx_word' id='word_1_607' title='bbox 2144 4056 2331 4109; x_wconf 89' lang='lat' dir='ltr'><strong>Deum</strong></span> <span class='ocrx_word' id='word_1_608' title='bbox 2380 4050 2730 4119; x_wconf 73' lang='lat' dir='ltr'><strong>offenderet,</strong></span> <span class='ocrx_word' id='word_1_609' title='bbox 2784 4050 2843 4104; x_wconf 90' lang='lat' dir='ltr'><strong>in</strong></span> <span class='ocrx_word' id='word_1_610' title='bbox 2900 4049 3215 4120; x_wconf 61' lang='lat' dir='ltr'><strong>praesentia</strong></span> <span class='ocrx_word' id='word_1_611' title='bbox 3270 4047 3460 4103; x_wconf 90' lang='lat' dir='ltr'><strong>salute</strong></span> <span class='ocrx_word' id='word_1_612' title='bbox 3517 4046 3671 4101; x_wconf 73' lang='lat'><strong>863</strong></span> 
     </span>
    </p>
   </div>
   <div class='ocr_carea' id='block_1_91' title="bbox 2026 4135 3672 4208">
    <p class='ocr_par' dir='ltr' id='par_1_91' title="bbox 2026 4135 3672 4208">
     <span class='ocr_line' id='line_1_92' title="bbox 2026 4135 3672 4208; baseline -0.005 -10"><span class='ocrx_word' id='word_1_613' title='bbox 2026 4141 2377 4198; x_wconf 81' lang='lat' dir='ltr'><strong>Michaelum</strong></span> <span class='ocrx_word' id='word_1_614' title='bbox 2438 4138 2693 4200; x_wconf 87' lang='lat' dir='ltr'><strong>donarit,</strong></span> <span class='ocrx_word' id='word_1_615' title='bbox 2780 4137 3163 4208; x_wconf 91' lang='lat' dir='ltr'><strong>compedibus</strong></span> <span class='ocrx_word' id='word_1_616' title='bbox 3230 4136 3406 4191; x_wconf 91' lang='lat' dir='ltr'><strong>modo</strong></span> <span class='ocrx_word' id='word_1_617' title='bbox 3463 4135 3672 4190; x_wconf 89' lang='lat' dir='ltr'><strong>ferreis</strong></span> 
     </span>
    </p>
   </div>
   <div class='ocr_carea' id='block_1_92' title="bbox 2029 4225 3673 4300">
    <p class='ocr_par' dir='ltr' id='par_1_92' title="bbox 2029 4225 3673 4300">
     <span class='ocr_line' id='line_1_93' title="bbox 2029 4225 3673 4300; baseline -0.005 -14"><span class='ocrx_word' id='word_1_618' title='bbox 2029 4230 2365 4294; x_wconf 90' lang='lat' dir='ltr'><strong>inclusum;</strong></span> <span class='ocrx_word' id='word_1_619' title='bbox 2394 4244 2645 4300; x_wconf 89' lang='lat' dir='ltr'><strong>quarum</strong></span> <span class='ocrx_word' id='word_1_620' title='bbox 2691 4229 2850 4283; x_wconf 85' lang='lat' dir='ltr'><strong>clave</strong></span> <span class='ocrx_word' id='word_1_621' title='bbox 2899 4227 3009 4281; x_wconf 92' lang='lat' dir='ltr'><strong>sibi</strong></span> <span class='ocrx_word' id='word_1_622' title='bbox 3067 4231 3317 4291; x_wconf 89' lang='lat' dir='ltr'><strong>retenta,</strong></span> <span class='ocrx_word' id='word_1_623' title='bbox 3368 4225 3673 4279; x_wconf 89' lang='lat' dir='ltr'><strong>hominem</strong></span> 
     </span>
    </p>
   </div>
   <div class='ocr_carea' id='block_1_93' title="bbox 2029 4315 3672 4393">
    <p class='ocr_par' dir='ltr' id='par_1_93' title="bbox 2029 4315 3672 4393">
     <span class='ocr_line' id='line_1_94' title="bbox 2029 4315 3672 4393; baseline -0.005 -18"><span class='ocrx_word' id='word_1_624' title='bbox 2029 4320 2221 4393; x_wconf 72' lang='lat' dir='ltr'><strong>papiaa</strong></span> <span class='ocrx_word' id='word_1_625' title='bbox 2247 4316 2701 4374; x_wconf 90' lang='lat' dir='ltr'><strong>custodiendum</strong></span> <span class='ocrx_word' id='word_1_626' title='bbox 2742 4315 3062 4371; x_wconf 87' lang='lat' dir='ltr'><strong>mandavit.</strong></span> <span class='ocrx_word' id='word_1_627' title='bbox 3110 4315 3197 4371; x_wconf 80' lang='lat' dir='ltr'><strong>Ad</strong></span> <span class='ocrx_word' id='word_1_628' title='bbox 3245 4331 3490 4370; x_wconf 81' lang='lat' dir='ltr'><strong>uxorem</strong></span> <span class='ocrx_word' id='word_1_629' title='bbox 3535 4329 3672 4367; x_wconf 88' lang='lat' dir='ltr'><strong>vero</strong></span> 
     </span>
    </p>
   </div>
   <div class='ocr_carea' id='block_1_94' title="bbox 2031 4401 3672 4475">
    <p class='ocr_par' dir='ltr' id='par_1_94' title="bbox 2031 4401 3672 4475">
     <span class='ocr_line' id='line_1_95' title="bbox 2031 4401 3672 4475; baseline -0.006 -11"><span class='ocrx_word' id='word_1_630' title='bbox 2031 4423 2347 4465; x_wconf 90' lang='lat' dir='ltr'><strong>conversus</strong></span> <span class='ocrx_word' id='word_1_631' title='bbox 2377 4423 2390 4461; x_wconf 91' lang='lat'><strong>:</strong></span> <span class='ocrx_word' id='word_1_632' title='bbox 2424 4428 2450 4456; x_wconf 65' lang='grc' dir='ltr'>ιε</span> <span class='ocrx_word' id='word_1_633' title='bbox 2480 4406 2635 4472; x_wconf 92' lang='lat' dir='ltr'><strong>Feci,</strong></span> <span class='ocrx_word' id='word_1_634' title='bbox 2669 4405 2882 4475; x_wconf 90' lang='lat' dir='ltr'><strong>inquit,</strong></span> <span class='ocrx_word' id='word_1_635' title='bbox 2937 4403 3092 4474; x_wconf 90' lang='lat' dir='ltr'><strong>quod</strong></span> <span class='ocrx_word' id='word_1_636' title='bbox 3126 4403 3384 4473; x_wconf 84' lang='lat' dir='ltr'><strong>jussisti,</strong></span> <span class='ocrx_word' id='word_1_637' title='bbox 3441 4401 3672 4466; x_wconf 89' lang='lat' dir='ltr'><strong>mulier,</strong></span> 
     </span>
    </p>
   </div>
   <div class='ocr_carea' id='block_1_95' title="bbox 2031 4493 3675 4568">
    <p class='ocr_par' dir='ltr' id='par_1_95' title="bbox 2031 4493 3675 4568">
     <span class='ocr_line' id='line_1_96' title="bbox 2031 4493 3675 4568; baseline -0.005 -16"><span class='ocrx_word' id='word_1_638' title='bbox 2031 4498 2149 4553; x_wconf 89' lang='lat' dir='ltr'><strong>tuis</strong></span> <span class='ocrx_word' id='word_1_639' title='bbox 2178 4512 2498 4568; x_wconf 88' lang='lat' dir='ltr'><strong>persuasus</strong></span> <span class='ocrx_word' id='word_1_640' title='bbox 2516 4494 3037 4550; x_wconf 86' lang='lat' dir='ltr'><strong>bacchationibus:</strong></span> <span class='ocrx_word' id='word_1_641' title='bbox 3064 4493 3168 4547; x_wconf 88' lang='lat' dir='ltr'><strong>sed</strong></span> <span class='ocrx_word' id='word_1_642' title='bbox 3192 4498 3253 4547; x_wconf 92' lang='lat' dir='ltr'><strong>tu</strong></span> <span class='ocrx_word' id='word_1_643' title='bbox 3276 4508 3413 4546; x_wconf 81' lang='lat' dir='ltr'><strong>mox</strong></span> <span class='ocrx_word' id='word_1_644' title='bbox 3444 4506 3675 4554; x_wconf 88' lang='lat' dir='ltr'><strong>cernes,</strong></span> 
     </span>
    </p>
   </div>
   <div class='ocr_carea' id='block_1_96' title="bbox 274 4579 1920 4659">
    <p class='ocr_par' dir='ltr' id='par_1_96' title="bbox 274 4579 1920 4659">
     <span class='ocr_line' id='line_1_97' title="bbox 274 4579 1920 4659; baseline -0.001 -19"><span class='ocrx_word' id='word_1_645' title='bbox 274 4584 420 4642; x_wconf 90' lang='grc' dir='ltr'>λυεν.</span> <span class='ocrx_word' id='word_1_646' title='bbox 443 4584 614 4645; x_wconf 84' lang='grc' dir='ltr'>Οὗτος</span> <span class='ocrx_word' id='word_1_647' title='bbox 671 4579 731 4638; x_wconf 72' lang='grc' dir='ltr'>δὲ</span> <span class='ocrx_word' id='word_1_648' title='bbox 784 4586 866 4656; x_wconf 82' lang='grc' dir='ltr'><strong>τῷ</strong></span> <span class='ocrx_word' id='word_1_649' title='bbox 923 4587 1039 4655; x_wconf 87' lang='grc' dir='ltr'><strong>Θεῷ</strong></span> <span class='ocrx_word' id='word_1_650' title='bbox 1091 4584 1168 4657; x_wconf 79' lang='grc' dir='ltr'>μή</span> <span class='ocrx_word' id='word_1_651' title='bbox 1224 4586 1595 4659; x_wconf 87' lang='grc' dir='ltr'>προσκροῦσαι</span> <span class='ocrx_word' id='word_1_652' title='bbox 1645 4581 1920 4647; x_wconf 81' lang='grc' dir='ltr'>δεδοικὼς.</span> 
     </span>
    </p>
   </div>
   <div class='ocr_carea' id='block_1_97' title="bbox 2027 4579 3675 4659">
    <p class='ocr_par' dir='ltr' id='par_1_97' title="bbox 2035 4580 3675 4658">
     <span class='ocr_line' id='line_1_98' title="bbox 2035 4580 3675 4658; baseline -0.006 -15"><span class='ocrx_word' id='word_1_653' title='bbox 2035 4592 2093 4643; x_wconf 93' lang='lat' dir='ltr'><strong>et</strong></span> <span class='ocrx_word' id='word_1_654' title='bbox 2122 4585 2322 4658; x_wconf 90' lang='lat' dir='ltr'><strong>prolos</strong></span> <span class='ocrx_word' id='word_1_655' title='bbox 2360 4589 2581 4646; x_wconf 86' lang='lat' dir='ltr'><strong>nostra,</strong></span> <span class='ocrx_word' id='word_1_656' title='bbox 2615 4583 2758 4654; x_wconf 90' lang='lat' dir='ltr'><strong>quid</strong></span> <span class='ocrx_word' id='word_1_657' title='bbox 2788 4588 3133 4637; x_wconf 86' lang='lat' dir='ltr'><strong>eventurum</strong></span> <span class='ocrx_word' id='word_1_658' title='bbox 3167 4582 3261 4647; x_wconf 89' lang='lat' dir='ltr'><strong>sit,</strong></span> <span class='ocrx_word' id='word_1_659' title='bbox 3295 4581 3475 4637; x_wconf 87' lang='lat' dir='ltr'><strong>etiam</strong></span> <span class='ocrx_word' id='word_1_660' title='bbox 3506 4580 3553 4633; x_wconf 91' lang='lat' dir='ltr'><strong>si</strong></span> <span class='ocrx_word' id='word_1_661' title='bbox 3582 4595 3675 4633; x_wconf 90' lang='lat' dir='ltr'><strong>me</strong></span> 
     </span>
    </p>
   </div>
   <div class='ocr_carea' id='block_1_98' title="bbox 271 4670 1928 4750">
    <p class='ocr_par' dir='ltr' id='par_1_98' title="bbox 271 4670 1928 4750">
     <span class='ocr_line' id='line_1_99' title="bbox 271 4670 1928 4750; baseline -0.001 -19"><span class='ocrx_word' id='word_1_662' title='bbox 271 4676 336 4731; x_wconf 81' lang='grc' dir='ltr'>τὸ</span> <span class='ocrx_word' id='word_1_663' title='bbox 369 4675 467 4747; x_wconf 77' lang='grc' dir='ltr'><strong>μὶν</strong></span> <span class='ocrx_word' id='word_1_664' title='bbox 496 4679 845 4750; x_wconf 77' lang='grc' dir='ltr'>παραχρῆμα</span> <span class='ocrx_word' id='word_1_665' title='bbox 873 4670 1251 4748; x_wconf 89' lang='grc' dir='ltr'>παλίντροπον</span> <span class='ocrx_word' id='word_1_666' title='bbox 1305 4672 1454 4745; x_wconf 84' lang='grc' dir='ltr'>αύτῷ</span> <span class='ocrx_word' id='word_1_667' title='bbox 1507 4675 1610 4743; x_wconf 75' lang='grc' dir='ltr'>τὴν</span> <span class='ocrx_word' id='word_1_668' title='bbox 1657 4674 1928 4750; x_wconf 87' lang='grc' dir='ltr'>σωτηρίαν</span> 
     </span>
    </p>
   </div>
   <div class='ocr_carea' id='block_1_99' title="bbox 271 4757 1924 4837">
    <p class='ocr_par' dir='ltr' id='par_1_99' title="bbox 271 4757 1924 4837">
     <span class='ocr_line' id='line_1_100' title="bbox 271 4757 1924 4837; baseline 0 -19"><span class='ocrx_word' id='word_1_669' title='bbox 271 4757 583 4837; x_wconf 75' lang='grc' dir='ltr'>έϐρᾶὅευσε,</span> <span class='ocrx_word' id='word_1_670' title='bbox 651 4758 875 4835; x_wconf 88' lang='grc' dir='ltr'>σίδηρον</span> <span class='ocrx_word' id='word_1_671' title='bbox 946 4758 1005 4817; x_wconf 72' lang='grc' dir='ltr'>δὲ</span> <span class='ocrx_word' id='word_1_672' title='bbox 1068 4767 1186 4826; x_wconf 86' lang='grc' dir='ltr'>τοῖς</span> <span class='ocrx_word' id='word_1_673' title='bbox 1276 4763 1402 4817; x_wconf 75' lang='grc' dir='ltr'>ποσὶ</span> <span class='ocrx_word' id='word_1_674' title='bbox 1494 4763 1735 4835; x_wconf 83' lang='grc' dir='ltr'>περιθεὶς</span> <span class='ocrx_word' id='word_1_675' title='bbox 1827 4767 1924 4818; x_wconf 87' lang='grc' dir='ltr'><strong>τοῦ</strong></span> 
     </span>
    </p>
   </div>
   <div class='ocr_carea' id='block_1_100' title="bbox 271 4847 1928 4928">
    <p class='ocr_par' dir='ltr' id='par_1_100' title="bbox 271 4847 1928 4928">
     <span class='ocr_line' id='line_1_101' title="bbox 271 4847 1928 4928; baseline 0 -21"><span class='ocrx_word' id='word_1_676' title='bbox 271 4849 532 4927; x_wconf 81' lang='grc' dir='ltr'>Μιχαὴλ,</span> <span class='ocrx_word' id='word_1_677' title='bbox 562 4852 651 4907; x_wconf 81' lang='grc' dir='ltr'><strong>καὶ</strong></span> <span class='ocrx_word' id='word_1_678' title='bbox 684 4857 784 4921; x_wconf 84' lang='grc' dir='ltr'><strong>τῆς</strong></span> <span class='ocrx_word' id='word_1_679' title='bbox 835 4847 1054 4913; x_wconf 80' lang='grc' dir='ltr'>κλειδδς</span> <span class='ocrx_word' id='word_1_680' title='bbox 1111 4850 1289 4923; x_wconf 74' lang='grc' dir='ltr'>ἑαυτῷ</span> <span class='ocrx_word' id='word_1_681' title='bbox 1346 4850 1448 4919; x_wconf 79' lang='grc' dir='ltr'>τὴν</span> <span class='ocrx_word' id='word_1_682' title='bbox 1509 4852 1743 4928; x_wconf 76' lang='grc' dir='ltr'>φρουρὰν</span> <span class='ocrx_word' id='word_1_683' title='bbox 1805 4850 1928 4907; x_wconf 81' lang='grc' dir='ltr'>έπι-</span> 
     </span>
    </p>
   </div>
   <div class='ocr_carea' id='block_1_101' title="bbox 267 4938 1926 5017">
    <p class='ocr_par' dir='ltr' id='par_1_101' title="bbox 267 4938 1926 5017">
     <span class='ocr_line' id='line_1_102' title="bbox 267 4938 1926 5017; baseline -0.001 -18"><span class='ocrx_word' id='word_1_684' title='bbox 267 4942 494 5017; x_wconf 80' lang='grc' dir='ltr'>τρέψας,</span> <span class='ocrx_word' id='word_1_685' title='bbox 551 4942 634 5013; x_wconf 75' lang='grc' dir='ltr'><strong>τῷ</strong></span> <span class='ocrx_word' id='word_1_686' title='bbox 689 4940 867 5012; x_wconf 78' lang='grc' dir='ltr'>παπίᾳ</span> <span class='ocrx_word' id='word_1_687' title='bbox 922 4941 1023 5009; x_wconf 76' lang='grc' dir='ltr'>τὴν</span> <span class='ocrx_word' id='word_1_688' title='bbox 1081 4939 1247 4996; x_wconf 81' lang='grc' dir='ltr'>αὐτοῦ</span> <span class='ocrx_word' id='word_1_689' title='bbox 1306 4938 1556 5016; x_wconf 77' lang='grc' dir='ltr'>φυλακὴν</span> <span class='ocrx_word' id='word_1_690' title='bbox 1624 4941 1926 5011; x_wconf 78' lang='grc' dir='ltr'>ἀνατίθησι.</span> 
     </span>
    </p>
   </div>
   <div class='ocr_carea' id='block_1_102' title="bbox 272 5023 1927 5108">
    <p class='ocr_par' dir='ltr' id='par_1_102' title="bbox 272 5023 1927 5108">
     <span class='ocr_line' id='line_1_103' title="bbox 272 5023 1927 5108; baseline -0.001 -20"><span class='ocrx_word' id='word_1_691' title='bbox 272 5032 416 5107; x_wconf 79' lang='grc' dir='ltr'>Πρὸς</span> <span class='ocrx_word' id='word_1_692' title='bbox 448 5029 507 5088; x_wconf 75' lang='grc' dir='ltr'>δὶ</span> <span class='ocrx_word' id='word_1_693' title='bbox 539 5033 642 5102; x_wconf 78' lang='grc' dir='ltr'>τήν</span> <span class='ocrx_word' id='word_1_694' title='bbox 704 5030 932 5105; x_wconf 85' lang='grc' dir='ltr'>σύζυγον</span> <span class='ocrx_word' id='word_1_695' title='bbox 971 5028 1318 5108; x_wconf 71' lang='grc' dir='ltr'>ἐπιστραφεὶς</span> <span class='ocrx_word' id='word_1_696' title='bbox 1366 5023 1491 5108; x_wconf 73' lang='grc' dir='ltr'>ἔφη·</span> <span class='ocrx_word' id='word_1_697' title='bbox 1546 5053 1573 5081; x_wconf 76' lang='grc' dir='ltr'>ι(</span> <span class='ocrx_word' id='word_1_698' title='bbox 1603 5031 1749 5104; x_wconf 85' lang='grc' dir='ltr'><strong>Ἐγὼ</strong></span> <span class='ocrx_word' id='word_1_699' title='bbox 1810 5031 1927 5105; x_wconf 76' lang='grc' dir='ltr'>μὶν,</span> 
     </span>
    </p>
   </div>
   <div class='ocr_carea' id='block_1_103' title="bbox 273 5118 1928 5198">
    <p class='ocr_par' dir='ltr' id='par_1_103' title="bbox 273 5118 1928 5198">
     <span class='ocr_line' id='line_1_104' title="bbox 273 5118 1928 5198; baseline -0.002 -20"><span class='ocrx_word' id='word_1_700' title='bbox 273 5121 529 5196; x_wconf 79' lang='grc' dir='ltr'>ὧγύναι,</span> <span class='ocrx_word' id='word_1_701' title='bbox 573 5126 696 5183; x_wconf 83' lang='grc' dir='ltr'>ταῖς</span> <span class='ocrx_word' id='word_1_702' title='bbox 751 5124 871 5182; x_wconf 89' lang='grc' dir='ltr'>σαῖς</span> <span class='ocrx_word' id='word_1_703' title='bbox 922 5118 1213 5198; x_wconf 87' lang='grc' dir='ltr'>βακχείαις</span> <span class='ocrx_word' id='word_1_704' title='bbox 1269 5119 1508 5185; x_wconf 79' lang='grc' dir='ltr'>πείσθείς</span> <span class='ocrx_word' id='word_1_705' title='bbox 1565 5120 1798 5189; x_wconf 83' lang='grc' dir='ltr'>ἐποίησα</span> <span class='ocrx_word' id='word_1_706' title='bbox 1853 5121 1928 5183; x_wconf 88' lang='grc' dir='ltr'>ὡς</span> 
     </span>
    </p>
   </div>
   <div class='ocr_carea' id='block_1_104' title="bbox 267 5204 1930 5284">
    <p class='ocr_par' dir='ltr' id='par_1_104' title="bbox 267 5204 1930 5284">
     <span class='ocr_line' id='line_1_105' title="bbox 267 5204 1930 5284; baseline -0.001 -18"><span class='ocrx_word' id='word_1_707' title='bbox 267 5209 576 5272; x_wconf 74' lang='grc' dir='ltr'>ἐκέλευσας·</span> <span class='ocrx_word' id='word_1_708' title='bbox 636 5206 700 5263; x_wconf 74' lang='grc' dir='ltr'><strong>σὺ</strong></span> <span class='ocrx_word' id='word_1_709' title='bbox 756 5204 813 5262; x_wconf 74' lang='grc' dir='ltr'>δὶ</span> <span class='ocrx_word' id='word_1_710' title='bbox 857 5206 958 5262; x_wconf 83' lang='grc' dir='ltr'>οὔκ</span> <span class='ocrx_word' id='word_1_711' title='bbox 1010 5207 1088 5269; x_wconf 83' lang='grc' dir='ltr'><strong>είς</strong></span> <span class='ocrx_word' id='word_1_712' title='bbox 1174 5211 1382 5282; x_wconf 71' lang='grc' dir='ltr'>μακρὰν</span> <span class='ocrx_word' id='word_1_713' title='bbox 1438 5207 1653 5284; x_wconf 78' lang='grc' dir='ltr'>έπόψεὶ,</span> <span class='ocrx_word' id='word_1_714' title='bbox 1719 5208 1809 5264; x_wconf 82' lang='grc' dir='ltr'><strong>καὶ</strong></span> <span class='ocrx_word' id='word_1_715' title='bbox 1860 5207 1930 5264; x_wconf 78' lang='grc' dir='ltr'>τὰ</span> 
     </span>
    </p>
   </div>
   <div class='ocr_carea' id='block_1_105' title="bbox 267 5292 1928 5373">
    <p class='ocr_par' dir='ltr' id='par_1_105' title="bbox 267 5292 1928 5373">
     <span class='ocr_line' id='line_1_106' title="bbox 267 5292 1928 5373; baseline -0.003 -18"><span class='ocrx_word' id='word_1_716' title='bbox 267 5306 374 5370; x_wconf 79' lang='grc' dir='ltr'><strong>τῆς</strong></span> <span class='ocrx_word' id='word_1_717' title='bbox 406 5297 546 5373; x_wconf 76' lang='grc' dir='ltr'>ἐμῆς</span> <span class='ocrx_word' id='word_1_718' title='bbox 578 5294 782 5366; x_wconf 85' lang='grc' dir='ltr'>νηδύος</span> <span class='ocrx_word' id='word_1_719' title='bbox 832 5294 1218 5371; x_wconf 84' lang='grc' dir='ltr'>βλαστήματα,</span> <span class='ocrx_word' id='word_1_720' title='bbox 1276 5297 1343 5352; x_wconf 76' lang='grc' dir='ltr'>τὰ</span> <span class='ocrx_word' id='word_1_721' title='bbox 1406 5292 1819 5372; x_wconf 76' lang='grc' dir='ltr'>ἀποϐησόμενα,</span> <span class='ocrx_word' id='word_1_722' title='bbox 1880 5296 1928 5351; x_wconf 83' lang='grc' dir='ltr'><strong>εί</strong></span> 
     </span>
    </p>
   </div>
   <div class='ocr_carea' id='block_1_106' title="bbox 2037 4668 3677 4747">
    <p class='ocr_par' dir='ltr' id='par_1_106' title="bbox 2037 4668 3677 4747">
     <span class='ocr_line' id='line_1_107' title="bbox 2037 4668 3677 4747; baseline -0.005 -15"><span class='ocrx_word' id='word_1_723' title='bbox 2037 4676 2214 4732; x_wconf 89' lang='lat' dir='ltr'><strong>hodie</strong></span> <span class='ocrx_word' id='word_1_724' title='bbox 2246 4692 2279 4730; x_wconf 90' lang='lat' dir='ltr'><strong>a</strong></span> <span class='ocrx_word' id='word_1_725' title='bbox 2305 4680 2545 4747; x_wconf 88' lang='lat' dir='ltr'><strong>peccato</strong></span> <span class='ocrx_word' id='word_1_726' title='bbox 2577 4672 2939 4730; x_wconf 87' lang='lat' dir='ltr'><strong>abstinuisti.</strong></span> <span class='ocrx_word' id='word_1_727' title='bbox 2973 4692 3002 4722; x_wconf 84' lang='lat'><strong>»</strong></span> <span class='ocrx_word' id='word_1_728' title='bbox 3036 4674 3227 4742; x_wconf 88' lang='lat' dir='ltr'><strong>Atque</strong></span> <span class='ocrx_word' id='word_1_729' title='bbox 3271 4672 3382 4725; x_wconf 87' lang='lat' dir='ltr'><strong>hoc</strong></span> <span class='ocrx_word' id='word_1_730' title='bbox 3432 4668 3677 4741; x_wconf 90' lang='lat' dir='ltr'><strong>quidem</strong></span> 
     </span>
    </p>
   </div>
   <div class='ocr_carea' id='block_1_107' title="bbox 2034 4759 3676 4836">
    <p class='ocr_par' dir='ltr' id='par_1_107' title="bbox 2034 4759 3676 4836">
     <span class='ocr_line' id='line_1_108' title="bbox 2034 4759 3676 4836; baseline -0.005 -14"><span class='ocrx_word' id='word_1_731' title='bbox 2034 4766 2507 4836; x_wconf 88' lang='lat' dir='ltr'><strong>ille,quanquam</strong></span> <span class='ocrx_word' id='word_1_732' title='bbox 2527 4780 2561 4818; x_wconf 91' lang='lat' dir='ltr'><strong>a</strong></span> <span class='ocrx_word' id='word_1_733' title='bbox 2581 4763 2822 4818; x_wconf 86' lang='lat' dir='ltr'><strong>fatidica</strong></span> <span class='ocrx_word' id='word_1_734' title='bbox 2842 4760 3230 4833; x_wconf 89' lang='lat' dir='ltr'><strong>inspiratione</strong></span> <span class='ocrx_word' id='word_1_735' title='bbox 3252 4759 3676 4828; x_wconf 87' lang='lat' dir='ltr'><strong>alienissimus,</strong></span> 
     </span>
    </p>
   </div>
   <div class='ocr_carea' id='block_1_108' title="bbox 2032 4847 3675 4920">
    <p class='ocr_par' dir='ltr' id='par_1_108' title="bbox 2032 4847 3675 4920">
     <span class='ocr_line' id='line_1_109' title="bbox 2032 4847 3675 4920; baseline -0.005 -9"><span class='ocrx_word' id='word_1_736' title='bbox 2032 4872 2166 4912; x_wconf 88' lang='lat' dir='ltr'><strong>vere</strong></span> <span class='ocrx_word' id='word_1_737' title='bbox 2197 4854 2548 4910; x_wconf 88' lang='lat' dir='ltr'><strong>vaticinatus</strong></span> <span class='ocrx_word' id='word_1_738' title='bbox 2581 4858 2686 4907; x_wconf 92' lang='lat' dir='ltr'><strong>est.</strong></span> <span class='ocrx_word' id='word_1_739' title='bbox 2720 4854 2928 4907; x_wconf 88' lang='lat' dir='ltr'><strong>Fertur</strong></span> <span class='ocrx_word' id='word_1_740' title='bbox 2959 4856 3017 4906; x_wconf 89' lang='lat' dir='ltr'><strong>et</strong></span> <span class='ocrx_word' id='word_1_741' title='bbox 3046 4850 3355 4906; x_wconf 88' lang='lat' dir='ltr'><strong>oraculum</strong></span> <span class='ocrx_word' id='word_1_742' title='bbox 3378 4850 3504 4920; x_wconf 89' lang='lat' dir='ltr'><strong>jam</strong></span> <span class='ocrx_word' id='word_1_743' title='bbox 3533 4847 3675 4903; x_wconf 90' lang='lat' dir='ltr'><strong>olim</strong></span> 
     </span>
    </p>
   </div>
   <div class='ocr_carea' id='block_1_109' title="bbox 2034 4933 3677 5015">
    <p class='ocr_par' dir='ltr' id='par_1_109' title="bbox 2034 4933 3677 5015">
     <span class='ocr_line' id='line_1_110' title="bbox 2034 4933 3677 5015; baseline -0.008 -16"><span class='ocrx_word' id='word_1_744' title='bbox 2034 4943 2354 5015; x_wconf 88' lang='lat' dir='ltr'><strong>accepisse,</strong></span> <span class='ocrx_word' id='word_1_745' title='bbox 2387 4958 2503 5014; x_wconf 93' lang='lat' dir='ltr'><strong>quo</strong></span> <span class='ocrx_word' id='word_1_746' title='bbox 2534 4939 2889 4996; x_wconf 90' lang='lat' dir='ltr'><strong>monebatur</strong></span> <span class='ocrx_word' id='word_1_747' title='bbox 2917 4955 3044 4994; x_wconf 89' lang='lat' dir='ltr'><strong>esse</strong></span> <span class='ocrx_word' id='word_1_748' title='bbox 3075 4939 3134 4992; x_wconf 93' lang='lat' dir='ltr'><strong>in</strong></span> <span class='ocrx_word' id='word_1_749' title='bbox 3165 4938 3301 4991; x_wconf 88' lang='lat' dir='ltr'><strong>fatis</strong></span> <span class='ocrx_word' id='word_1_750' title='bbox 3326 4941 3392 4991; x_wconf 89' lang='lat' dir='ltr'><strong>ut</strong></span> <span class='ocrx_word' id='word_1_751' title='bbox 3409 4933 3677 4989; x_wconf 88' lang='lat' dir='ltr'><strong>natalitio</strong></span> 
     </span>
    </p>
   </div>
   <div class='ocr_carea' id='block_1_110' title="bbox 2035 5021 3677 5099">
    <p class='ocr_par' dir='ltr' id='par_1_110' title="bbox 2035 5021 3677 5099">
     <span class='ocr_line' id='line_1_111' title="bbox 2035 5021 3677 5099; baseline -0.009 -11"><span class='ocrx_word' id='word_1_752' title='bbox 2035 5031 2250 5088; x_wconf 84' lang='lat' dir='ltr'><strong>Christi</strong></span> <span class='ocrx_word' id='word_1_753' title='bbox 2280 5030 2429 5085; x_wconf 85' lang='lat' dir='ltr'><strong>festo</strong></span> <span class='ocrx_word' id='word_1_754' title='bbox 2461 5045 2594 5084; x_wconf 92' lang='lat' dir='ltr'><strong>cum</strong></span> <span class='ocrx_word' id='word_1_755' title='bbox 2623 5028 2871 5099; x_wconf 87' lang='lat' dir='ltr'><strong>imperio</strong></span> <span class='ocrx_word' id='word_1_756' title='bbox 2900 5027 3076 5082; x_wconf 88' lang='lat' dir='ltr'><strong>vitam</strong></span> <span class='ocrx_word' id='word_1_757' title='bbox 3109 5025 3362 5080; x_wconf 89' lang='lat' dir='ltr'><strong>amittat.</strong></span> <span class='ocrx_word' id='word_1_758' title='bbox 3404 5022 3537 5076; x_wconf 92' lang='lat' dir='ltr'><strong>Fuit</strong></span> <span class='ocrx_word' id='word_1_759' title='bbox 3567 5021 3677 5075; x_wconf 91' lang='lat' dir='ltr'><strong>hoc</strong></span> 
     </span>
    </p>
   </div>
   <div class='ocr_carea' id='block_1_111' title="bbox 2035 5108 3677 5189">
    <p class='ocr_par' dir='ltr' id='par_1_111' title="bbox 2035 5108 3677 5189">
     <span class='ocr_line' id='line_1_112' title="bbox 2035 5108 3677 5189; baseline -0.008 -13"><span class='ocrx_word' id='word_1_760' title='bbox 2035 5119 2343 5176; x_wconf 89' lang='lat' dir='ltr'><strong>oraculum</strong></span> <span class='ocrx_word' id='word_1_761' title='bbox 2402 5117 2777 5189; x_wconf 87' lang='lat' dir='ltr'><strong>Sibyllinum,</strong></span> <span class='ocrx_word' id='word_1_762' title='bbox 2832 5115 3187 5186; x_wconf 89' lang='lat' dir='ltr'><strong>inscriptum</strong></span> <span class='ocrx_word' id='word_1_763' title='bbox 3247 5111 3396 5165; x_wconf 91' lang='lat' dir='ltr'><strong>libro</strong></span> <span class='ocrx_word' id='word_1_764' title='bbox 3441 5108 3677 5164; x_wconf 89' lang='lat' dir='ltr'><strong>cuidam</strong></span> 
     </span>
    </p>
   </div>
   <div class='ocr_carea' id='block_1_112' title="bbox 2033 5197 3675 5279">
    <p class='ocr_par' dir='ltr' id='par_1_112' title="bbox 2033 5197 3675 5279">
     <span class='ocr_line' id='line_1_113' title="bbox 2033 5197 3675 5279; baseline -0.008 -15"><span class='ocrx_word' id='word_1_765' title='bbox 2033 5209 2410 5264; x_wconf 68' lang='lat' dir='ltr'><strong>bibliothecae</strong></span> <span class='ocrx_word' id='word_1_766' title='bbox 2443 5205 2862 5279; x_wconf 70' lang='lat' dir='ltr'><strong>imperatoriae,</strong></span> <span class='ocrx_word' id='word_1_767' title='bbox 2897 5221 3012 5275; x_wconf 94' lang='lat' dir='ltr'><strong>quo</strong></span> <span class='ocrx_word' id='word_1_768' title='bbox 3045 5218 3167 5257; x_wconf 89' lang='lat' dir='ltr'><strong>non</strong></span> <span class='ocrx_word' id='word_1_769' title='bbox 3215 5198 3454 5254; x_wconf 86' lang='lat' dir='ltr'><strong>oracula</strong></span> <span class='ocrx_word' id='word_1_770' title='bbox 3501 5197 3675 5253; x_wconf 89' lang='lat' dir='ltr'><strong>modo</strong></span> 
     </span>
    </p>
   </div>
   <div class='ocr_carea' id='block_1_113' title="bbox 2036 5286 3677 5366">
    <p class='ocr_par' dir='ltr' id='par_1_113' title="bbox 2036 5286 3677 5366">
     <span class='ocr_line' id='line_1_114' title="bbox 2036 5286 3677 5366; baseline -0.007 -12"><span class='ocrx_word' id='word_1_771' title='bbox 2036 5297 2496 5354; x_wconf 87' lang='lat' dir='ltr'><strong>continebantur</strong></span> <span class='ocrx_word' id='word_1_772' title='bbox 2508 5295 2611 5351; x_wconf 87' lang='lat' dir='ltr'><strong>sed</strong></span> <span class='ocrx_word' id='word_1_773' title='bbox 2633 5300 2691 5350; x_wconf 91' lang='lat' dir='ltr'><strong>et</strong></span> <span class='ocrx_word' id='word_1_774' title='bbox 2708 5295 2908 5366; x_wconf 81' lang='lat' dir='ltr'><strong>ﬁgurae</strong></span> <span class='ocrx_word' id='word_1_775' title='bbox 2932 5293 3356 5362; x_wconf 90' lang='lat' dir='ltr'><strong>imperatorum</strong></span> <span class='ocrx_word' id='word_1_776' title='bbox 3379 5286 3677 5343; x_wconf 89' lang='lat' dir='ltr'><strong>coloribus</strong></span> 
     </span>
    </p>
   </div>
   <div class='ocr_carea' id='block_1_114' title="bbox 1477 5423 2462 5480">
    <p class='ocr_par' dir='ltr' id='par_1_114' title="bbox 1477 5423 2462 5480">
     <span class='ocr_line' id='line_1_115' title="bbox 1477 5423 2462 5480; baseline 0 -1"><span class='ocrx_word' id='word_1_777' title='bbox 1477 5424 1845 5480; x_wconf 81' lang='lat' dir='ltr'><strong>XYLANDRI</strong></span> <span class='ocrx_word' id='word_1_778' title='bbox 1872 5424 1960 5478; x_wconf 85' lang='lat' dir='ltr'><strong>ET</strong></span> <span class='ocrx_word' id='word_1_779' title='bbox 1988 5424 2204 5480; x_wconf 81' lang='lat' dir='ltr'><strong>GOARI</strong></span> <span class='ocrx_word' id='word_1_780' title='bbox 2241 5423 2462 5479; x_wconf 71' lang='lat' dir='ltr'><strong>NOT/E.</strong></span> 
     </span>
    </p>
   </div>
   <div class='ocr_carea' id='block_1_115' title="bbox 344 5520 1916 5648">
    <p class='ocr_par' dir='ltr' id='par_1_115' title="bbox 344 5520 1916 5648">
     <span class='ocr_line' id='line_1_116' title="bbox 344 5520 1916 5648; baseline -0.001 -70"><span class='ocrx_word' id='word_1_781' title='bbox 344 5524 460 5594; x_wconf 83' lang='lat'><strong>(58)</strong></span> <span class='ocrx_word' id='word_1_782' title='bbox 490 5523 555 5578; x_wconf 87' lang='lat' dir='ltr'><strong>In</strong></span> <span class='ocrx_word' id='word_1_783' title='bbox 584 5520 801 5648; x_wconf 50' lang='lat' dir='ltr'><strong>galatio</strong></span> <span class='ocrx_word' id='word_1_784' title='bbox 857 5521 1218 5595; x_wconf 83' lang='lat' dir='ltr'><strong>augustiore,</strong></span> <span class='ocrx_word' id='word_1_785' title='bbox 1269 5522 1395 5594; x_wconf 89' lang='lat' dir='ltr'><strong>juri</strong></span> <span class='ocrx_word' id='word_1_786' title='bbox 1450 5522 1707 5605; x_wconf 78' lang='lat' dir='ltr'><strong>dicundo</strong></span> <span class='ocrx_word' id='word_1_787' title='bbox 1761 5521 1916 5577; x_wconf 86' lang='lat' dir='ltr'><strong>desi-</strong></span> 
     </span>
     <span class='ocr_line' id='line_1_117' title="bbox 344 5591 1916 5648; baseline -0.001 0"><span class='ocrx_word' id='word_1_788' title='bbox 344 5599 451 5648; x_wconf 58' lang='lat' dir='ltr'><strong>lato</strong></span> <span class='ocrx_word' id='word_1_789' title='bbox 480 5593 556 5648; x_wconf 88' lang='lat' dir='ltr'><strong>ad</strong></span> <span class='ocrx_word' id='word_1_790' title='bbox 636 5591 1034 5648; x_wconf 73' lang='lat' dir='ltr'><strong>innodronum</strong></span> <span class='ocrx_word' id='word_1_791' title='bbox 1065 5598 1382 5648; x_wconf 80' lang='lat' dir='ltr'><strong>exstructo.</strong></span> <span class='ocrx_word' id='word_1_792' title='bbox 1417 5596 1560 5648; x_wconf 77' lang='lat' dir='ltr'><strong>Haec</strong></span> <span class='ocrx_word' id='word_1_793' title='bbox 1610 5591 1702 5647; x_wconf 79' lang='grc' dir='ltr'>τὺν</span> <span class='ocrx_word' id='word_1_794' title='bbox 1753 5591 1916 5647; x_wconf 78' lang='grc' dir='ltr'>ἱππό-</span> 
     </span>
    </p>
   </div>
   <div class='ocr_carea' id='block_1_116' title="bbox 311 5591 1921 5718">
    <p class='ocr_par' dir='ltr' id='par_1_116' title="bbox 311 5591 1921 5718">
     <span class='ocr_line' id='line_1_118' title="bbox 311 5591 1921 5718; baseline -0.003 -67"><span class='ocrx_word' id='word_1_795' title='bbox 311 5591 451 5651; x_wconf 81' lang='lat' dir='ltr'><strong>nato</strong></span> <span class='ocrx_word' id='word_1_796' title='bbox 480 5593 556 5651; x_wconf 87' lang='lat' dir='ltr'><strong>ad</strong></span> <span class='ocrx_word' id='word_1_797' title='bbox 584 5591 1034 5718; x_wconf 58' lang='lat' dir='ltr'><strong>Hippodronum</strong></span> <span class='ocrx_word' id='word_1_798' title='bbox 1065 5591 1402 5680; x_wconf 43' lang='lat' dir='ltr'><strong>exstructo.-</strong></span> <span class='ocrx_word' id='word_1_799' title='bbox 1417 5593 1570 5682; x_wconf 40' lang='grc' dir='ltr'>Πρὸς.</span> <span class='ocrx_word' id='word_1_800' title='bbox 1610 5591 1702 5647; x_wconf 80' lang='grc' dir='ltr'>τὺν</span> <span class='ocrx_word' id='word_1_801' title='bbox 1753 5591 1921 5647; x_wconf 78' lang='grc' dir='ltr'>ἱππό-</span> 
     </span>
     <span class='ocr_line' id='line_1_119' title="bbox 311 5662 1919 5718; baseline 0 0"><span class='ocrx_word' id='word_1_802' title='bbox 311 5685 479 5718; x_wconf 82' lang='grc' dir='ltr'>οοιεον</span> <span class='ocrx_word' id='word_1_803' title='bbox 539 5684 639 5718; x_wconf 85' lang='grc' dir='ltr'><strong>κατ</strong></span> <span class='ocrx_word' id='word_1_804' title='bbox 726 5662 797 5718; x_wconf 75' lang='grc' dir='ltr'>τὰ</span> <span class='ocrx_word' id='word_1_805' title='bbox 848 5662 1209 5718; x_wconf 79' lang='grc' dir='ltr'>ἀσηκοητεια.</span> <span class='ocrx_word' id='word_1_806' title='bbox 1252 5663 1463 5718; x_wconf 75' lang='grc' dir='ltr'>Έκεισε</span> <span class='ocrx_word' id='word_1_807' title='bbox 1509 5683 1613 5718; x_wconf 67' lang='lat' dir='ltr'><strong>vae</strong></span> <span class='ocrx_word' id='word_1_808' title='bbox 1681 5662 1807 5718; x_wconf 89' lang='grc' dir='ltr'>τότε</span> <span class='ocrx_word' id='word_1_809' title='bbox 1855 5662 1919 5718; x_wconf 82' lang='grc' dir='ltr'>τὸ</span> 
     </span>
    </p>
   </div>
   <div class='ocr_carea' id='block_1_117' title="bbox 306 5662 1919 5742">
    <p class='ocr_par' dir='ltr' id='par_1_117' title="bbox 306 5662 1919 5742">
     <span class='ocr_line' id='line_1_120' title="bbox 306 5662 1919 5742; baseline -0.001 -21"><span class='ocrx_word' id='word_1_810' title='bbox 306 5685 479 5742; x_wconf 91' lang='grc' dir='ltr'>ρομον</span> <span class='ocrx_word' id='word_1_811' title='bbox 539 5662 679 5720; x_wconf 81' lang='grc' dir='ltr'><strong>κατᾶ</strong></span> <span class='ocrx_word' id='word_1_812' title='bbox 701 5662 797 5719; x_wconf 66' lang='grc' dir='ltr'>’τὰ</span> <span class='ocrx_word' id='word_1_813' title='bbox 848 5662 1209 5740; x_wconf 84' lang='grc' dir='ltr'>ἀσηκρητεῖα.</span> <span class='ocrx_word' id='word_1_814' title='bbox 1252 5662 1477 5721; x_wconf 71' lang='grc' dir='ltr'>Ἐκεῖσε</span> <span class='ocrx_word' id='word_1_815' title='bbox 1509 5665 1613 5741; x_wconf 87' lang='grc' dir='ltr'><strong>γὰρ</strong></span> <span class='ocrx_word' id='word_1_816' title='bbox 1681 5662 1807 5720; x_wconf 89' lang='grc' dir='ltr'>τότε</span> <span class='ocrx_word' id='word_1_817' title='bbox 1855 5662 1919 5719; x_wconf 82' lang='grc' dir='ltr'>τὸ</span> 
     </span>
    </p>
   </div>
   <div class='ocr_carea' id='block_1_118' title="bbox 2030 5512 3672 5590">
    <p class='ocr_par' dir='ltr' id='par_1_118' title="bbox 2030 5512 3672 5590">
     <span class='ocr_line' id='line_1_121' title="bbox 2030 5512 3672 5590; baseline -0.007 -14"><span class='ocrx_word' id='word_1_818' title='bbox 2030 5524 2138 5576; x_wconf 85' lang='grc' dir='ltr'><strong>τῶν</strong></span> <span class='ocrx_word' id='word_1_819' title='bbox 2162 5521 2462 5590; x_wconf 81' lang='grc' dir='ltr'>ἀσηκρῆτις</span> <span class='ocrx_word' id='word_1_820' title='bbox 2492 5518 2559 5586; x_wconf 77' lang='grc' dir='ltr'><strong>ἦν</strong></span> <span class='ocrx_word' id='word_1_821' title='bbox 2602 5514 2970 5590; x_wconf 70' lang='grc' dir='ltr'>καταγώγιον.</span> <span class='ocrx_word' id='word_1_822' title='bbox 3026 5512 3313 5590; x_wconf 59' lang='lat' dir='ltr'><strong>successu</strong></span> <span class='ocrx_word' id='word_1_823' title='bbox 3368 5512 3672 5583; x_wconf 85' lang='lat' dir='ltr'><strong>temporis,</strong></span> 
     </span>
    </p>
   </div>
   <div class='ocr_carea' id='block_1_119' title="bbox 2032 5583 3383 5663">
    <p class='ocr_par' dir='ltr' id='par_1_119' title="bbox 2032 5583 3383 5663">
     <span class='ocr_line' id='line_1_122' title="bbox 2032 5583 3383 5663; baseline -0.007 -14"><span class='ocrx_word' id='word_1_824' title='bbox 2032 5597 2097 5649; x_wconf 90' lang='lat' dir='ltr'><strong>ut</strong></span> <span class='ocrx_word' id='word_1_825' title='bbox 2124 5583 2264 5648; x_wconf 78' lang='lat' dir='ltr'><strong>hinc</strong></span> <span class='ocrx_word' id='word_1_826' title='bbox 2295 5583 2484 5663; x_wconf 81' lang='lat' dir='ltr'><strong>liquet</strong></span> <span class='ocrx_word' id='word_1_827' title='bbox 2512 5583 2629 5646; x_wconf 83' lang='lat' dir='ltr'><strong>alio</strong></span> <span class='ocrx_word' id='word_1_828' title='bbox 2658 5583 3012 5643; x_wconf 80' lang='lat' dir='ltr'><strong>translatum</strong></span> <span class='ocrx_word' id='word_1_829' title='bbox 3043 5583 3172 5638; x_wconf 87' lang='lat' dir='ltr'><strong>fuit.</strong></span> <span class='ocrx_word' id='word_1_830' title='bbox 3206 5583 3383 5639; x_wconf 61' lang='lat' dir='ltr'><strong>Goaa.</strong></span> 
     </span>
    </p>
   </div>
  </div>
