4052 6316
482 372 600 435 947

1847 360 2168 425 GEORGII
2212 364 2525 428 CEDREN
2538 370 2555 430 Ι

3725 382 3815 442 948

483 510 782 582 exspictae.
815 509 880 562 In
913 522 981 562 eo
1008 504 1162 559 libro
1208 505 1442 576 depicta
1497 507 1623 558 erat
1676 501 1804 557 fera
1859 500 1975 566 leo,
2035 498 2130 555 cui

2268 497 2333 553 ιαὶ
2394 502 2633 578 σήμερόν
2693 526 2759 577 με
2813 508 2911 560 τοῦ
2960 469 3358 579 ἁμαρτήματος
3411 466 3765 585 ἠλευθέρωκε,
3798 538 3818 565 n

485 615 742 672 superne
772 599 833 651 in
864 596 1037 651 dorso
1068 595 1267 650 littera
1298 611 1339 667 χ
1369 593 1442 649 ad
1471 598 1741 648 ventrem
1769 607 1961 663 usque
2014 595 2142 645 erat

483 688 769 759 inscripta
795 707 808 756 ;
844 691 903 740 et
922 702 956 739 a
976 690 1139 755 tergo
1161 684 1250 737 vir
1270 682 1518 754 quidam
1542 698 1865 738 accurrens
1906 681 2141 735 leonem

484 778 656 833 hasta
684 791 791 847 per
822 776 1011 846 ipsam
1056 773 1317 828 litteram
1368 772 1716 843 conﬁgebat.
1770 772 2034 840 Cumque
2082 767 2143 822 id

487 865 795 923 oraculum
828 864 1147 920 obscurum
1181 861 1501 931 videretur,
1538 861 1701 916 solus
1753 876 1820 914 eo
1874 864 2142 929 tempore

490 960 755 1027 quaestor
770 953 967 1024 interp
977 950 1552 1019 retabatur,Leonem
1570 949 1771 1003 dicens
1798 947 1941 1002 olim
1960 947 2145 1018 impe-

488 1048 751 1101 ratorem
781 1042 927 1110 fore,
966 1041 1069 1112 qui
1100 1041 1229 1112 ipso
1261 1039 1475 1095 Christi
1507 1038 1697 1094 Natali
1748 1039 1906 1094 mala
1952 1044 2144 1094 morte

497 1136 653 1189 essct
680 1131 1053 1187 interiturus.
1084 1129 1286 1199 Neque
1317 1128 1515 1182 minus
1548 1127 1801 1182 Leonem
1849 1132 2143 1199 perterre-

495 1222 601 1277 bat
626 1222 803 1276 matri
835 1220 965 1292 ejus
1005 1218 1205 1274 oblata
1260 1216 1425 1272 visio.
1486 1218 1567 1272 Ea
1624 1217 1784 1272 enim
1844 1216 2146 1272 dormiens

496 1311 699 1366 videre
732 1309 844 1365 sibi
875 1309 1003 1363 visa
1028 1307 1225 1362 fuerat
1252 1322 1336 1373 se,
1381 1322 1515 1361 cum
1564 1305 1627 1361 in
1677 1305 1865 1361 eadem
1917 1321 2147 1360 sacram

499 1401 764 1473 Deiparae
794 1399 1292 1454 Blachernensem
1315 1396 1520 1453 crebro
1535 1396 2147 1468 commearet,virgini

497 1490 733 1547 cuidam
752 1503 1060 1544 occurrere
1079 1486 1291 1542 albatis
1311 1486 1453 1541 viris
1477 1487 1735 1558 stipatas;
1760 1502 1937 1557 porro
1960 1484 2150 1541 aedem

495 1580 657 1636 864
684 1596 745 1634 se
786 1577 982 1633 videre
1041 1577 1326 1649 sanguine
1380 1576 1693 1647 repletam,
1752 1580 1812 1630 et
1866 1575 2150 1647 virginem

501 1670 676 1727 istam
709 1667 947 1724 cuidam
977 1665 1311 1722 albatorum
1339 1665 1622 1721 mandare
1666 1669 1731 1719 ut
1777 1664 1958 1720 ollam
2011 1680 2152 1718 san-

502 1758 680 1832 guine
706 1756 985 1827 impleret
1014 1754 1307 1825 matrique
1343 1752 1552 1808 Leonis
1582 1752 1909 1808 bibendum
1962 1751 2152 1824 porri-

2249 588 2406 646 Οὕτω
2461 593 2524 646 τὸ
2585 591 2811 665 μέλλον,
2862 592 2908 649 τί
2991 594 3081 649 καὶ
3173 595 3363 671 πόρρω
3417 616 3728 674 προφητινης
3771 603 3818 671 ἦν

2249 674 2555 749 ἐπιπνοίας,
2610 679 2832 750 άληθῶς
2892 679 3247 757 ἆπεφοίϐασε.
3304 684 3528 756 Λέγουσι
3579 684 3623 739 δ’
3668 687 3823 743 Stin?

2251 769 2509 842 χρησμὸς
2545 769 2614 837 ἦν
2671 769 2874 826 ἄνωθεν
2926 772 3074 844 αὐτῷ
3135 769 3423 846 δεδομένος
3480 774 3553 829 ὡς
3603 776 3718 830 κατᾶ
3753 779 3824 846 τήν

2251 857 2459 933 ἡμέραν
2517 866 2618 928 τῆς
2675 863 2920 934 Χριστοῦ
2976 866 3073 917 τοῦ
3130 866 3265 917 Θεοῦ
3331 865 3488 935 ἡμῶν
3535 866 3658 919 κατὰ
3704 866 3828 940 σάρκα

2251 949 2551 1020 γεννήσεως
2583 945 2863 1024 πέπρωται
2897 950 3043 1022 αὖτῷ
3086 953 3189 1021 τήν
3246 972 3306 1007 τε
3366 950 3643 1028 βασιλικὴν
3693 952 3827 1009 εὐδαι-

2258 1036 2445 1110 μονίαν
2476 1035 2794 1108 ἀποϐαλεῖν,
2852 1041 3262 1112 προσαπολέσαι
3316 1037 3372 1097 δὲ
3425 1041 3512 1096 καὶ
3568 1041 3713 1112 αὐτὴν
3758 1048 3829 1113 τήν

2258 1129 2426 1198 ζωήν.
2467 1130 2552 1202 [Ρ.
2586 1131 2712 1204 493]
2744 1124 3116 1186 Σιϐυλλιακὸς
3147 1128 3206 1185 δὲ
3233 1131 3300 1200 ἧν
3327 1131 3355 1186 6
3386 1133 3652 1210 χρησμὸς,
3690 1126 3733 1186 ἕν
3756 1155 3829 1189 τινι

2258 1212 2441 1292 βίϐλῳ
2494 1226 2595 1289 τῆς
2655 1219 2949 1295 βασιλικῆς
3005 1212 3372 1295 βιϐλιοθήκης
3429 1219 3831 1297 ἐγγεγραμμένος.

2257 1305 2319 1362 οὐ
2353 1308 2644 1386 χρησμοὺς
2675 1308 2837 1380 μόνον
2870 1308 3061 1371 ἁπλῶς
3084 1308 3310 1384 ἐχούσῃ,
3353 1307 3498 1364 ἀλλὰ
3542 1311 3626 1364 xii
3670 1313 3830 1391 μορφὰς

2256 1396 2347 1451 καὶ
2372 1398 2634 1471 σχήματα
2661 1401 2768 1452 τῶν
2808 1394 3078 1472 βασιλέων
3132 1395 3222 1452 διὰ
3269 1399 3603 1472 χρωμάτων.
3646 1399 3726 1456 Ἦν
3763 1398 3826 1455 οὖν

2260 1485 2451 1557 θηρίον
2488 1487 2935 1565 μεμορφωμὲνων
2968 1487 2996 1541 6
3027 1485 3167 1542 λέων
3195 1486 3250 1541 ἐν
3288 1490 3369 1559 τῷ
3430 1482 3645 1563 βιϐλίῳ,
3683 1486 3829 1551 ἄνωθεν

2260 1571 2317 1629 δὲ
2345 1579 2445 1643 τῆς
2475 1573 2638 1629 αὐτοῦ
2700 1572 2913 1650 ῥάχεως
2970 1575 3338 1651 ἐπεγέγραπτο
3393 1576 3457 1630 τὸ
3514 1581 3578 1651 χῖ
3626 1582 3833 1651 στοιχεῖον

2264 1662 2429 1739 μέχρι
2458 1663 2549 1718 καὶ
2581 1662 2750 1729 αὐτῆς
2788 1670 2890 1733 τῆς
2947 1665 3204 1740 γαστρὸς,
3259 1665 3487 1720 κατόπιν
3535 1662 3589 1719 δέ
3629 1686 3699 1726 τις
3736 1665 3832 1742 ἀνὴρ

2217 1775 2221 1779 ”
2260 1751 2487 1808 ἐπιθέων
2521 1751 2707 1829 δόρατι
2737 1752 2948 1825 καιρίαν
2986 1751 3169 1809 ἐδίδου
3217 1752 3440 1828 πληγὴν
3480 1758 3559 1826 τῷ
3604 1754 3748 1829 θηρᾶν
3776 1753 3856 1809 διᾶν

502 1853 704 1921 geret;
738 1863 800 1902 se
846 1850 1043 1900 autem
1092 1844 1414 1899 multorum
1463 1858 1756 1898 annorum
1804 1841 2147 1898 viduitatem

2268 1838 2429 1913 μέσου
2457 1844 2553 1896 τοῦ
2584 1846 2668 1916 χῖ.
2728 1842 3014 1918 Ἀσάφειαν
3078 1841 3125 1897 δ’
3186 1842 3574 1920 ὑποφαίνοντος
3625 1846 3708 1899 τοῦ
3730 1862 3829 1918 χρη-

501 1934 891 2009 ριιωῐθηάθιιε,
916 1934 1088 2005 cujus
1113 1934 1302 2006 gratia
1320 1948 1516 2004 neque
1538 1948 1748 1988 carnes
1770 1948 1963 2002 neque
1985 1930 2153 2002 quid-

502 2042 677 2098 quam
712 2024 1000 2096 sanguine
1030 2022 1345 2094 praeditum
1373 2025 1687 2094 gustasset,
1733 2020 1985 2092 ideoque
2032 2021 2153 2076 olla

506 2115 686 2171 etiam
717 2114 827 2169 ltac
870 2111 1217 2167 abstineret.
1266 2112 1413 2166 Tum
1460 2110 1746 2182 virginem
1796 2110 2009 2164 iratam
2058 2109 2151 2164 di-

505 2221 662 2270 cere,
699 2226 726 2253 (ι
758 2201 866 2267 Qui
906 2217 1043 2274 ergo
1076 2200 1236 2255 ﬁlius
1267 2206 1403 2254 tuus
1434 2216 1555 2254 non
1586 2198 1808 2254 desinit
1849 2215 1910 2253 se
1966 2197 2152 2253 multo

507 2307 717 2349 cruore
748 2290 1010 2361 opplere,
1046 2305 1233 2359 eoque
1264 2305 1358 2343 me
1389 2293 1449 2343 et
1485 2288 1701 2343 Filium
1736 2289 1922 2342 Deum
1952 2302 2153 2341 meum

507 2381 743 2435 irritare
764 2379 793 2432 ‘2
823 2399 851 2428 »
882 2379 1070 2448 Atque
1103 2377 1177 2432 ab
1209 2392 1276 2431 eo
1309 2381 1576 2449 tempore
1632 2381 1824 2431 mater
1869 2375 2156 2430 visionem

509 2471 685 2525 istam
743 2466 962 2539 tragice
1018 2466 1306 2535 referens,
1366 2482 1486 2520 non
1536 2465 1847 2520 destiterat
1901 2466 2158 2520 Leonem

508 2556 735 2613 hortari
791 2560 860 2610 ut
909 2554 1479 2628 imaginiperdarum
1551 2554 1764 2610 haeresi
1821 2553 2155 2610 obsisteret.

508 2644 902 2720 Perturbabat
931 2642 990 2699 et
1018 2643 1137 2699 alia
1165 2643 1326 2699 haud
1367 2643 1595 2698 modice
1644 2643 1808 2699 visio.
1861 2645 2003 2698 Nam
2054 2634 2185 2716 per.

442 2726 465 2743 ’
511 2736 774 2809 quietem
803 2734 963 2790 visus
988 2732 1099 2788 sibi
1149 2732 1343 2788 fuerat
1388 2732 1592 2788 audire
1636 2733 1939 2788 Tarasium
1975 2734 2160 2805 patri-

511 2827 753 2883 archam
785 2825 1048 2881 nobilem
1081 2825 1274 2893 illum,
1308 2824 1408 2895 qui
1432 2824 1789 2895 jamdudum
1819 2824 1998 2880 vitam
2024 2842 2161 2880 cum

514 2922 707 2975 morte
737 2921 1222 2977 commutaverat,
1254 2914 1605 2971 Michaelum
1638 2913 1955 2986 quemdam
1974 2915 2162 2971 nomi-

512 3009 700 3064 natim
733 3006 1033 3062 exhortari
1091 3010 1268 3077 atque
1315 3004 1625 3076 impellere
1672 3008 1741 3059 ut
1786 3004 1847 3058 in
1906 3005 2161 3059 Leonem

509 3098 798 3169 impetum
819 3095 1041 3151 faceret
1059 3093 1339 3165 letalique
1358 3094 1477 3148 ictu
1500 3093 2163 3165 sterneret.Exagitabat

2257 1933 2422 2002 σμοῦ,
2458 1928 2623 2002 μόνος
2654 1930 2682 1984 6
2709 1934 3007 1999 τηνικαῦτα
3035 1929 3331 2005 κοιαίστωρ
3394 1930 3551 1986 αὐτὸν
3601 1928 3834 2005 διετρανου,

2257 2020 2462 2077 Λέοντα
2493 2020 2715 2095 μέλλειν
2747 2024 2922 2100 φήσας
2966 2024 3088 2078 τινὰ
3143 2022 3369 2100 βασιλέα
3423 2025 3545 2079 κατ’
3587 2023 3731 2093 αὐτὴν
3770 2026 3833 2092 τήν

2258 2109 2467 2185 ἡμέραν
2499 2113 2598 2178 τῆς
2629 2115 2724 2166 τοῦ
2757 2113 2995 2178 Χριστοῦ
3043 2113 3351 2183 Γεννήσεως
3396 2102 3610 2185 θανάτῳ
3660 2111 3835 2187 ὀλεθρίῳ

2260 2196 2653 2274 παραδοθῆναι.
2685 2201 3019 2275 Ὑπέθραπτε
3049 2198 3107 2256 δὲ
3137 2199 3290 2257 οὐδὲν
3322 2203 3491 2271 ⁴ἧττον
3549 2200 3636 2257 τὸν
3674 2200 3839 2276 βασιλέα

2248 2288 2350 2347 καὶ
2410 2286 2752 2363 ἐξεδειμάτου
2809 2291 2900 2345 καὶ
2962 2293 2996 2360 ἡ
3057 2298 3158 2361 τῆς
3218 2291 3423 2354 οἷκείας
3495 2293 3688 2366 μητρὸς
3734 2284 3836 2363 ὄψις.

2262 2379 2454 2452 Ἕγοξε
2482 2378 2582 2452 γὰρ
2615 2377 2751 2448 αὕτη
2783 2379 2921 2434 κατὰ
2949 2378 3040 2434 τὸν
3089 2378 3142 2435 ἐν
3196 2378 3545 2460 Βλαχέρναις
3592 2382 3716 2435 θεῖον
3760 2378 3840 2432 ναὸν

2261 2472 2363 2535 τῆς
2396 2466 2663 2522 Θεοτόκου
2695 2471 2941 2544 φοιτῶσα
2980 2473 3225 2543 συνεχῶς
3282 2470 3425 2545 κόρῃ
3496 2468 3602 2525 τινὶ
3656 2472 3841 2535 συναντᾷν

2266 2551 2622 2627 λευχείμοσιν
2682 2550 2908 2627 ἀνδράσι
2968 2551 3443 2633 δορυφορουμένῃ,
3518 2555 3656 2631 ἑώρα
3702 2552 3748 2609 δὲ
3784 2552 3841 2607 καὶ

2261 2641 2353 2697 τὸν
2387 2644 2528 2697 θεῖον
2582 2643 2704 2697 ναὸν
2763 2643 2992 2716 αἳματος
3048 2642 3467 2717 πεπλησμένον.
3530 2640 3841 2720 Ιῐροστᾶξαιδὲ

2265 2732 2366 2800 τήν
2407 2732 2684 2787 θεαθεῖσαν
2736 2732 2908 2807 κόρην
2968 2732 3043 2788 ἑνὶ
3097 2738 3209 2791 τῶν
3270 2733 3649 2810 λευχειμόνων
3699 2730 3839 2807 ἀνδρῶν

2269 2820 2475 2896 χύτραν
2502 2821 2625 2876 τινὰ
2649 2821 2918 2893 πλήσαντι
2978 2822 3210 2895 αἳματος
3256 2825 3328 2896 τῇ
3395 2825 3566 2899 μητρὶ
3600 2824 3686 2879 τοῦ
3732 2821 3841 2877 Λέον-

2266 2931 2360 2973 τος
2419 2907 2695 2965 ἐπιδοῦναι
2752 2916 2915 2966 πιεῖψ
2970 2911 3138 2982 αὐτῆς
3209 2910 3266 2968 δὲ
3353 2911 3599 2982 πολυετῆ
3675 2910 3840 2987 χηρείαν

2268 2995 2756 3075 προϐαλλομένης,
2791 2997 2839 3055 δ’
2894 3001 2961 3071 ἤν
3026 3003 3165 3073 μήτε
3218 3005 3394 3076 κρεῶν
3451 3004 3588 3075 μήτε
3632 3001 3750 3062 τινὸς
3773 3002 3842 3053 τῶν

2269 3087 2504 3160 ἐναίμων
2535 3087 2845 3164 γεύσασθαι,
2878 3089 2968 3144 καὶ
3000 3087 3090 3145 διὰ
3141 3093 3306 3146 τοῦτο
3367 3088 3514 3163 μηδὲ
3562 3092 3737 3160 ταύτης
3776 3094 3842 3155 τῆς

516 3187 695 3242 etiam
725 3184 1003 3239 monachi
1052 3183 1208 3255 apud
1261 3182 1681 3237 Philomelium
1725 3182 2052 3253 praadictio,
2105 3187 2160 3237 et

2275 3176 2479 3253 χύτρας
2538 3172 2795 3279 ἕξψασθαι,
2854 3202 2881 3230 ‹‹
2933 3179 3034 3235 Καὶ
3095 3183 3236 3250 πῶς,
3290 3175 3491 3256 ἔφησεν
3526 3183 3559 3251 ἡ
3590 3181 3709 3255 κόρη
3757 3175 3842 3250 μετᾶ

513 3276 692 3330 vestis
749 3290 869 3329 sua;
901 3289 935 3328 a
964 3272 1244 3327 Michaelo
1301 3272 1524 3327 induta;
1578 3270 1934 3339 recordatio,
1983 3287 2162 3341 quam

515 3381 645 3421 rem
678 3378 859 3432 supra
915 3361 1318 3432 exposuimus.
1370 3361 1471 3414 His
1514 3360 1792 3415 omnibus
1842 3360 2167 3416 terroribus

520 3458 686 3509 actus
718 3451 1042 3520 imperator
1069 3453 1232 3503 metu
1263 3447 1712 3502 coucutiebatur
1740 3452 1918 3519 atque
1966 3448 2166 3503 animo

520 3540 868 3610 ﬁuctuabat,
921 3555 1172 3610 eamque
1231 3543 1468 3593 noctem
1525 3538 1865 3593 insomnem
1928 3538 2166 3611 exigens

520 3629 852 3702 sapientius
883 3642 1060 3698 quam
1093 3626 1205 3681 sibi
1237 3625 1608 3681 commodius
1640 3627 1955 3682 consilium
2013 3628 2163 3685 iniit.

523 3722 667 3776 Nam
693 3722 978 3791 perrupta
1007 3733 1123 3788 qua
1152 3715 1228 3771 ad
1259 3715 1494 3787 papiam
1519 3716 1716 3772 ibatur
1762 3717 2017 3789 portula,
2059 3718 2167 3773 do-

522 3827 687 3867 mum
719 3809 846 3881 ejus
880 3807 1135 3877 intravit,
1169 3807 1541 3878 speculatum
1571 3805 1715 3877 quid
1742 3806 1824 3862 ibi
1844 3813 2167 3880 gereretur.

518 3901 792 3970 Ingresso
832 3896 1075 3950 domum
1106 3911 1238 3950 eam
1279 3893 1684 3965 spectaculum
1740 3894 2003 3950 oblatum
2058 3901 2166 3962 est,

519 3986 679 4058 quod
708 4001 845 4039 eum
876 3983 1036 4038 haud
1066 3983 1386 4055 vulgariter
1414 3983 1754 4054 perterruit.
1788 3983 1945 4038 Vidit
2000 4000 2168 4039 nam-

521 4091 635 4146 que
663 4073 1009 4128 damnatum
1043 4072 1161 4127 alto
1202 4087 1270 4127 ac
1325 4072 1638 4144 magniﬁce
1690 4071 2010 4127 admodum
2065 4090 2166 4128 ex—

521 4167 746 4220 structo
781 4166 914 4216 toro
930 4161 1153 4233 jacere,
1186 4161 1362 4232 papia
1391 4160 1454 4214 in
1488 4160 1647 4216 nudo
1696 4162 2033 4233 pavimento
2082 4178 2170 4217 re-

523 4252 861 4309 cumbente.
886 4250 1038 4307 805
1066 4250 1486 4320 Curiosiusque
1508 4266 1840 4321 aggressus,
1864 4255 1931 4305 ut
1958 4250 2167 4322 depre-

521 4341 812 4399 henderet
837 4355 982 4396 num
1015 4338 1355 4404 Michaelus,
1391 4339 1549 4409 quod
1580 4339 1776 4394 solent
1812 4340 1971 4394 anxii
2003 4344 2061 4394 et
2108 4340 2170 4394 in

521 4432 653 4486 vitai
684 4428 1030 4485 discrimine
1058 4427 1383 4497 constituti,
1415 4444 1692 4482 somnum
1750 4428 2070 4500 ancipitem
2103 4446 2170 4485 ac

524 4520 681 4577 curis
712 4520 983 4591 plenum,
1012 4534 1087 4572 an
1119 4522 1325 4571 contra
1371 4532 1644 4571 securum
1702 4522 1879 4588 atque
1928 4533 2166 4573 suavem

524 4610 786 4674 duceret,
810 4607 995 4662 sensit
1020 4622 1154 4661 eum
1179 4605 1471 4676 profundo
1499 4607 1695 4677 sopori
1723 4606 2171 4675 deditum,adeo

524 4703 590 4755 ut
618 4714 692 4752 ne
725 4695 1148 4751 contrectando
1180 4694 1423 4766 quidem
1447 4712 1581 4749 eum
1601 4696 1863 4766 potuerit
1892 4696 2168 4751 excitare.

524 4789 644 4843 Hoc
675 4794 794 4841 tam
826 4785 1125 4857 insperato
1164 4785 1503 4856 spectaculo
1552 4785 1640 4839 ira
1688 4785 1882 4839 acrius
1930 4785 2175 4841 incensa

524 4875 818 4942 discessit,
852 4892 958 4947 per
982 4875 1168 4929 otium
1200 4890 1322 4928 non
1357 4874 1639 4929 Michaelo
1664 4878 1892 4929 tantum
1927 4874 2031 4929 sed
2061 4875 2174 4946 ipsi

524 4982 760 5040 quoque
792 4964 982 5037 papiae
1011 4964 1256 5018 exitium
1286 4968 1637 5018 structums.
1672 4964 1873 5033 Neque
1904 4962 2031 5018 haec
2078 4980 2175 5018 res

524 5058 763 5130 papiam
784 5052 1015 5117 fefellit,
1037 5052 1193 5123 quod
1214 5051 1455 5123 quidam
1479 5052 1745 5107 Michaeli
1762 5052 2173 5107 excubitorum

525 5161 594 5200 ex
660 5142 931 5216 puniceis
984 5139 1293 5196 cothurnis
1358 5139 1779 5211 imperatorem
1837 5146 2173 5212 agnoverat,

523 5232 757 5305 ipsique
788 5229 926 5301 quid
983 5234 1181 5283 actum
1230 5232 1388 5282 esset
1434 5228 1745 5299 perspicue
1789 5227 2171 5284 indicaverat.

520 5322 727 5392 Itaque
758 5320 963 5392 papias
994 5334 1126 5374 cum
1161 5317 1306 5385 suis,
1339 5318 1538 5373 animo
1562 5318 1906 5389 gravissime
1937 5324 2175 5389 pertur-

522 5409 666 5474 bati,
690 5424 758 5463 ac
784 5424 965 5479 prope
989 5412 1153 5462 extra
1178 5422 1238 5461 se
1257 5407 1432 5478 rapti,
1452 5406 1523 5462 de
1547 5406 1813 5479 periculo
1838 5407 2171 5480 eﬂ‘ugiendo

525 5497 876 5553 deliberant.
919 5498 1163 5568 Jamque
1214 5496 1619 5565 illucescebat,
1670 5513 1805 5553 cum
1852 5498 2171 5555 Michaelus

526 5588 637 5642 hoc
669 5585 902 5640 consilii
934 5586 1109 5657 capit'
1168 5585 1416 5640 Simulat
1472 5603 1534 5641 se
1593 5602 1774 5657 opera
1828 5587 2171 5655 Thcoctisti,

524 5690 702 5748 quem
730 5679 935 5744 postea.
964 5673 1034 5728 ad
1064 5672 1313 5728 caniclei
1344 5673 1693 5745 dignitatem
1727 5675 1939 5745 evexit,
1991 5692 2167 5748 quas.

2278 3269 2473 3338 θυμοῦ,
2525 3262 2586 3320 οὐ
2643 3263 2868 3321 παῦεται
2937 3266 2965 3321 ὁ
3025 3267 3117 3330 σὸς
3173 3266 3291 3330 υἱὸς
3335 3267 3566 3325 πολλῶν
3624 3264 3842 3341 ἐμπιπλῶν

2277 3355 2521 3427 αἱμάτων
2582 3352 2680 3428 ἐμὲ
2735 3354 2827 3410 καὶ
2883 3356 2975 3410 τὸν
3027 3353 3161 3428 ἐμὸν
3245 3359 3597 3434 παροργίζων
3650 3356 3749 3410 Υἱὸν
3786 3352 3843 3406 καὶ

2275 3443 2405 3500 Θεόν
2437 3463 2451 3513 ;
2488 3467 2514 3494 ››
2547 3441 2741 3498 Πολλά
2769 3464 2828 3498 τε
2855 3440 3038 3499 ἔκτοτε
3066 3445 3159 3499 τὸν
3211 3443 3409 3511 ἑαυτῆς
3456 3444 3733 3516 ἐξελιπάρει
3768 3441 3845 3493 υἱὸν

2273 3540 2374 3601 τῆς
2400 3537 2508 3588 τῶν
2551 3533 2951 3609 Εἰκονομάχων
3009 3534 3263 3604 ἐκστῆναι
3316 3536 3595 3609 αἱρέσεως,
3642 3537 3724 3602 τὴν
3761 3527 3844 3602 ὄψιν

2277 3619 2755 3696 ἐκτραγῳδήσασα.
2809 3623 2913 3679 Καὶ
2970 3623 3124 3699 ἑτέρα
3179 3621 3237 3679 δέ
3292 3646 3374 3687 τις
3425 3621 3550 3701 ὄψις
3586 3625 3642 3680 οὐ
3694 3624 3843 3696 μικρῶς

2277 3712 2651 3788 συνετάρασσε·
2710 3712 2980 3788 Ταράσιος
3039 3713 3144 3787 γὰρ
3177 3714 3205 3768 6
3235 3710 3491 3789 ἀοίδιμος
3550 3714 3844 3788 πατριάρχης,

2275 3800 2446 3857 πάλαι
2498 3802 2589 3856 τὸν
2650 3802 2767 3876 βίον
2828 3800 3225 3882 μετηλλαχὼς.
3285 3803 3521 3880 Μιχαὴλ
3577 3824 3682 3860 τινα
3724 3797 3844 3855 ἐδόκει

2276 3889 2465 3946 καλεῖν
2496 3889 2545 3964 ἐξ
2579 3890 2849 3965 ὀνόματος
2897 3888 2949 3945 ἒν
3005 3891 3258 3967 ὀνείροις,
3308 3892 3639 3964 ἐπιπηδῆσαι
3679 3906 3844 3966 προτρε·

2276 3980 2514 4052 πόμενος
2580 4001 2659 4052 τῳ
2718 3983 2908 4037 Λέοντι
2975 3982 3064 4037 καὶ
3141 3982 3350 4057 καιρίαν
3450 3983 3645 4054 πλῆξαι
3716 3976 3845 4034 αὐτόν.

2276 4064 2556 4144 Ἐστρόϐει
2589 4067 2647 4125 δὲ
2690 4066 2847 4126 αὒτὸν
2905 4070 2997 4126 καὶ
3046 4073 3080 4141 ἡ
3130 4076 3227 4128 τοῦ
3277 4072 3415 4128 κατᾶ
3462 4074 3525 4130 τὸ
3583 4065 3845 4142 Φιλομίλιον

2282 4161 2530 4233 μοναχοῦ
2559 4159 2861 4235 πρόῤῥησις
2920 4158 3007 4214 καὶ
3040 4162 3074 4229 ἠ
3100 4167 3200 4229 τῆς
3254 4160 3482 4231 ἐσθῆτος
3540 4156 3845 4234 μεταμφίασιςτ

2277 4249 2346 4316 ἢν
2375 4248 2402 4301 6
2436 4245 2668 4322 Μιχαὴλ
2701 4245 3021 4319 ἐποιήσατο,
3078 4246 3155 4311 ὥς
3206 4271 3312 4306 που
3359 4252 3648 4329 φθάσαντες
3686 4244 3847 4318 ἱστορῆ-

2281 4356 2471 4409 σαμεν.
2522 4337 2624 4398 Οἷς
2682 4333 2847 4391 ἅπασι
2905 4333 3329 4411 δειματούμενος
3378 4328 3414 4392 '6
3451 4335 3690 4411 βασιλεὺς
3735 4328 3848 4387 ἐπέλ-

2280 4423 2404 4481 λεττ
2433 4445 2491 4480 τε
2519 4428 2598 4496 τῷ
2630 4420 2735 4480 δέει
2776 4424 2865 4479 καὶ
2911 4427 3012 4495 τήν
3062 4427 3249 4499 ψυχὴν
3299 4426 3633 4499 ἐκυμαίνετο.
3679 4422 3754 4479 Διὸ
3788 4417 3842 4473 ιιαὲ

2280 4510 2550 4587 ἄγρυπνος
2583 4510 2811 4568 διετέλει
2853 4514 2981 4589 παρ’
3037 4514 3174 4583 ὃλην
3232 4515 3330 4585 τὴν
3394 4517 3576 4571 νύκτα.
3627 4513 3844 4588 Σοφώτερι

2279 4603 2460 4658 τοίνυν
2494 4604 2529 4674 ἢ
2566 4602 2967 4678 βασιλικώνερα
3021 4602 3477 4677 βουλευσάμενος,
3532 4608 3627 4675 τὴν
3676 4600 3746 4658 ἐπὶ
3786 4596 3846 4650 τὸν

2280 4693 2484 4748 παπίαν
2543 4694 2806 4772 φέρουσαν
2860 4690 3068 4749 πυλίδα
3126 4691 3418 4771 διαρρήξας
3478 4694 3765 4750 κατεσκόπει
3803 4684 3844 4738 τὶ

2280 4780 2449 4838 ἔνδον.
2484 4781 2761 4846 Εἰσελθὼν
2795 4781 2852 4837 δὲ
2878 4781 2954 4847 είς
3000 4804 3051 4838 τι
3112 4780 3390 4857 δωμάτιον
3450 4784 3619 4857 θέαμα
3668 4782 3750 4856 ὁρᾷ
3796 4773 3846 4833 εἷς

2281 4866 2541 4943 ἔκπληξιν
2574 4870 2637 4926 οὐ
2664 4874 2765 4941 τήν
2791 4875 3064 4950 τυχοῦσαν
3116 4870 3246 4947 ἄγον
3292 4874 3476 4929 αὐτόν·
3525 4870 3628 4928 εἶδε
3669 4869 3751 4945 γὰρ
3786 4864 3843 4919 τὸν

2287 4960 2380 5033 μὶν
2401 4966 2718 5036 κατάκριτον
2748 4960 2835 5016 ἐπὶ
2867 4956 3117 5023 στιϐάδος
3161 4963 3377 5035 ὑψηλῆς
3407 4964 3543 5017 πάνυ
3577 4957 3846 5035 μεγαλοπρε-

2283 5054 2398 5112 πῶς
2431 5049 2802 5123 ἀνακείμενον,
2834 5052 2927 5105 τὸν
2957 5047 3015 5105 δὲ
3042 5051 3247 5105 παπίαν
3280 5050 3369 5107 ἐπὶ
3400 5051 3563 5126 ξηροῦ
3590 5039 3846 5104 καταχλινὸ-

2287 5160 2442 5212 μενον
2495 5143 2592 5194 τοῦ
2650 5137 2903 5216 ἐδάφους.
2990 5140 3407 5215 Περιεργότερον
3486 5137 3544 5194 δὲ
3600 5128 3846 5212 προσελθὼν

2282 5227 2567 5284 ἐπεσκόπει
2598 5228 2688 5283 τὸν
2719 5227 2980 5304 Μιχαὴλ,
3012 5227 3057 5284 εἶ
3090 5228 3223 5302 ὅπερ
3252 5227 3405 5308 φιλεῖ
3452 5228 3503 5282 ἐν
3549 5228 3660 5289 τοῖς
3702 5238 3846 5292 κυμαι·

2280 5318 2533 5391 νομένοις
2560 5318 2647 5373 καὶ
2705 5318 2805 5387 τὴν
2857 5319 3002 5387 ζωὴν
3055 5312 3375 5396 ἀμφίϐολον
3422 5313 3603 5392 ἔχουσι
3648 5311 3847 5396 γίνεσθαί,

2281 5406 2605 5464 ἐπιπόλαιόν
2656 5426 2777 5462 τινα
2829 5407 2921 5461 καὶ
2981 5405 3317 5480 ἐμμέριμνον
3380 5406 3630 5462 ὗπνώττει
3674 5393 3842 5460 ὕπνονῆ

2278 5496 2591 5552 τοόναντίον
2637 5493 2931 5574 ἀφρόντιδα
2973 5495 3066 5551 καὶ
3122 5495 3279 5566 ἡδύν.
3334 5499 3417 5570 [Ρ.
3453 5497 3574 5567 494]
3623 5494 3700 5552 Ὠς
3724 5483 3843 5574 δ’

2282 5608 2366 5661 ριν
2399 5586 2601 5648 ἀνέτως
2634 5569 2897 5640 ὑπνοῦντα
2950 5586 3061 5658 (καὶ
3119 5586 3222 5661 γὰρ
3270 5569 3389 5640 οὐδ’
3432 5583 3750 5658 ἐπαφώμενος
3779 5569 3840 5661 5f,”

2277 5658 2366 5732 τὸν
2403 5674 2676 5731 διυπνίσαι
2737 5673 3004 5750 ἴσχυσεν),
3064 5658 3143 5737 είς
3194 5658 3422 5749 μείζονα
3477 5673 3667 5748 ἀνήφθη
3715 5658 3837 5735 θυμὸν
