4108 6300
421 342 472 421 ρ
1461 356 2000 421 ΗΙΒΤΟΒΙΑΒΟΜ
2047 359 2611 428 ΟΟΜΡΕΝΒΙΠΜ.

3622 373 3740 432 950

1179 495 1430 580 θεάμασι,
1489 491 1580 547 καὶ
1641 491 1802 566 ἀπῄει
1832 493 1952 548 κατέ

2083 496 2219 552 dam
2260 501 2475 556 animae
2532 517 2652 557 suae
2709 503 2956 560 mendas
3013 505 3376 576 quibusdam
3437 508 3727 580 religiosis

316 584 555 659 σχολὴν,
589 579 760 638 δεινὸν
790 581 891 637 οὐκ
937 585 1086 654 αὖτῷ
1123 583 1306 654 μόνον,
1364 579 1510 636 ἀλλὰ
1563 582 1650 636 καὶ
1683 587 1762 653 τῷ
1789 582 1966 654 παπίᾳ

319 676 559 733 εὒσείων.
615 675 712 729 Καὶ
767 678 933 728 ταῦτα
995 676 1088 746 μὲν
1121 674 1149 728 6
1185 670 1461 748 βασιλεὺς.
1517 673 1636 728 Οὐκ
1691 668 1853 726 ἔλαυε
1911 670 1969 726 δὶ

315 771 487 822 ταῦτα
514 763 642 826 τοὺς
670 762 792 836 περὶ
823 763 916 817 τὸν
942 763 1169 830 παπίαν,
1201 762 1349 818 ἀλλά
1403 782 1489 823 τις
1517 765 1625 816 τῶν
1658 761 1968 833 προκοίτων

315 860 415 912 τοῦ
446 852 675 929 Μιχαὴλ
709 853 768 908 ἐκ
793 857 898 906 τῶν
953 857 1208 929 φοινικῶν
1264 851 1650 928 φωρασάμενος
1712 845 1964 923 ἐμϐάδων

320 940 632 1017 ἀπήγγειλε
688 941 861 996 πάντα
914 944 1116 1019 σαφῶς.
1169 940 1271 1002 Οἷς
1327 941 1577 1000 ἐκπαθεῖς
1634 938 1722 992 καὶ
1768 941 1966 1011 μικροῦ

319 1029 427 1088 δεῖν
461 1029 716 1108 ἔκφρονες
776 1032 828 1086 οἳ
885 1029 1010 1100 περὶ
1063 1030 1158 1084 τὸν
1216 1028 1417 1083 παπίαν
1464 1027 1746 1103 γενόμενοι
1805 1026 1962 1081 ἐσκέ-

317 1143 516 1178 πτοντο
544 1127 662 1182 πῶς
704 1120 764 1175 ἂν
795 1121 886 1175 τὸν
914 1116 1163 1174 κίνδυνον
1226 1116 1560 1196 διαφύγοιεν.
1619 1117 1961 1190 Ὑπέλαμπεν

316 1213 436 1287 ἄρτι
468 1214 672 1286 ἡμέρα,
702 1210 794 1266 καὶ
834 1210 1117 1266 σκέπτεται
1149 1212 1346 1282 σκῆψιν
1398 1206 1616 1264 τοιάνδε
1647 1210 1675 1263 6
1708 1206 1960 1284 Μιχαὴλ,

316 1304 391 1364 ὡς
421 1300 658 1378 ψυχικάς
685 1320 835 1361 τινας
864 1297 1096 1368 κηλῖδας
1155 1297 1410 1374 βούλεταί
1465 1318 1571 1351 τινι
1628 1302 1736 1352 τῶν
1769 1297 1958 1374 Θεοφί-

313 1389 425 1446 λων
459 1390 802 1467 ἐξαγορεῦσαι
853 1387 943 1443 διὰ
999 1388 1343 1456 Θεοκτίστου,
1373 1388 1431 1442 ὃν
1491 1386 1628 1458 μετά
1682 1389 1850 1440 ταῦτα
1880 1388 1960 1456 τῷ

310 1485 410 1536 τοῦ
465 1479 776 1535 κανικλείου
853 1497 1142 1550 τετιμηκεν
1214 1477 1486 1548 ἀξιώματι
1545 1480 1677 1548 (59).
1740 1473 1960 1530 Ἐπιτέ-

311 1591 520 1646 τραπτο
554 1573 683 1644 γοῦν
741 1571 908 1622 τοῦτο
958 1567 1201 1642 γενέσθαι
1261 1566 1408 1640 παρᾶ
1468 1565 1758 1640 βασιλέως.
1799 1565 1861 1621 Ὀ
1902 1560 1960 1618 δὲ

311 1656 546 1734 Μιχαὴλ
576 1655 758 1720 ἀδείας
788 1652 1094 1727 λαϐόμενος
1147 1654 1292 1729 λέγει
1348 1654 1485 1729 πρὸς
1514 1654 1606 1708 τὸν
1639 1654 1956 1708 Θεόκτιστον

317 1772 345 1800 ‹‹
378 1749 601 1822 Καιρὸς,
642 1747 689 1800 ὦ
745 1745 1017 1815 Θεόκτισε,
1075 1749 1197 1806 τοῖς
1245 1744 1588 1816 συνωμόταις
1644 1740 1956 1810 ἐπάπειλῆ-

2073 587 2416 644 hominibus
2446 591 2590 646 velle
2647 596 2902 664 aperire.
2971 596 3238 666 Cumque
3294 597 3353 651 id
3405 598 3728 670 imperator

2071 677 2460 748 permisisset,
2521 680 2826 737 licentiam
2884 690 3090 739 nactus
3125 687 3461 741 Theoctisto
3495 689 3719 744 indicat

2074 769 2306 836 tempus
2358 784 2601 837 poscere
2633 775 2699 823 ut
2727 772 2904 826 sociis
2961 775 3398 843 conjurationis
3430 779 3718 848 minetur,

2072 855 2186 910 nisi
2219 858 2412 928 ipsum
2461 858 2771 913 celerrime
2821 862 3149 916 discrimini
3185 866 3503 934 eriperent,
3539 885 3600 922 se
3633 873 3720 923 to-

2074 949 2192 999 tam
2225 963 2349 1000 rem
2375 947 2715 1018 imperatori
2741 951 3206 1005 enuntiaturum.
3245 954 3362 1007 Hoc
3376 956 3721 1012 mandatum

2070 1041 2431 1105 exsequente
2480 1036 2843 1104 Theoctisto,
2889 1040 3354 1110 conspirationis
3407 1046 3726 1114 populares

2067 1140 2189 1178 non
2222 1124 2538 1179 mediocris
2561 1126 2806 1180 incessit
2838 1127 3200 1193 sollicitudo,
3232 1131 3524 1200 anxieque
3574 1150 3722 1188 con-

2068 1210 2436 1268 sultaveruut
2491 1213 2793 1283 quomodo
2827 1221 2885 1267 et
2915 1230 3083 1268 suam
3116 1220 3174 1268 et
3204 1217 3470 1272 Michaeli
3494 1220 3622 1288 jam
3654 1222 3717 1276 in

2069 1305 2332 1354 extremo
2361 1299 2433 1354 de
2464 1301 2583 1355 vita
2633 1319 2741 1356 sua
2796 1303 3065 1373 periculo
3126 1305 3412 1360 versantis
3464 1307 3721 1364 salutem

2063 1390 2768 1446 conservarent.'l‘andem
2797 1391 3115 1447 consilium
3141 1393 3711 1466 componitur,quod

2067 1482 2126 1532 et
2167 1478 2328 1548 ipsos
2380 1479 2712 1534 incolumes
2741 1480 3003 1534 reddidit
3034 1486 3092 1535 et
3117 1482 3401 1537 Michaelo
3433 1500 3569 1540 cum
3602 1487 3720 1541 vita

2065 1567 2383 1637 imperium
2417 1569 2570 1623 866
2600 1569 2843 1640 paravit.
2880 1572 2998 1624 Mos
3056 1577 3193 1626 tunc
3227 1577 3352 1626 erat
3380 1590 3500 1629 non
3526 1576 3577 1630 is
3613 1576 3715 1646 qui

2065 1671 2226 1710 nunc
2256 1661 2512 1722 tenetur,
2546 1657 2618 1711 ab
2650 1657 2752 1712 illo
2789 1663 3058 1729 tempore
3092 1666 3386 1732 receptus,
3426 1668 3495 1718 ut
3523 1665 3622 1734 qui
3653 1666 3714 1720 in

2063 1747 2331 1802 Palatino
2357 1749 2574 1819 templo
2605 1749 2873 1820 psallunt
2899 1751 3122 1817 clerici,
3141 1751 3198 1806 in
3231 1754 3391 1824 regia
3411 1755 3714 1810 habitent:

313 1859 423 1907 σαι,
456 1838 530 1899 ὡς
557 1835 607 1892 εἷ’
638 1837 713 1908 μὴ
767 1835 962 1908 τάχιον
1025 1833 1345 1888 σπεύσουσιν
1398 1830 1666 1902 ἐξελέσθαι
1723 1835 1821 1885 τοῦ
1848 1851 1952 1884 κιν-

2070 1834 2174 1890 sed
2206 1836 2457 1906 quisque
2471 1836 2630 1892 domi
2664 1855 2786 1894 sua;
2819 1838 3038 1910 degens
3068 1841 3226 1896 circa
3252 1843 3488 1897 tertiam
3521 1843 3712 1899 noctis

312 1924 474 1982 δύνου
531 1929 678 1997 ἡμᾶς
715 1968 728 1994 ,
795 1923 966 1977 πάντα
1043 1923 1108 1977 τὰ
1164 1929 1266 1991 τῆς
1319 1921 1564 1996 πράξεως
1614 1917 1956 1993 ἀνακαλύψαι

309 2021 390 2089 τῷ
459 2013 694 2090 βασιλεῖ.
731 2037 758 2064 »
819 2011 921 2069 Καὶ
977 2016 1075 2066 τοῦ
1129 2011 1449 2066 Θεοκτίστου
1508 2011 1585 2071 ὡς
1665 2007 1956 2078 ἐκελεύσθη

310 2108 666 2177 ποιήσαντος,
708 2103 784 2165 εἷς
837 2102 1068 2177 ἀγωνίαν
1125 2100 1190 2156 οὐ
1235 2103 1333 2169 τὴν
1383 2097 1655 2175 τυχοῦσαν
1714 2098 1960 2154 ἐνέπεσον

313 2197 366 2250 οἱ
433 2193 756 2266 συνίστορες,
813 2190 904 2245 καὶ
971 2187 1358 2244 διεσκοποῦντο
1423 2192 1541 2249 πῶς
1602 2189 1663 2242 ἃν
1696 2186 1850 2242 αὐτοί
1900 2205 1958 2240 τε

313 2286 531 2339 σωθεῖεν
558 2283 647 2336 καὶ
689 2283 784 2336 τὸν
852 2282 978 2336 ὅσον
1027 2278 1241 2336 οὐδέπω
1309 2281 1484 2333 θανεῖν
1541 2275 1958 2332 κινδυνεύσαντα

311 2371 653 2429 διασώσαιεν.
707 2371 1030 2426 Ῥἀπτουσιν
1091 2371 1182 2424 οὖν
1244 2367 1454 2444 βουλὴν
1509 2365 1635 2436 ἥτις
1671 2365 1868 2427 αὐτούς
1897 2385 1957 2421 τε

309 2462 570 2538 ἐρῥῦσατο
601 2462 691 2515 καὶ
729 2466 810 2533 τῷ
867 2457 1104 2534 Μιχαὴλ
1152 2459 1288 2532 πρὸς
1345 2461 1414 2530 τῇ
1451 2455 1702 2530 βασιλείᾳ
1739 2455 1826 2509 καὶ
1855 2455 1956 2522 τὴν

311 2552 458 2622 ζωὴν
525 2550 838 2628 ἐχαρίσατο.
896 2551 1061 2612 Ἔθος
1127 2543 1406 2621 ἐπεκράτει
1461 2545 1604 2612 τότε,
1643 2543 1954 2618 μὴ,ὥσπερ

308 2647 421 2712 νῦν,
454 2637 602 2696 ἔνδον
631 2643 738 2695 τῶν
787 2637 1080 2713 βασιλείων
1149 2630 1331 2691 ἔκτοτε
1387 2630 1554 2689 λαϐὸν
1618 2636 1719 2702 τὴν
1747 2633 1951 2709 ἀρχὴν,

314 2734 485 2806 μένειν
517 2730 644 2792 τοὺς
701 2734 770 2804 τῇ
838 2727 1102 2798 ἐκκλησίᾳ
1149 2729 1247 2780 τοῦ
1311 2723 1580 2779 παλατίου
1638 2722 1952 2797 ψάλλοντας

311 2819 634 2895 κληρικοὺς,
666 2817 812 2874 ἀλλὰ
865 2822 983 2879 τοῖς
1035 2813 1197 2877 ἰδίοις
1258 2813 1450 2882 οἴκοις,
1509 2814 1633 2887 περὶ
1667 2811 1723 2866 δὲ
1759 2812 1951 2886 τρίτην

307 2910 557 2992 φυλακὴν
598 2915 700 2978 τῆς
729 2908 921 2968 νυκτὸς
961 2908 1071 2980 (60)
1112 2904 1418 2979 ἀγείρεσθαι
1477 2903 1612 2956 κατὰ
1664 2902 1762 2968 τὴν
1792 2901 1950 2957 Ἐλε-

302 3021 586 3074 φαντινην,
638 2999 880 3060 κάκεῖθεν
937 2995 1149 3050 ἀπιέναι
1206 2996 1344 3067 πρὸς
1392 2995 1492 3062 τὴν
1531 2992 1823 3062 ἐκκΛησίαν
1859 2993 1950 3045 καὶ

299 3096 380 3164 τῷ
421 3089 538 3162 Θεῷ
582 3090 680 3151 τὰς
730 3087 953 3148 ἑωθινὰς
1005 3083 1324 3141 ἀποδιδόναι
1401 3083 1594 3162 εὐχάς.
1631 3082 1860 3142 Τούτοις
1891 3080 1947 3134 οἱ

303 3180 614 3252 συνωμόται
647 3175 1129 3254 ἐγκαταμικθέντες
1160 3174 1303 3243 τότε,
1371 3173 1475 3228 ὑπὸ
1547 3170 1729 3244 μάλης
1760 3169 1949 3247 ἐγχει-

307 3266 452 3346 ρίδια
494 3263 737 3343 ἔχοντες,
794 3265 1158 3338 συνεισῂεσαν,
1189 3263 1278 3318 καὶ
1331 3261 1383 3316 ἔν
1414 3282 1520 3316 τινι
1552 3263 1811 3330 σκοτεινῷ
1847 3265 1947 3326 τῆς

305 3357 598 3428 ἐκκλησίας
639 3355 980 3430 λοχήσαντες
1021 3355 1177 3425 τόπῳ
1221 3352 1286 3406 τὸ
1330 3351 1578 3423 σύνθημα
1616 3347 1949 3422 ἐξεδέχοντο.

300 3449 394 3508 Ὠς
426 3445 472 3502 δ’
503 3448 532 3501 6
564 3447 736 3518 ὕμνος
795 3442 1178 3518 διεπεραίνετο,
1219 3439 1328 3510 ἤδη
1362 3438 1418 3495 δὲ
1446 3445 1624 3514 παρῆν
1661 3439 1749 3493 καὶ
1781 3439 1810 3492 6
1852 3439 1952 3512 βα-

309 3538 522 3616 σιλρὺς,
580 3539 799 3606 καὶτῆς
839 3533 1113 3609 ὑμνῳδίας
1170 3534 1422 3610 ἐξῆρχεν,
1483 3533 1556 3594 ὡς
1619 3525 1762 3598 ἔθος,
1796 3555 1822 3581 ‹‹
1855 3533 1949 3602 Τῷ

308 3629 674 3689 παντάνακτος
742 3623 1090 3700 ἐξεφαύλισαν
1148 3625 1303 3696 πόθῳ
1335 3646 1363 3674 n
1423 3625 1568 3696 (εἶχε
1595 3622 1720 3697 γὰρ,
1755 3621 1829 3681 ὡς
1861 3617 1948 3674 εἷ’-

306 3738 504 3789 πομεν,
561 3717 865 3790 τορωτὲραν
927 3716 1158 3793 φωνὴν),
1215 3713 1340 3768 τότε
1394 3709 1458 3781 δὴ
1523 3708 1948 3780 εἰσπηδήσαντες

303 3806 496 3882 ἀθρόον
530 3807 582 3860 οἱ
614 3804 918 3879 συνωμόται
949 3806 1011 3858 ’ἐκ
1045 3804 1140 3876 μὲν
1198 3805 1296 3866 τῆς
1356 3802 1580 3873 πρώτης
1637 3800 1946 3874 ἡμάρτανον

301 3890 639 3971 προσϐολῆς,
674 3893 808 3967 πρὸς
847 3893 938 3947 τὸν
987 3895 1084 3946 τοῦ
1123 3888 1337 3964 κλήρου
1367 3887 1596 3964 ἔξαρχον
1627 3886 1948 3956 ἀποπλανῆ-

300 3983 499 4049 θέντες,
555 3981 662 4035 εἴτε
717 3979 1022 4053 παρόμοιὸν
1080 3975 1207 4033 ὄντα
1271 3983 1350 4049 τῷ
1409 3978 1626 4052 βασιλεῖ
1683 3977 1824 4030 κατᾶ
1849 3977 1949 4045 τὴν

303 4069 622 4141 σωματικὴν
681 4067 990 4142 ἐμφέρειαν,
1088 4066 1193 4119 εἶ’τε
1246 4071 1318 4138 τῇ
1378 4065 1500 4140 περὶ
1567 4066 1666 4132 τὴν
1703 4063 1946 4139 κεφαλὴν

303 4158 472 4233 ὁμοίᾳ
527 4151 820 4232 περιϐδλῇσ
865 4148 947 4221 ’ἦν
1005 4155 1108 4228 γὰρ
1142 4157 1176 4222 ἡ
1209 4153 1327 4228 ὣρα
1382 4151 1682 4225 κρυμώδης
1743 4174 1802 4206 τε
1857 4153 1948 4207 καὶ

302 4247 590 4324 χειμέριος
634 4287 649 4316 ,
715 4243 806 4298 καὶ
871 4241 962 4297 διὰ
1007 4247 1169 4297 τοῦτο
1223 4241 1272 4296 ἐν
1326 4237 1703 4316 περιϐλήμασι
1761 4240 1950 4303 πάντες

303 4334 678 4410 διεκαρτέρουν
761 4332 1181 4409 στεγανωτέροις
1215 4377 1228 4398 ,
1296 4330 1483 4393 πίλοις
1536 4331 1632 4394 τὰς
1712 4327 1950 4407 κεφαλὰς

305 4425 582 4498 ὀξυτάτοις
639 4421 1154 4498 περικαλύπτοντες.
1216 4419 1375 4476 Ἀλλ’
1407 4422 1435 4476 6
1469 4421 1562 4492 μὲν
1607 4425 1704 4474 τοῦ
1734 4421 1947 4495 κλήρου

301 4516 634 4592 καθηγεμὼν
692 4513 785 4569 τὸν
844 4509 1094 4566 κίνδυνον
1141 4512 1445 4581 ἀπεώσατο,
1483 4532 1576 4566 τον
1644 4511 1806 4567 πίλον
1846 4521 1946 4583 τῆς

2069 1924 2328 1996 vigiliam
2361 1926 2433 1980 ad
2461 1932 2692 1998 portam
2724 1927 3176 1998 Elephantinam
3230 1947 3334 1985 seu
3392 1931 3717 1988 eburneam

2069 2014 2519 2083 conveniebant,
2555 2015 2810 2086 indeque
2840 2017 2899 2070 in
2936 2018 3222 2089 templum
3253 2021 3550 2090 progressi
3601 2021 3718 2076 Deo

2067 2103 2360 2158 matutina
2390 2110 2525 2159 vota
2565 2106 3009 2177 nuncupabant.
3053 2107 3128 2162 lis
3160 2112 3285 2161 tum
3323 2109 3616 2180 conjurati
3653 2125 3712 2165 se

2067 2193 2515 2262 permiscentes,
2577 2195 2934 2266 pugionibus
2980 2195 3184 2250 subter
3224 2195 3348 2250 alas
3379 2197 3710 2268 occultatis,

2066 2295 2185 2334 una
2217 2281 2539 2348 intrabant,
2591 2283 2894 2354 abditique
2951 2283 3011 2338 in
3061 2285 3312 2339 obscuro
3345 2285 3550 2356 templi
3583 2287 3712 2341 loco

2064 2373 2352 2426 tesseram
2403 2373 2868 2442 exspectabant.
2931 2378 3164 2444 Hymno
3223 2372 3517 2439 absoluto,
3552 2376 3712 2429 venit

2065 2461 2241 2516 etiam
2274 2461 2617 2530 imperator,
2650 2478 2717 2515 ac
2739 2479 2844 2532 pro
2875 2479 3040 2516 more
3073 2479 3176 2516 suo
3210 2478 3350 2516 voce
3397 2463 3712 2534 grandiore

2064 2549 2354 2605 intonavit
2379 2567 2650 2605 carmen:
2686 2572 2712 2600 η
2740 2551 3021 2621 Sprevere
3044 2552 3239 2605 sumni
3273 2556 3481 2606 cuncta
3505 2567 3708 2607 amore

2062 2639 2430 2711 principis.»
2489 2641 2633 2694 Tum
2699 2640 2990 2710 conjurati
3051 2640 3365 2694 confertim
3415 2641 3704 2712 impetum

2063 2728 2374 2793 dederunt,
2410 2729 2509 2798 qui
2537 2745 2638 2782 eos
2665 2729 2834 2783 initio
2867 2746 2972 2800 per
3014 2745 3277 2783 errorem
3308 2729 3370 2782 in
3403 2729 3545 2783 cleri
3579 2747 3705 2784 ma-

2059 2819 2308 2888 gistrum
2345 2816 2499 2887 tulit,
2534 2816 2652 2871 sive
2684 2817 2839 2886 quod
2869 2817 2920 2871 is
2950 2834 3195 2888 corpore
3227 2819 3568 2888 imperatori
3592 2818 3704 2872 ad-

2062 2907 2274 2961 similis
2305 2912 2450 2976 erat,
2484 2907 2603 2961 sive
2635 2907 2792 2977 quod
2817 2912 2994 2977 caput
3021 2907 3200 2962 simili
3224 2912 3380 2961 veste
3411 2908 3703 2963 velaverat

2061 3001 2188 3051 erat
2207 2996 2369 3050 enim
2392 3001 2657 3066 tempore
2681 3012 2749 3050 eo
2771 3012 3051 3066 magnum
3076 2995 3487 3067 gelu,ideoque
3511 2997 3702 3067 quivis

2061 3089 2240 3156 caput
2259 3101 2431 3139 suum
2463 3084 2736 3140 densiore
2767 3084 2923 3155 pileo
2945 3088 3163 3139 tectum
3188 3101 3307 3139 non
3338 3085 3697 3141 denudabat.

2062 3173 2172 3228 Sed
2209 3175 2258 3228 is
2291 3172 2530 3244 quidem
2564 3173 2718 3244 pileo
2749 3173 2927 3244 capiti
2962 3172 3248 3241 detracto,
3281 3179 3516 3230 ostensa
3573 3174 3702 3230 cal-

2059 3263 2219 3330 vitie,
2291 3261 2554 3333 periculo
2604 3279 2665 3315 se
2695 3262 3004 3317 subtraxit.
3067 3265 3396 3334 Imperator
3452 3263 3700 3318 insidias

2061 3353 2323 3410 sentiens
2352 3353 2412 3406 in
2444 3352 2748 3423 penetrale
2783 3351 2986 3407 altaris
3019 3369 3080 3407 se
3109 3352 3408 3420 subduxit,
3441 3351 3706 3424 derepta-

2061 3459 2174 3514 que
2202 3441 2488 3498 thuribuli
2520 3447 2746 3509 catena,
2774 3445 2877 3496 aut
2905 3445 2970 3495 ut
2994 3441 3093 3495 alii
3127 3441 3541 3511 perhibebent,
3573 3441 3706 3498 diva

2059 3551 2251 3603 cruce,
2309 3533 2462 3588 ictus
2495 3548 2912 3603 percussorum
2965 3533 3211 3604 excepit.
3247 3534 3460 3588 Verum
3511 3533 3550 3586 ii
3583 3549 3704 3588 non

2059 3623 2272 3697 singuli
2333 3622 2438 3678 sed
2494 3622 2647 3676 facto
2698 3638 2886 3675 cuneo
2938 3622 3253 3689 irruentes,
3303 3621 3456 3676 alius
3504 3623 3708 3692 capiti,

2058 3713 2247 3767 ventri
2281 3709 2641 3779 aliusfalius
2673 3709 2773 3764 alii
2805 3711 3071 3780 corporis
3103 3711 3251 3764 867
3305 3711 3457 3781 parti
3505 3711 3706 3782 plagas

2057 3801 2452 3856 intentabant.
2489 3801 2598 3854 Leo
2631 3799 2975 3870 aliquandiu
2991 3816 3162 3854 cruce
3185 3816 3246 3853 se
3269 3799 3550 3867 defendit,
3577 3799 3709 3854 icti-

2057 3891 2166 3945 bus
2198 3890 2529 3962 gladiorum
2559 3889 2836 3959 repulsis,
2866 3889 3054 3944 donec
3113 3889 3252 3944 ferzc
3312 3889 3500 3942 instar
3530 3888 3710 3942 undi-

2057 3996 2290 4052 quaque
2343 3979 2646 4050 impetitus
2706 3979 3035 4034 succubuit.
3090 3978 3344 4033 Tandem
3389 3979 3707 4048 quemdam

2057 4069 2304 4123 immani
2353 4084 2600 4139 corpore
2659 4068 2911 4139 gigantis
2951 4067 3210 4122 similem
3267 4067 3488 4122 inferre
3519 4067 3705 4122 ictum

2057 4171 2328 4211 cernens.
2373 4172 2477 4226 per
2527 4155 2960 4211 inhabitantem
3009 4156 3213 4210 fanum
3271 4155 3416 4210 illud
3448 4157 3699 4229 gratiam

2050 4243 2318 4315 juratum
2369 4243 2712 4298 obsecratus
2750 4249 2841 4298 est
2870 4250 2936 4298 ut
2964 4244 3074 4298 sibi
3107 4250 3393 4316 parceret.
3427 4245 3559 4300 Fuit
3589 4261 3699 4300 no-

2057 4330 2196 4386 bilis
2254 4333 2362 4387 iste
2412 4331 2925 4387 Crambonitarum
2985 4333 3168 4404 stirpe
3239 4333 3575 4400 oriundus;
3632 4347 3700 4387 ac

2058 4422 2264 4477 dicens
2285 4439 2405 4477 non
2425 4424 2902 4493 juramentorum
2925 4439 3056 4478 esse
3081 4423 3210 4490 hoc,
3236 4423 3338 4478 sed
3365 4423 3541 4477 caadis
3565 4427 3704 4476 tem-

2058 4528 2168 4583 pus
2188 4513 2342 4584 gravi
2379 4512 2500 4567 ictu
2530 4528 2774 4567 manum
2822 4513 3032 4568 Leonis
3087 4512 3373 4568 clavicula
3428 4511 3702 4573 abscidit,

296 4590 541 4684 κεφαλῆς
608 4602 824 4682 ἀφελὼν
880 4601 970 4655 καὶ
1023 4604 1091 4674 τῇ
1178 4597 1430 4678 φαλάκρᾳ
1515 4602 1615 4669 τὴν
1669 4601 1944 4674 σωτηρίαν

2063 4601 2352 4672 simulque
2384 4619 2570 4657 cornu
2613 4603 2825 4658 crucis.
2859 4603 3116 4658 Tandem
3158 4602 3501 4657 vulneribus
3550 4602 3700 4656 victo

1496 4722 1859 4777 X'YLANDRI
1900 4723 1986 4777 ET
2025 4723 2232 4778 GOARI
2273 4723 2492 4776 NOTAE.

370 4826 481 4900 (59)
561 4818 910 4900 Κανικλείου.
947 4817 1160 4900 ἀξιωμα
1227 4819 1381 4900 quid
1426 4819 1807 4900 sit,‘ne_scio.
1860 4819 1950 4874 Fit

300 4889 524 4952 mentio
555 4895 733 4950 etiam
758 4889 914 4964 apud
947 4892 1208 4964 Nicetam
1242 4889 1304 4944 in
1335 4890 1603 4964 Manuelo
1623 4891 1942 4964 Comneno.

299 4968 437 5024 XvL.
464 5000 530 5007 ——
557 4967 634 5021 De
652 4961 885 5022 caniclei
909 4962 1188 5034 praafecto
1212 4967 1350 5034 post,
1369 4961 1688 5034 Meursium
1713 4962 1908 5034 Greise
1928 4993 1942 5004 ς

300 5057 399 5094 rus
431 5038 688 5110 plurima
717 5042 843 5090 tum
874 5031 934 5110 in
965 5048 1181 5110 commt
1215 5031 1444 5099 Codini,
1467 5038 1592 5110 tum
1614 5033 1682 5110 ip
1713 5033 1945 5110 Adden-

299 5110 409 5176 dis,
433 5104 521 5165 hil
549 5117 746 5164 tamen
770 5105 927 5176 quod
949 5106 1181 5159 caniclei
1202 5120 1421 5159 nomen
1450 5104 1543 5158 vel
1570 5105 1829 5176 ofﬁcium
1853 5122 1947 5160 ex-

295 5175 858 5259 ponat._Utrumque
890 5177 1146 5259 breviter
1175 5191 1487 5259 exseqpor.
1537 5175 1727 5230 Κὰνιον
1763 5176 1946 5259 σῃ)ιί-

291 5239 429 5309 cant
459 5251 679 5307 Glossaa
710 5239 1202 5316 Graecobarbaraa}
1241 5239 1605 5321 ᾁλᾶῥαστρον,
1629 5239 1944 5321 quinia-nov,

298 5324 640 5396 μυροθήκην,
672 5335 767 5396 uas
787 5321 1084 5396 unguentis
1115 5317 1410 5396 condendis
1431 5317 1502 5373 ex
1531 5317 1839 5396 alabastro,
1857 5318 1946 5372 vel

295 5385 556 5468 pretioso
578 5385 757 5468 'ti'ctili
787 5389 1095 5468 metallove
1123 5389 1464 5468 conlectum
1496 5407 1507 5442 :
1556 5385 1718 5446 κλέος
1740 5395 1948 5468 autem

295 5457 433 5521 cum
465 5464 703 5534 gloriarm
735 5465 926 5534 sonet,
963 5457 1268 5534 κανικλεῐον
1303 5461 1416 5515 erit
1445 5475 1717 5515 vasorum
1740 5461 1947 5534 hujus-

298 5530 484 5591 modi'
520 5530 983 5589 nobilissimum.
1043 5532 1314 5601 llludque
1376 5537 1521 5597 erat,
1584 5548 1698 5601 quo
1731 5532 1948 5586 rubens

298 5609 498 5680 liquor
528 5606 647 5661 sive
678 5602 1015 5658 cinnabaris
1038 5603 1382 5726 imperatori
1404 5601 1781 5674 chrysobulla
1803 5603 1950 5657 scri-

298 5686 472 5726 ntnro
499 5674 846 5726 servabatur
899 5675 958 5726 et
1013 5690 1120 5726 pro
1153 5673 1448 5726 erabatur.
1508 5674 1793 5726 Vasisaue
1827 5673 1946 5726 hu-

297 5673 472 5754 pturo
499 5674 846 5734 servabatur
899 5675 958 5727 et
1013 5673 1448 5745 proferebatur.
1508 5674 1793 5745 Vasisque
1827 5673 1946 5731 hu-

2050 4819 2306 4891 jusmoei
2343 4825 2542 4875 custoe
2611 4825 2738 4874 erat
2770 4819 2797 4872 6
2829 4816 2907 4872 ἐτὶ
2963 4823 3059 4872 τοῦ
3125 4818 3456 4874 κανικλείου.
3519 4821 3703 4877 Dictis

2056 4891 2315 4963 suggerit
2343 4892 2756 4946 auctoritatem
2817 4892 3046 4946 Nicetas
3097 4892 3159 4946 in
3211 4892 3478 4947 Manuele
3526 4895 3696 4948 Com-

2055 4978 2210 5034 neno
2243 4967 2290 5023 1.
2324 4964 2378 5034 ᾇ,
2413 4963 2510 5017 ubi
2539 4980 2673 5018 cum
2707 4964 2906 5034 Stypio
2938 4969 3146 5034 natum
3180 4963 3497 5034 quemdam
3525 4963 3703 5034 Theo-

2057 5033 2268 5107 dorum
2300 5027 2375 5094 εἷς
2407 5035 2516 5107 τὴν
2562 5037 2656 5087 τοῦ
2714 5027 3025 5107 κανὶκλείου
3089 5027 3705 5107 pavo-0.03953711129062-

2056 5097 2552 5176 ϐαζὸμενοντιμήν
2583 5105 2958 5171 asseruisset,
3007 5097 3299 5160 Joannem
3343 5097 3702 5176 'Hagiotbeo-

2057 5175 2285 5231 doriten
2321 5175 2454 5231 ideo
2487 5177 2710 5232 invidia
2752 5182 2980 5231 motum
3035 5176 3238 5246 subdit
3288 5175 3555 5246 ejusdem
3585 5179 3702 5232 Ma-

2059 5249 2280 5322 ξιιιιῑςίἰδ⁸
2302 5249 2356 5322 3,
2388 5251 2421 5302 4
2443 5247 2584 5322 εᾌᾘκ
2612 5251 2708 5322 τοῦ
2754 5249 2833 5322 τῷ
2869 5247 3186 5322 Στυπειιώτῃ
3222 5243 3447 5322 δοθῖῆναι
3482 5243 3704 5322 δοχεῖον

2058 5313 2416 5392 ἐρυθροδάνου
2449 5314 2692 5372 διάλιθον
2726 5313 2957 5392 χρῦσεον
2991 5316 3079 5370 καὶ
3111 5313 3225 5377 τοῖς
3283 5314 3466 5391 ὅρκοις
3515 5313 3705 5376 τὸὶῦτον

2058 5387 2432 5456 ἐπιάατῆσαι.
2469 5392 2644 5446 GOAR.

2141 5462 2255 5534 (ὅθ)
2289 5465 2508 5534 Auctor
2565 5461 2741 5534 paulo
2775 5460 2967 5534 intra;
3001 5457 3115 5529 ὥρα
3154 5458 3220 5526 ἦν
3256 5460 3328 5520 ὡς
3362 5457 3556 5530 δεκάτη
3605 5469 3705 5530 τῆ)

2065 5531 2279 5599 νυκτός,
2315 5550 2348 5587 a
2379 5531 2669 5607 principio
2701 5531 2920 5607 noc_tis_
2950 5532 3230 5586 horarum
3264 5539 3322 5588 et
3351 5535 3704 5607 vigiliarum.

2068 5620 2324 5673 quarum
2352 5602 2590 5658 tertiam
2612 5605 2768 5659 circa
2795 5602 3084 5658 decimam
3121 5602 3495 5674 terminatur,
3528 5608 3704 5662 ducto

2060 5691 2329 5732 numero.
2363 5677 2537 5733 Goan.
3521 5713 3525 5716 -
3577 5710 3592 5718 -
