4108 6300
463 350 576 409 951

468 575 635 629 Hunc
669 572 848 625 ﬁnem
871 570 1000 623 vitae
1033 570 1274 623 sortitus
1299 570 1538 637 estLeo,
1572 584 1776 623 mense
1802 569 2109 623 Decembri

468 665 614 718 hora
644 661 834 715 noctis
860 675 1042 731 prope
1075 658 1327 722 decima,
1361 675 1491 712 cum
1523 659 1841 730 imperium
1863 674 2050 713 annos
2080 661 2110 711 ‘7

468 749 1063 821 menses5gessiset,
1105 753 1162 802 et
1218 748 1433 818 majori
1492 764 1670 818 quam
1730 747 1886 802 ullus
1943 752 2114 802 ante—

466 855 766 896 cessorum
798 836 1146 892 crudelitate
1165 841 1342 906 atque
1373 837 1676 906 impietate
1698 853 1842 890 usus
1873 835 2112 907 diligen-

466 930 608 984 tiam
641 928 700 981 in
721 943 785 982 re
809 926 1045 997 publica
1076 925 1445 996 procuranda
1475 926 1654 994 inque
1686 924 1862 979 rebus
1885 923 2112 979 bellicis

464 1016 873 1071 fortitudinem
907 1031 1072 1070 suam
1097 1014 1493 1069 obscurasset.
1519 1014 1698 1068 Aiunt
1733 1030 1933 1068 vocem
1965 1030 2114 1084 quo-

465 1125 580 1180 que
612 1108 842 1162 caalitus
900 1106 1100 1161 statim
1153 1105 1399 1170 editam,
1459 1122 1589 1174 quas
1647 1104 1848 1158 laetum
1883 1104 1954 1159 de
1985 1106 2114 1175 ejus

463 1204 654 1253 morte
685 1197 965 1252 nuntium
997 1195 1200 1250 multis
1251 1194 1594 1265 patefecerit
1620 1211 1698 1254 ac.
1718 1195 2114 1249 navicularios

465 1287 757 1359 quosdam
790 1285 891 1356 qui
923 1302 1055 1340 eam
1087 1284 1468 1350 audivissent,
1501 1289 1703 1338 notato
1739 1289 2002 1356 tempore
2058 1289 2116 1338 et

468 1385 642 1435 nocte
661 1376 1166 1445 ea,ratiocinando
1190 1392 1318 1431 eam
1343 1392 1608 1431 veracem
1627 1375 2110 1447 deprehendisse.

467 1468 764 1524 lnterfecti
782 1466 990 1521 Leonis
1007 1465 1256 1519 cadaver
1277 1481 1658 1535 percussores
1673 1463 1996 1520 crudeliter
2012 1481 2116 1534 per

469 1557 658 1629 spolia
679 1557 740 1610 in
759 1556 982 1610 circum
999 1554 1525 1622 traxerunt,omnis
1540 1559 1732 1608 metus
1745 1555 1932 1620 vacui,
1957 1553 2115 1624 quod

469 1647 592 1702 suis
610 1646 790 1700 armis
809 1645 1032 1717 regiam
1045 1643 1431 1714 undiquaque
1453 1643 2118 1713 cinxissent.Aulaquo-

468 1738 909 1806 queAugustam
931 1734 1236 1804 ejecerunt
1249 1748 1381 1787 cum
1399 1738 1654 1802 quatuor
1671 1731 1805 1786 {iliis
1820 1731 2116 1802 ejus,Sab-

1821 343 2138 405 GEORGII
2183 345 2531 408 CEDRENI
3748 341 3886 403 352

467 490 526 541 et
555 483 629 540 ad
659 486 876 537 terram
909 479 1236 536 subsidenti
1270 479 1512 550 quidam
1557 484 1733 550 caput
1763 479 2112 550 amputavit.

2227 480 2804 554 πραγματευσάμενος⁸
2883 483 2911 534 6
2971 478 3028 534 δὲ

2218 571 2318 631 τῆς
2400 564 2703 639 ἐπιϐουλῆς
2790 569 2865 629 είς
2939 568 3007 623 τὰ
3087 565 3255 624 ἄδυτα
3327 572 3423 623 106
3480 569 3877 639 θυσιαστηρίου

3131 477 3386 553 βασιλεὺς
3455 479 3885 551 συναισθόμενος

2221 655 2436 728 εἷσὲδυ,
2506 658 2595 712 καὶ
2676 660 2775 728 τήν
2863 658 2962 714 106
3034 658 3396 731 θυμιατηρίου
3463 657 3644 733 σειρὰν
3714 656 3878 732 διαρο

2220 745 2415 814 πάσας,
2465 744 2526 814 ἢ,
2565 744 2641 810 ὥς
2697 767 2838 807 τινες
2898 746 3170 822 λέγουσι,
3227 747 3368 800 θεῖον
3429 747 3659 820 σταυρὸν
3696 789 3710 812 ,
3771 745 3872 807 τὰς

2225 834 2398 909 βολὰς
2418 841 2526 892 τῶν
2541 835 2892 906 πληττόντων
2927 835 3166 912 ἐδέχετο.
3200 839 3285 910 [Ρ.
3310 841 3434 908 495]
3465 835 3626 892 Ἀλλ’
3661 838 3719 889 οἱ
3749 857 3879 889 συν-

2223 926 2434 997 ωμόται
2468 925 2653 1001 ἁθρόοι
2684 927 2772 980 καὶ
2815 927 2878 981 οὐ
2937 929 3051 989 καθ’
3105 921 3195 980 ἕνα
3257 923 3674 998 ἐπιδραμόντες,
3710 925 3737 978 6
3775 925 3876 995 μὲν

2221 1016 2356 1069 κατὰ
2410 1020 2510 1080 τῆς
2592 1015 2857 1095 κεφαλῆς,
2952 1013 3123 1077 ἄλλος
3179 1015 3320 1069 κατὰ
3370 1020 3476 1069 τῶν
3529 1015 3877 1090 σπλάγχνων

2222 1104 2312 1159 καὶ
2368 1102 2540 1168 ἄλλος
2605 1103 2886 1184 ἀλλαχόθι
2942 1109 3039 1160 106
3096 1105 3349 1174 σώματος
3415 1103 3878 1178 κατετίτρωσκον.

2224 1195 2320 1249 Καὶ
2391 1196 2593 1268 χρόνον
2681 1193 2778 1266 μέν
2853 1215 2974 1248 τινα
3025 1193 3275 1267 ἀντέσχε,
3332 1198 3410 1265 τῷ
3466 1191 3597 1265 θείῳ
3655 1197 3883 1266 σταυρῷ

2222 1284 2317 1344 τὰς
2373 1287 2481 1337 τῶν
2568 1285 2736 1358 ξιφῶν
2851 1283 3029 1356 ὁρμὰς
3114 1280 3579 1355 άποκρουόμενοςο
3672 1281 3882 1335 πάντο-

2223 1373 2307 1426 θεν
2359 1368 2404 1426 δ’
2468 1372 2544 1433 ὡς
2603 1372 2791 1447 θηρίον
2862 1369 3203 1447 βαλλόμενος
3262 1370 3351 1424 καὶ
3405 1370 3544 1445 πρὸς
3602 1370 3702 1430 τὰς
3731 1371 3882 1442 τρώ-

2225 1466 2334 1522 σείς
2393 1459 2688 1534 άποκαμὼν
2721 1503 2736 1527 ,
2787 1459 3095 1516 τελευταῖον
3187 1459 3284 1513 ἓνα
3358 1459 3480 1514 τινὰ
3535 1465 3880 1535 γιγαντιαῖσν

2224 1548 2545 1628 ἐπιφέροντα
2611 1547 2742 1604 ἰδὼν
2800 1551 2899 1618 τὴν
2958 1549 3209 1626 πληγὴν,
3263 1544 3410 1622 ὅρκῳ
3467 1552 3571 1612 τῆς
3628 1553 3714 1619 τῷ
3762 1553 3883 1620 ναῷ

2223 1638 2537 1709 ἐνοικούσης
2595 1637 2912 1712 κατεδεσμει
3001 1640 3228 1717 χάριτος
3297 1639 3387 1692 καὶ
3455 1637 3747 1713 φείσασθαι
3802 1637 3888 1707 ἐξ-

2225 1727 2492 1802 ελιπάρει·
2570 1735 2671 1798 τῆς
2745 1733 2854 1783 τῶν
2916 1722 3320 1802 Κραμϐωνιτῶν
3388 1724 3548 1790 οὗτος
3602 1728 3630 1780 6
3692 1729 3880 1802 γεννά-

471 1824 654 1886 batio,
689 1823 788 1894 qui
821 1822 1144 1893 imperator
1189 1821 1341 1876 868
1374 1821 1716 1893 designatus
1746 1821 2115 1876 Constantini

2227 1813 2321 1878 δας
2363 1816 2594 1891 ὥρμητο
2636 1823 2840 1891 γενεᾶς.
2904 1815 3063 1872 Ἀλλ’
3123 1818 3153 1871 6'
3208 1837 3288 1891 γε,
3331 1836 3355 1861 α
3387 1811 3505 1889 Οὸχ
3556 1815 3766 1888 ὅρκων,
3799 1816 3883 1870 εί-

467 1929 686 1968 nomen
718 1916 1082 1982 susceperat,
1106 1911 1342 1977 Basilio,
1375 1911 1649 1981 Gregorio
1669 1916 1726 1964 et
1745 1910 2072 1965 Theodosio
2098 1927 2111 1978 ;

465 2018 614 2073 quos
645 2017 852 2056 omnes
872 2001 935 2054 in
957 2000 1222 2055 lembum
1255 1999 1564 2070 impositos
1593 2000 1656 2053 in
1682 2000 1916 2053 Protam
1942 1999 2111 2054 insu-

464 2090 583 2146 lam
615 2094 956 2146 avexerunt.
1008 2089 1094 2143 lbi
1125 2104 1333 2143 omnes
1380 2088 1616 2144 castrati
1649 2094 1808 2154 sunt,
1842 2093 1900 2143 et
1927 2089 2112 2143 Theo-

465 2179 667 2235 dosius
697 2179 814 2234 vita
848 2178 1160 2234 defunctus
1192 2194 1310 2232 una
1341 2194 1476 2232 cum
1507 2181 1671 2248 patre
1704 2181 1792 2231 est
1823 2177 2110 2248 sepultus.

2224 1907 2361 1976 πὼν,
2411 1903 2556 1960 ἀλλὰ
2601 1907 2778 1982 φόνων
2839 1905 3048 1980 καιρὸς,
3081 1929 3110 1956 ››
3176 1905 3322 1960 παίει
3363 1904 3498 1958 κατᾶ
3553 1912 3661 1973 τῆς
3692 1908 3887 1980 χειρὸς

2226 1993 2500 2050 διανταίαν
2537 1994 2783 2071 πληγὴν,
2816 1997 2891 2060 ὡς
2933 1997 3008 2069 μή
3047 1997 3212 2068 μόνον
3257 2002 3358 2064 τῆς
3424 1992 3646 2056 κλεὶδὸς
3680 1996 3885 2065 ταύτην

2225 2086 2536 2157 ἀποτεμεῖν,
2599 2083 2743 2141 ἀλλὰ
2799 2085 2889 2140 καὶ
2969 2087 3032 2140 τὸ
3098 2087 3259 2160 κέρας
3314 2089 3712 2157 συναποτεμεῖν
3790 2090 3887 2138 τοῦ

2227 2179 2480 2246 παυροῦ.
2511 2173 2834 2249 ’Δποτέμνει
2890 2173 2947 2230 δέ
3010 2196 3093 2236 τις
3159 2173 3323 2230 αὐτού
3356 2175 3442 2228 καὶ
3476 2174 3576 2242 τήν
3608 2173 3884 2252 κεφαλὴν1

463 2265 574 2337 ἤδη
609 2266 1129 2338 καταπεπονημένου
1159 2271 1279 2327 ταῖς
1308 2265 1553 2338 πληγαῖς
1579 2264 1667 2320 καὶ
1712 2263 2060 2325 ὀκλάσαντος.
2129 2263 2374 2337 Τοιούτῳ
2434 2265 2528 2337 μέν
2593 2267 2715 2340 βίου
2771 2264 2917 2321 τέλει
2974 2267 3002 2320 6
3059 2266 3207 2320 Λέων
3267 2263 3566 2343 ἐχρήσατο,
3622 2265 3771 2320 κατὰ
3798 2266 3889 2319 τὸν

470 2350 810 2428 Δεκέμϐριον
871 2361 1050 2428 μῆνα,
1098 2350 1214 2428 ὥρα
1269 2356 1332 2422 ἦν
1394 2351 1590 2424 δεκάτη
1657 2361 1757 2422 τῆς
1809 2354 2023 2421 νυκτὸς,
2083 2351 2166 2408 ἐπ’
2223 2350 2315 2422 ἔτη
2382 2352 2704 2427 βασιλεύσας
2762 2357 2802 2424 ζ’
2857 2357 2947 2410 καὶ
3009 2358 3188 2428 μῆνης
3244 2355 3303 2422 ε’,
3362 2353 3680 2427 ὠμότατος,
3739 2353 3886 2428 εἴπερ

467 2463 552 2503 τις
609 2440 807 2510 ἀλλος,
865 2441 1131 2518 γεγονὼς,
1199 2441 1288 2496 καὶ
1342 2447 1453 2496 τῶν
1509 2441 1616 2516 πρὸ
1674 2441 1836 2496 αὐτοῦ
1892 2443 2106 2496 πάντων
2163 2443 2192 2496 6
2244 2436 2618 2511 ἀσεϐέστατος,
2679 2443 2761 2505 οἷς
2817 2445 2914 2513 τὴν
2975 2465 3033 2500 τε
3095 2447 3402 2518 προσοῦσαν
3463 2442 3612 2513 αὐτῷ
3667 2441 3725 2496 ἐν
3769 2447 3886 2504 τοῖς

466 2535 672 2591 κοινοῖς
729 2528 1044 2603 ἐπιμέλειαν
1100 2530 1187 2584 καὶ
1246 2531 1346 2598 τὴν
1407 2529 1458 2584 ἐν
1541 2531 1695 2608 χερσὶ
1763 2529 2118 2605 γενναιότητα
2173 2529 2569 2603 ἀπημαύρωσε.
2638 2531 2865 2608 Λὲγεται
2923 2530 2980 2588 δὲ
3035 2533 3125 2587 καὶ
3188 2532 3373 2607 φωνην
3418 2530 3720 2604 οὐρανόθεν
3788 2552 3881 2585 και

469 2616 802 2693 ταρῥαγῆναι
835 2617 990 2681 εὐθὺς
1051 2620 1151 2687 τὴν
1210 2619 1378 2672 αὑτοῦ
1435 2618 1724 2674 κατάλυσιν
1782 2617 2273 2695 εύαγγελιζομὲνην
2331 2618 2589 2682 πολλοῖς·
2645 2623 2712 2690 ἧς
2767 2624 2857 2677 καί
2908 2643 3051 2686 τινες
3116 2619 3411 2690 ἀκηκοότες
3471 2620 3734 2676 ναυτίλοὶ
3791 2621 3881 2674 τὸν

465 2708 654 2783 καιρόν
712 2729 770 2763 τε
821 2707 913 2762 καὶ
970 2709 1068 2776 τὴν
1126 2707 1292 2762 νύκτα
1349 2709 1825 2782 καταγραψάμενοι
1861 2752 1876 2778 ,
1929 2706 1989 2762 ἐκ
2043 2711 2138 2762 106
2199 2708 2332 2781 μετὰ
2386 2709 2553 2764 ταῦτα
2607 2714 3064 2787 συμπεράσματος
3139 2711 3292 2783 εὗρον
3371 2708 3528 2765 οὖσαν
3590 2708 3886 2780 ἀληθινήν,

470 2797 849 2871 Ἀνῃρημὲνου
882 2794 941 2851 δὲ
969 2800 1066 2850 τοῦ
1119 2795 1373 2866 Λέοντος,
1434 2797 1485 2850 οἱ
1542 2795 1876 2870 ἀνῃρηκότες
1935 2795 2182 2868 σύροντες
2235 2796 2327 2851 τὸν
2382 2797 2576 2852 τούτου
2629 2799 2816 2874 νεκρὸν
2873 2800 3116 2871 ἀνηλεῶς
3168 2799 3256 2858 διὰ
3320 2810 3426 2860 τῶν
3487 2807 3728 2862 Σκύλων
3781 2799 3886 2878 (61)

476 2885 556 2946 εἷς
584 2885 675 2940 τὸν
711 2883 1058 2960 ἱππόδρομον
1093 2883 1381 2961 ἐξήγαγον,
1411 2886 1610 2946 παντὸς
1653 2884 1835 2946 αὐτοῖς
1895 2883 2304 2958 περιῃρημένου
2361 2880 2534 2964 φόϐου
2591 2884 2681 2941 διὰ
2724 2889 2788 2943 τὸ
2840 2890 2938 2958 τήν
3003 2891 3282 2966 βασίλειον
3335 2893 3508 2964 αὐλὴν
3569 2895 3780 2959 ὅπλοις
3813 2901 3887 2952 οἱ-

474 2973 643 3036 κείοις
676 2975 934 3029 πάντοθεν
977 2976 1437 3051 περιφραχθῆναι.
1498 2972 1843 3031 Κατέσπασαν
1904 2969 1961 3026 δὲ
2004 2978 2110 3028 τῶν
2172 2971 2465 3048 βασιλείων
2513 2975 2605 3030 καὶ
2659 2978 2760 3046 τήν
2811 2979 2975 3034 αὐτοῦ
3007 2985 3248 3054 γαμετὴν
3307 2983 3401 3039 σὺν
3457 2990 3576 3043 τοῖς
3631 2989 3890 3062 τέσσαρσι

471 3061 678 3125 τέκνοις
710 3062 901 3132 αὐτῆς.
933 3057 1238 3117 Σαϐϐάτιον
1283 3065 1375 3118 τὸν
1436 3061 1899 3136 μετονομασθέντα
1957 3063 2091 3116 κατὰ
2147 3064 2247 3131 τὴν
2304 3061 2598 3137 άνάρρησιν
2660 3070 3081 3136 Κωνσταντινον,
3145 3071 3429 3128 Βασίλειάν
3481 3096 3540 3130 τε
3592 3077 3688 3130 καὶ
3743 3057 3889 3148 Γρη-

466 3150 654 3226 γόριον
689 3153 802 3224 ἅμα
835 3149 1128 3224 Θευδοσίῳ·
1190 3153 1284 3214 οὓς
1341 3153 1432 3206 καὶ
1479 3150 1687 3223 ἀκατίῳ
1741 3149 1976 3212 ἐνθέντες
2029 3152 2164 3225 πρὸς
2222 3154 2321 3221 τήν
2380 3154 2608 3228 Πρώτην
2667 3163 2830 3225 νῆσον
2878 3158 3178 3234 ἀπήγαγον,
3227 3168 3442 3218 κακεῑσε
3498 3171 3607 3220 τῶν
3667 3169 3885 3222 πάντων

470 3239 842 3312 ἐκτμηθέντων
879 3235 1074 3310 συνέϐη
1107 3241 1197 3296 τὸν
1227 3238 1513 3310 Θεοδόσιον
1553 3242 1651 3308 τὴν
1685 3241 1876 3295 ἑαυτοῦ
1905 3239 2201 3295 καταλῦσαι
2235 3244 2381 3312 ζωήν
2413 3244 2502 3298 καὶ
2531 3249 2707 3321 ταφῆς
2735 3250 2814 3318 τῷ
2846 3245 2969 3322 ἰδίῳ
2999 3253 3444 3321 κεκοινωνηκέναι
3486 3255 3689 3330 πατρί.

543 3334 614 3384 At
646 3330 966 3385 Michaelus
1022 3332 1211 3401 papiaa
1274 3331 1542 3387 custodia
1601 3331 1909 3397 liberatus,
1945 3332 2026 3386 ita
2055 3336 2116 3386 ut

2253 3416 2258 3417 γ
2301 3332 2362 3388 Ὀ
2395 3329 2451 3387 δὲ
2501 3333 2735 3408 Μιχαὴλ
2792 3338 2890 3405 τῆς
2930 3336 2990 3392 ἐκ
3019 3340 3114 3394 106
3150 3343 3331 3396 παπία
3369 3329 3610 3417 φρουρᾶς
3643 3345 3880 3414 ἀνεθεῖς,

472 3419 654 3490 pedes
685 3418 877 3472 adhuc
900 3419 960 3472 in
990 3419 1200 3473 ferreis
1231 3419 1487 3475 habebat
1516 3419 1902 3490 compedibus
1936 3420 2120 3474 inclu-

474 3524 572 3563 sos
605 3507 831 3576 (earum
864 3507 1022 3562 enim
1050 3509 1238 3561 claves
1268 3508 1329 3562 in
1354 3509 1486 3562 sinu
1513 3509 1718 3562 Leonis
1746 3508 2119 3563 asservaban-

472 3596 998 3666 tur),imperatorio
1018 3596 1165 3651 solio
1208 3597 1498 3664 concedit,
1516 3602 1720 3667 estque
1753 3597 1824 3651 ab
1845 3598 2119 3654 omnibus

473 3685 574 3754 qui
607 3689 730 3739 tum
762 3685 822 3738 in
854 3684 1072 3754 palatio
1099 3685 1347 3739 aderant
1368 3685 1692 3755 imperator
1712 3685 2000 3741 salutatus
2021 3693 2118 3743 at-

473 3791 588 3845 que
620 3775 916 3828 adoratus.
953 3774 1070 3828 Sub
1103 3774 1415 3828 meridiem
1445 3790 1580 3828 vero
1605 3775 1763 3830 fama
1789 3776 1915 3847 jam
1939 3777 2116 3831 undi-

471 3879 706 3933 quaque
729 3863 1038 3933 dissipata,
1063 3863 1279 3917 malleo
1302 3879 1407 3933 per
1424 3862 1538 3918 vim
1558 3863 1802 3918 diffissis
1824 3865 2118 3936 compedi-

468 3953 600 4020 bus,
634 3969 829 4022 neque
879 3952 1155 4007 manibus
1192 3953 1429 4018 ablutis,
1473 3970 1666 4024 neque
1710 3955 1811 4010 Dei
1850 3961 2017 4010 metu
2059 3957 2118 4011 in

468 4042 735 4097 animum
777 4058 951 4096 suum
999 4041 1264 4105 inducto,
1309 4059 1503 4113 neque
1544 4043 1668 4098 ulla
1698 4044 1815 4098 alia
1845 4062 1906 4100 re
1941 4062 2119 4116 quam

472 4129 861 4185 decebatﬁeri
881 4137 1139 4202 peracta,
1160 4131 1232 4186 ad
1258 4148 1535 4202 magnum
1555 4133 1779 4188 Sanctae
1803 4135 2118 4204 Sapientia:

474 4219 761 4290 templum
792 4219 1030 4291 prodiit,
1064 4221 1310 4290 cupiens
1342 4238 1525 4276 manu
1571 4222 1918 4292 patriarchae
1949 4242 2118 4279 coro-

473 4310 603 4365 nari
638 4315 696 4365 et
753 4309 826 4364 ab
886 4310 1159 4365 universo
1218 4310 1438 4381 populo
1499 4311 1823 4381 imperator
1853 4312 2120 4368 salutari.

473 4398 617 4453 solis
679 4398 868 4454 ﬁdens
926 4399 1357 4470 conjurationis
1419 4400 1594 4454 sociis
1643 4406 1702 4454 et
1747 4402 1954 4456 Leonis
1986 4419 2118 4473 per-

471 4487 835 4542 cussoribus.
881 4489 1198 4557 Utriusque
1231 4488 1328 4540 hic
1359 4489 1610 4543 miretur
1640 4489 1857 4560 aliquis
1889 4508 2118 4561 perver-

473 4576 708 4629 sitatem
735 4593 748 4629 :
783 4576 1013 4638 Leonis,
1048 4575 1207 4645 quod
1236 4575 1381 4630 adeo
1412 4577 1644 4632 nullum
1669 4578 1875 4633 habuit
1905 4581 1994 4636 sui
2027 4581 2122 4637 de~

2231 3416 2335 3475 ἔτει
2374 3421 2502 3484 τοὺς
2535 3421 2706 3485 πόδας
2741 3423 2792 3479 ἐν
2827 3423 3215 3500 σιδηροπέδαις
3244 3425 3390 3505 ἔχων
3429 3435 3879 3508 κατισχημὲνούς

2230 3506 2318 3564 διὰ
2355 3513 2418 3565 τὸ
2447 3514 2544 3581 τὴν
2574 3513 2726 3568 κλεῖν
2767 3519 2874 3569 τῶν
2899 3514 3140 3592 σιδηρων
3173 3519 3224 3573 ἐν
3253 3526 3332 3593 τῷ
3365 3520 3560 3594 κόλπῳ
3583 3506 3692 3577 106'
3718 3525 3880 3580 Λέον-

2226 3619 2321 3662 τος
2372 3600 2754 3675 φυλάττεσθαι,
2797 3606 2971 3666 οὕτως
3030 3609 3107 3670 ὠς
3172 3610 3292 3684 εἶχε
3324 3613 3461 3682 μετά
3491 3617 3600 3666 τῶν
3635 3612 3873 3690 σιδήρωι

2229 3687 2317 3742 ἐπὶ
2346 3689 2436 3743 τὸν
2484 3690 2757 3764 βασίλειον
2800 3693 3009 3750 ἐκάθισε
3066 3697 3278 3771 θρόνον,
3338 3701 3427 3754 καὶ
3487 3705 3635 3775 παρᾶ
3664 3687 3880 3759 πάντων

2228 3781 2333 3832 τῶν
2366 3779 2499 3839 τέως
2530 3779 2693 3835 ὄντων
2742 3782 2794 3836 ἐν
2865 3790 2944 3856 τῷ
2985 3787 3233 3860 παλατίῳ
3289 3787 3668 3864 ἀναγορευθεὶς
3712 3815 3879 3867 προσ·

2231 3868 2486 3957 εκυνήθη,
2519 3867 2662 3957 ’Ίίδη
2716 3867 2774 3924 δὲ
2832 3873 3105 3943 μεσούσης
3172 3875 3402 3950 ἡμέρας,
3460 3887 3752 3957 πανταχοῦ
3782 3891 3879 3951 τῆς

2231 3957 2426 4028 φήμης
2470 3955 2900 4033 διαδραμούσης,
2946 3966 3053 4016 τῶν
3132 3961 3344 4038 δεσμῶν
3397 3955 3748 4030 θλασθέντων
3782 3971 3882 4027 ὑπὸ

2229 4043 2434 4118 σφύρας
2489 4045 2702 4118 βιαίως,
2755 4048 2814 4104 όύ
2857 4056 3045 4126 χεῖρας
3099 4054 3529 4128 ἀπονιψάμενος,
3561 4057 3626 4113 οὒ
3665 4062 3761 4115 τὸν
3788 4066 3881 4116 τιιῦ

2231 4138 2365 4189 Θεοῦ
2405 4130 2578 4211 φόϐον
2625 4135 2713 4190 ἐπὶ
2771 4141 2894 4192 νοῦν
2952 4139 3216 4216 εἰληφὼς,
3259 4145 3357 4198 οὐκ
3386 4143 3528 4200 ἄλλο
3587 4145 3744 4203 οὖδὲν
3774 4155 3879 4204 τῶν

2232 4220 2468 4279 δεόντων
2500 4225 2724 4300 πράξας,
2756 4230 2892 4304 πρὸς
2947 4232 3038 4284 τόν
3109 4233 3278 4308 μέγαν
3306 4238 3406 4299 τῆς
3447 4237 3637 4311 Ἀγίας
3671 4242 3878 4318 Σοφίας

2231 4313 2358 4367 ναὸν
2430 4317 2799 4390 προελήλυθε,
2861 4320 3007 4394 χειρὶ
3046 4325 3143 4375 τοῦ
3193 4344 3538 4400 πατριαρχου
3585 4313 3876 4406 στεφθῆναι

2235 4403 2593 4478 βουλόμενος,
2653 4408 2742 4461 καὶ
2794 4407 3127 4482 γλιχόμενος
3178 4414 3263 4466 καὶ
3322 4417 3422 4483 τῆς
3461 4403 3764 4489 πανδήμρυ
3792 4442 3876 4474 τυ-

2235 4498 2354 4566 χεῖν
2386 4493 2757 4568 ἀναρῥήσεως,
2799 4495 3024 4560 ἐκείνοις
3067 4501 3250 4572 μόνοις
3280 4509 3396 4565 τοῖς
3451 4506 3545 4559 τὸν
3605 4507 3770 4585 φόνον

2231 4581 2454 4650 ηνυκόσι
2515 4587 2856 4657 συνωμόταις
2905 4587 3139 4664 θαρῥῶν.
3202 4592 3288 4663 [Ρ.
3321 4595 3448 4666 496]
3477 4581 3643 4657 Ἔνθα
3675 4598 3772 4651 καὶ
3802 4620 3877 4658 τις

471 4663 767 4718 fensorem
801 4664 872 4717 de
907 4669 990 4718 tot
1025 4664 1319 4734 tantisque
1350 4667 1838 4734 assentatoribus,
1864 4671 1964 4740 qui
1996 4675 2116 4725 tum

2232 4673 2556 4744 θαυμάσεεεν
2587 4674 2906 4750 ἂμφοτὲρων
2939 4677 3000 4730 τὸ
3030 4678 3406 4754 κακόγνωμον·
3448 4687 3546 4737 106
3579 4686 3676 4756 μὲν
3713 4686 3876 4741 ἀπελο

473 4753 1059 4822 οωηεεῇνοριοιιιὶιιηι
1074 4753 1400 4808 bestiarum
1425 4754 1484 4808 in
1504 4771 1730 4809 morem
1759 4757 1819 4811 in
1834 4758 2124 4816 foramina

474 4858 535 4897 se
565 4857 673 4895 sua
698 4840 1079 4909 abdidergnt;
1107 4841 1375 4895 Michaeli
1396 4858 1530 4897 vero
1546 4843 1996 4916 impudentiam,
2022 4849 2124 4918 qui

469 4932 531 4987 in
556 4930 745 4987 aedem
778 4930 1030 4986 intraret
1052 4947 1172 4984 non
1196 4936 1259 4984 ut
1299 4930 1597 4986 homicida
1617 4932 1834 5004 aliquis
1863 4941 1966 4990 aut
1993 4954 2124 4992 car-

470 5023 632 5081 nifex
663 5020 952 5094 sanguine
981 5019 1224 5092 pollutis
1258 5019 1552 5089 manibus,
1587 5023 1691 5078 sed
1730 5024 1908 5079 veluti
1940 5027 2124 5082 victor

2237 4761 2439 4824 θόντες,
2481 4762 2630 4826 ὅπως
2679 4761 2868 4818 ούδένα
2920 4761 3048 4840 ἔσχε
3079 4769 3171 4822 τὸν
3211 4769 3513 4842 βοηθοῦντα
3552 4770 3614 4826 ἐκ
3632 4779 3742 4828 τῶν
3793 4797 3878 4830 το-

2234 4849 2440 4905 σούτων
2499 4853 2585 4907 καὶ
2682 4852 3027 4922 τηλικούτων
3097 4856 3368 4928 κολάκων,
3429 4859 3668 4934 ἑρπετῶν
3723 4863 3874 4936 δίκην

2231 4937 2478 4993 ἁπάντων
2539 4939 2979 4998 καταδεδυκότων
3011 4943 3086 5006 εἷς
3145 4949 3468 5022 χηραμούς*
3531 4956 3630 5006 τοῦ
3671 4949 3731 5008 δὲ
3765 4957 3874 5025 μετ’

2230 5025 2432 5082 ἐκεῖνον
2460 5029 2524 5083 τὸ
2555 5029 2762 5094 ἀναιδὲς
2819 5035 2904 5087 καὶ
2967 5034 3347 5110 ἀναίσχυντον,
3402 5040 3462 5100 ὃς
3520 5041 3598 5103 εἰς
3648 5043 3750 5111 τήν
3792 5043 3876 5099 ἐκ-

1649 5166 2138 5241 XYLANDRI‘ET
2179 5171 2391 5226 GOARI
2435 5172 2654 5228 NOTAE.

538 5290 651 5370 (61)
685 5286 779 5375 Aul:
807 5283 1020 5375 σκύλων
1057 5293 1418 5375 εηεμεοιιιπιι.
1455 5290 1802 5375 ljomenest
1840 5293 2113 5375 locipro-

469 5357 689 5428 prium,
721 5366 778 5414 et
808 5360 949 5414 verti
985 5376 1102 5414 non
1137 5357 1360 5414 debuit.
1395 5359 1567 5428 lnfra,
1602 5363 1702 5417 ubi
1759 5357 2116 5421 describitur

470 5429 531 5482 in
565 5431 868 5504 _Michaelo
912 5430 1219 5504 Theophili
1281 5431 1422 5504 filio
1454 5433 1768 5489 Theoctisli
1818 5435 2114 5504 interitus,

475 5499 678 5553 eadem
707 5518 808 5553 vox
828 5499 1148 5572 reperitur.
1172 5503 1385 5555 XYL.—
1406 5503 1692 5560 Praesenti
1712 5508 1996 5564 vocabulo
2016 5499 2118 5564 nu;

472 5587 680 5642 squam
705 5572 886 5639 spolia
915 5589 1048 5627 cum
1106 5572 1403 5696 Xplandro
1435 5574 1753 5649 intelliges,
1787 5580 1890 5634 sed
1921 5587 2115 5636 custo-

476 5639 586 5695 dias
618 5642 990 5696 carcerisane
1035 5642 1152 5696 οιαὶ)
1180 5641 1253 5696 ici
1293 5643 1510 5696 locum.
1545 5663 1661 5696 auo
1694 5648 1938 5696 maioris
1969 5650 2115 5696 infa-

476 5639 586 5695 dias
618 5642 990 5711 carcerisqne
1035 5642 1152 5714 pub

1180 5641 1253 5697 ici
1293 5643 1510 5716 locum,
1545 5641 1662 5717 qua
1693 5641 1938 5720 majoris
1968 5650 2117 5707 infa-

2225 5297 2569 5384 mim‘causa
2603 5300 2880 5384 trucidati
2919 5302 3125 5384 Leonis
3181 5306 3430 5384 cadaver
3488 5311 3880 5384 ignominiose

2229 5376 2478 5450 tractam
2536 5371 2680 5450 fuit._
2729 5374 2950 5450 Auctor
3008 5375 3178 5450 infra;
3215 5395 3273 5450 p.
3330 5382 3433 5435 543
3481 5371 3879 5440 Theoctistum

2223 5442 2468 5511 jamjam
2503 5443 2633 5496 neci
2669 5443 3018 5500 tradendum
3053 5464 3119 5501 eo
3148 5442 3386 5504 ductum
3423 5459 3485 5508 et
3512 5463 3873 5510 asservatum

2226 5520 2431 5597 narrat
2451 5530 2468 5597 ξ
2525 5513 2721 5597 ᾜγετο
2756 5513 2850 5597 μὲν
2884 5512 2976 5568 οὖν
3009 5517 3143 5590 πρὸς
3182 5519 3245 5572 τὰ
3277 5519 3472 5591 σκύλα,
3506 5528 3708 5597 φρουρᾷ
3738 5526 3874 5584 τὲως

2227 5579 2765 5656 παραδοθησόμενος
2805 5588 2979 5644 ίῖοΛει.
3054 5579 3062 5590 ’
3458 5579 3471 5591 ⁷
3518 5579 3558 5597 Η
3647 5579 3656 5599 ”
