4052 6316
262 378 380 439 953

1405 376 1771 440 HISTORIA
1785 375 1947 440 RUM
1995 378 2542 445 COMPENDIUM.

3545 374 3664 435 954

259 508 494 580 κλησίαν
523 506 693 581 εἷσῂει
726 506 835 587 οὐχ
862 506 935 570 ὥς
982 530 1066 572 τις
1107 509 1295 588 φονεὺς
1339 511 1428 564 καὶ
1478 507 1679 583 δήμιος
1708 507 1904 585 ᾑμαγ-

2019 511 2172 568 869
2204 530 2272 569 ac
2301 515 2402 586 qui
2434 515 2692 586 palmam
2720 512 3059 574 meruisset,
3083 527 3151 567 eo
3172 509 3433 566 facinore
3465 523 3668 580 super-

261 598 425 670 μένας
454 595 599 671 ἔχων
628 597 723 658 τὰς
756 602 969 672 χεῖρας,
1001 595 1128 652 ἀλλ’
1159 596 1341 671 ὣσπερ
1367 619 1452 662 τις
1480 597 1790 674 ἀθλοφόρος
1819 595 1908 652 καὶ

258 690 515 760 νικητής,
596 687 685 742 ἐπὶ
770 691 848 760 τῷ
933 687 1176 761 γεγονότι
1231 687 1575 764 γαννόμενος,
1643 687 1910 766 ἐμφῦλιον

260 777 458 858 ἐκχέας
489 779 627 850 αἷμα
661 776 760 831 οὐκ
809 774 896 830 ἐπὶ
935 780 1033 830 τοῦ
1071 777 1332 853 τυχόντος
1361 777 1558 850 τόπου,
1590 776 1716 834 ἀλλ’
1748 778 1799 834 έν
1830 783 1912 853 τῷ

258 869 392 939 θείῳ
425 867 821 940 θυσιαστηρίῳ,
883 861 1004 919 ἔνθα
1057 865 1122 920 τὸ
1180 868 1509 921 Δεσποτικὸν
1552 869 1670 922 καθ’
1700 867 1908 941 ἡμέραν

255 955 508 1031 ἐκχέεται
537 960 644 1009 τῶν
677 953 958 1028 ἡμετέρων
984 949 1138 1008 ’ἑνεκα
1170 953 1384 1028 λύτρων
1428 957 1733 1030 ἁμαρτιῶν.

334 1048 538 1102 Τοῦτον
573 1045 665 1099 τὸν
729 1042 961 1122 Μιχαὴλ
1016 1041 1209 1118 ἤνεγκε
1270 1045 1364 1117 μὲν
1415 1047 1449 1114 ἡ
1509 1047 1644 1101 κατὰ
1675 1047 1773 1114 τήν
1803 1044 1911 1100 ἄνω

255 1134 502 1208 Φρυγίαν
535 1131 698 1193 πόλις
726 1132 1030 1206 Ἀμώριον,
1064 1131 1207 1187 οὕτω
1247 1131 1585 1206 καλουμένη,
1618 1133 1670 1188 έν
1765 1137 1911 1191 Ἰου-

258 1220 428 1277 δαίων
475 1223 565 1275 καί
621 1220 952 1295 Ἀθιγγάνων
1010 1221 1100 1275 καὶ
1159 1220 1352 1297 ἐτέρων
1422 1217 1630 1278 ἀσεϐῶν
1698 1222 1913 1293 πλῆθος

255 1306 496 1366 ἔκπαλαι
537 1314 644 1364 τῶν
674 1309 886 1384 χρόνων
931 1307 1374 1385 ἒγκατοικίζεται.
1431 1312 1528 1367 Καὶ
1560 1334 1642 1375 τις
1675 1310 1734 1368 δὲ
1762 1311 1914 1389 αἳρε-

257 1421 344 1462 σις
374 1400 432 1455 ἐκ
458 1402 557 1468 τῆς
587 1397 855 1468 ἀλλήλων
897 1399 1180 1462 κοινωνίας
1232 1401 1320 1455 καὶ
1369 1397 1653 1472 διηνεκοῦς
1685 1400 1911 1476 ὁμιλίας

252 1490 441 1545 καινὸν
474 1487 680 1565 ἔχουσα
709 1489 798 1542 τὸν
831 1488 1037 1564 τρόπον
1067 1490 1154 1544 καὶ
1192 1487 1470 1544 ἀλλόκοτα
1501 1488 1746 1564 δόγματα
1792 1489 1908 1546 ἐπι-

257 1579 470 1656 φύεται,
501 1580 568 1646 ἧς
599 1576 687 1631 καὶ
712 1575 870 1638 αὐτὸς
899 1577 1134 1652 μέτοχος
1153 1579 1240 1648 ἦν,
1264 1577 1750 1653 πατροπαράδοτος
1782 1583 1911 1652 θρη-

249 1667 436 1722 σκείαν
465 1665 827 1740 ἀποπληρῶν.
892 1666 1035 1736 Αὕτη
1084 1671 1179 1722 τοῦ
1235 1668 1328 1740 μὲν
1377 1667 1522 1733 θείου
1553 1668 1788 1744 λουτροῦ
1819 1671 1909 1726 καὶ

250 1753 650 1831 σωῦηριώδους
681 1757 808 1817 τοὺς
837 1755 1206 1829 τελουμένους
1238 1757 1670 1832 μεταλαγχάνειν
1700 1758 1906 1830 ἀνίησι,

246 1848 435 1903 τᾶλλα
466 1844 524 1902 δὲ
551 1846 724 1901 πάντα
755 1847 938 1917 σώζει,
961 1847 1304 1925 φυλάττουσα
1326 1849 1414 1903 τὸν
1447 1849 1616 1922 νόμον
1646 1850 1736 1904 τὸν
1771 1852 1904 1908 Μω-

242 1938 437 1992 σαϊκὸν
488 1934 634 2004 πλὴν
682 1943 784 2005 τῆς
830 1943 1155 2010 περιτομῆς.
1213 1938 1351 2011 Εἶχε
1399 1935 1457 1992 δὲ
1503 1935 1829 1995 διδάσκαλον
1873 1941 1901 1996 ὁ

247 2026 489 2102 Μιχαὴλ
521 2025 611 2080 καὶ
645 2026 757 2080 οἷον
788 2023 1036 2101 ἔξαρχον,
1072 2026 1160 2080 ὑπ’
1203 2027 1367 2082 αὐτοῦ
1400 2028 1904 2105 μεμυσταγωγημέο

245 2137 367 2183 νος,
399 2110 654 2190 Ἐϐραῖόν
687 2135 806 2169 τινα
904 2110 1164 2189 Ἑϐραῗδα
1209 2117 1344 2172 κατά
1380 2118 1472 2172 τὸν
1504 2119 1698 2173 ἑαυτοῦ
1729 2121 1900 2188 οἷκον,

245 2204 312 2260 οὗ
349 2206 510 2278 μόνον
542 2203 609 2259 τὰ
639 2205 851 2278 ψυχικά
879 2206 1019 2278 (62),
1047 2203 1192 2260 ἀλλὰ
1241 2203 1308 2274 δὴ
1357 2207 1446 2260 καὶ
1477 2206 1572 2271 τὰς
1603 2209 1723 2262 κατ’
1753 2211 1906 2264 οἷκον

246 2293 571 2364 οἰκονομίας
619 2289 780 2346 αὺτὸν
841 2289 1246 2350 έκπαιδεόοντα.
1286 2295 1399 2373 Ὑφ’
1449 2294 1510 2350 οὗ
1562 2294 1904 2372 προληφθεὶς

252 2381 408 2438 οὐδὲν
466 2383 716 2454 ἀκέραιον
766 2375 984 2452 ἔσωζεν,
1029 2381 1157 2438 ἀλλ’
1210 2383 1276 2452 ἦν
1331 2382 1580 2448 ἀπιστίας
1644 2406 1725 2447 τις
1782 2384 1906 2440 σόν-

256 2469 406 2538 οδος,
438 2469 504 2526 τὰ
557 2489 616 2524 τε
672 2471 1008 2544 Χριστιανῶν
1065 2473 1476 2548 παραχαράξας,
1506 2475 1574 2528 τὰ
1631 2471 1906 2530 Ἰουδαίων

256 2554 622 2629 κιϐδηλεύσας
680 2558 770 2613 καὶ
829 2558 1006 2614 τᾶλλα
1044 2560 1466 2635 παρανοθεόσας,
1511 2566 1598 2618 xui
1656 2568 1904 2626 τοιοῦτος

260 2649 362 2716 τήν
416 2647 594 2702 πίστιν
624 2647 935 2722 γενόμενος,
967 2648 1222 2707 ποικίλος
1269 2670 1328 2704 τε
1379 2651 1470 2704 καὶ
1517 2649 1901 2728 πολύμορφος,

266 2738 434 2791 ὁποῖά
487 2757 614 2816 φασι
641 2737 706 2791 τὰ
743 2735 798 2791 ἐν
852 2732 1023 2812 Λιϐύῃ
1081 2738 1313 2814 γίνεσθαι
1371 2739 1534 2814 θηρία
1563 2737 1653 2794 διὰ
1681 2742 1780 2809 τὴν
1812 2745 1910 2797 τοῦ

269 2821 464 2889 ὕδατος
520 2819 718 2879 ἔνδειαν
773 2826 1110 2900 συναγόμενα
1164 2827 1254 2881 καὶ
1312 2825 1586 2898 ἀλλήλοις
1623 2827 1908 2905 ἐπιμιγνύ-

268 2934 418 2986 μενα.
449 2915 538 2978 Ὦς
599 2911 664 2984 δὴ
705 2915 797 2969 καὶ
855 2913 931 2976 είς
998 2915 1096 2985 τήν
1151 2914 1423 2989 βασίλειον
1457 2917 1672 2992 ἀνήχθη
1705 2917 1908 2993 ἀρχὴν,

260 3001 575 3076 έσεμνόνετό
606 3025 664 3059 τε
699 3004 790 3058 καὶ
822 3002 1084 3076 ὡραΐζετο
1268 3010 1349 3078 τῷ
1394 3003 1692 3080 διαδήματι
1723 3009 1812 3063 καὶ
1841 3011 1910 3082 τῇ

255 3090 570 3169 ἁλουργίδι,
605 3092 772 3168 λόγον
807 3090 864 3149 δὲ
895 3095 983 3150 καὶ
1019 3093 1255 3168 μάθησιν
1299 3095 1372 3158 ὡς
1398 3097 1466 3152 τὰ
1494 3094 1662 3152 αὐτοῦ
1693 3097 1911 3172 ἀνατρέ-

252 3203 426 3238 ποντα
472 3182 562 3237 καὶ
609 3180 879 3257 δυνάμενα
931 3181 1338 3256 μεταδιδάσκειν
1377 3186 1444 3240 τὰ
1489 3186 1768 3260 κρείττονα
1797 3185 1905 3242 ἀπ-

2017 603 2208 670 biens,
2242 621 2376 660 cum
2399 607 2640 676 quidem
2689 605 2920 661 civilem
2962 603 3311 681 sanguinem
3355 616 3478 654 non
3517 614 3665 669 quo-

2019 694 2102 750 vis
2133 695 2262 751 loco
2293 695 2564 763 fudisset,
2601 696 2705 752 sed
2736 696 2810 751 ad
2850 711 3078 752 sacram
3125 707 3310 757 aram,
3341 690 3442 745 ubi
3475 689 3665 761 quoti-

2019 784 2114 840 die
2172 785 2516 840 Dominicus
2573 785 2812 858 sanguis
2861 801 2968 856 pro
3025 782 3281 854 peccatis
3323 779 3542 835 nostris
3573 794 3668 833 ex-

2018 875 2252 947 piandis
2281 875 2568 930 funditur.

2090 1047 2224 1101 Fuit
2282 1047 2379 1101 hic
2437 1044 2755 1100 Michaelus
2809 1042 3036 1098 Amorii
3093 1047 3288 1108 natus,
3341 1037 3665 1111 superioris

2019 1136 2286 1208 Phrygias
2316 1135 2461 1191 urbe
2488 1152 2500 1202 ;
2536 1136 2597 1190 in
2629 1151 2747 1205 qua
2776 1133 2846 1188 ab
2877 1131 3135 1202 antiquis
3163 1129 3528 1201 temporibus
3555 1129 3664 1182 Ju-

2019 1225 2786 1296 daaorum,Athinganorum
2800 1222 3172 1291 aliorumque
3191 1219 3506 1289 impiorum
3521 1215 3669 1271 mul-

2019 1315 2206 1370 titudo
2239 1314 2578 1379 habitabat;
2613 1319 2672 1369 et
2717 1311 2989 1384 quaedam
3021 1309 3100 1364 ibi
3149 1308 3392 1363 haaresis
3424 1322 3493 1360 ex
3523 1307 3666 1359 isto-

2017 1421 2150 1460 rum
2177 1405 2460 1460 diuturna
2515 1409 2691 1474 atque
2746 1400 3074 1457 continenti
3104 1399 3261 1453 inter
3291 1412 3352 1451 se
3413 1393 3668 1450 conﬂata

2017 1493 2449 1550 consuetudine
2497 1497 2673 1548 enata
2719 1496 2866 1559 erat,
2919 1505 3070 1544 nova
3115 1503 3357 1559 prorsus
3401 1491 3458 1540 et
3487 1483 3667 1538 inusi-

2020 1582 2160 1637 tatis
2189 1587 2470 1637 constans
2523 1579 2946 1651 Opinionibus;
3003 1594 3037 1633 a
3093 1592 3210 1647 qua
3266 1580 3326 1630 et
3374 1574 3501 1645 ipse
3539 1577 3668 1628 erat

2017 1671 2360 1742 imperator,
2387 1669 2616 1725 traditaa
2639 1686 2672 1724 a
2690 1667 3017 1739 majoribus
3040 1663 3446 1737 superstitioni
3477 1661 3666 1716 iubas-

2016 1775 2175 1814 rens.
2232 1760 2312 1814 Ea
2368 1758 2611 1813 haeresis
2671 1773 2808 1812 suos
2867 1755 2939 1811 ad
2997 1753 3268 1809 divinum
3309 1769 3376 1806 ac
3405 1751 3664 1806 salutare

2016 1849 2294 1922 baptismi
2327 1848 2626 1904 lavacrum
2677 1845 2937 1902 admittit
2979 1843 3246 1915 quidem,
3300 1841 3360 1896 in
3413 1840 3663 1910 reliquis

2011 1943 2210 1994 autem
2237 1937 2535 2004 omnibus,
2568 1936 2808 2007 dempta
2840 1933 3316 1998 circumcisione,
3349 1930 3662 1985 Mosaicam

2011 2028 2201 2100 legem
2262 2031 2439 2082 tenet.
2496 2028 2632 2082 Erat
2682 2023 2965 2080 Michaelo
3007 2027 3352 2094 praeceptor,
3386 2020 3487 2091 qui
3520 2035 3655 2075 cum

2009 2117 2084 2173 iis
2115 2118 2297 2172 sacris
2324 2117 2679 2180 initiaverat,
2713 2117 2772 2170 et
2799 2113 2968 2185 quasi
3009 2111 3345 2184 praefectus,
3378 2109 3658 2183 quraeus

2011 2205 2253 2278 quidam
2284 2204 2427 2277 (sive
2458 2205 2507 2259 is
2539 2204 2762 2259 femina
2781 2202 2976 2274 potius
3007 2200 3292 2255 Hebraica
3319 2199 3657 2270 fuit),quem

2011 2295 2170 2350 domi
2202 2294 2452 2362 fovebat,
2484 2293 2556 2348 ab
2606 2308 2792 2362 eoque
2824 2307 2943 2346 non
2975 2289 3048 2344 ad
3078 2289 3427 2361 religionem
3459 2286 3658 2350 modo,

2011 2383 2115 2439 sed
2155 2387 2214 2438 et
2269 2383 2344 2438 ad
2397 2398 2523 2436 rem
2583 2379 2969 2436 domesticam
3020 2375 3456 2449 pertinentibus
3484 2374 3660 2430 rebus

2012 2471 2452 2529 instituebatur.
2486 2469 2570 2524 Ab
2604 2486 2671 2524 eo
2703 2471 3150 2540 praeoccupatus
3184 2465 3336 2519 nihil
3366 2465 3662 2536 integrum

2017 2566 2372 2626 servaverat,
2407 2558 2510 2614 sed
2542 2563 2669 2614 erat
2715 2574 2907 2630 pravas
2956 2554 3260 2626 religionis
3301 2553 3361 2607 in
3391 2569 3460 2606 eo
3494 2551 3660 2622 quasi

2016 2650 2268 2707 colluvio
2329 2648 2622 2721 quasdam,
2683 2662 2817 2702 cum
2879 2650 2936 2700 et
2991 2643 3339 2700 Christianas
3390 2639 3664 2696 ﬁdeide-

2015 2747 2177 2798 creta
2205 2739 2568 2796 adulteraret
2615 2743 2674 2793 et
2727 2737 3030 2792 Iudaicam
3061 2734 3410 2806 religionem
3443 2729 3662 2802 spuriis

2015 2828 2398 2903 opinionibus
2425 2827 2738 2900 pollueret.
2800 2825 3048 2895 Fuitque
3102 2823 3368 2888 omnino,
3400 2819 3559 2890 quod
3590 2818 3664 2873 ad

2015 2919 2252 2994 pietatis
2297 2917 2725 2990 professionem
2782 2915 3014 2980 attinet,
3052 2911 3189 2968 talis
3220 2911 3285 2966 in
3317 2927 3384 2964 eo
3413 2909 3666 2964 varietas

2018 3016 2074 3067 et
2105 3007 2397 3073 confusio,
2431 3006 2622 3077 qualis
2661 3005 2849 3060 fertur
2895 3004 3242 3075 Libycarum
3287 3015 3416 3056 esse
3446 2998 3667 3054 bestia-

2017 3116 2150 3155 rum
2181 3102 2412 3165 natura,
2447 3113 2578 3168 quas
2610 3112 2678 3151 ex
2710 3093 2956 3150 diversis
2999 3090 3359 3148 animalibus
3391 3089 3465 3145 ob
3497 3105 3666 3161 aquao

2021 3191 2314 3247 defectum
2355 3186 2688 3262 congressis
2744 3188 3091 3240 nascuntur.
3153 3184 3208 3238 Is
3257 3197 3393 3253 ergo
3445 3181 3668 3253 potitus

254 3266 520 3326 εϐάλλετο
554 3273 642 3326 καὶ
672 3251 958 3345 ἠτίμαζεν..
991 3271 1187 3346 Ἐτίμα
1236 3271 1292 3328 δὲ
1320 3275 1388 3329 ca
1413 3251 1586 3330 oixeiu
1623 3272 1902 3350 διαφερόνο

2018 3279 2267 3352 imperio
2296 3251 2554 3334 nullavre
2582 3276 2702 3332 alia
2731 3291 2907 3346 quam
2958 3273 3291 3329 diademate
3322 3251 3382 3326 et
3406 3251 3671 3342 purpura

257 3381 389 3422 τως·
421 3363 486 3416 τά
509 3358 567 3416 δὶ
588 3361 678 3431 ἦν,
705 3366 844 3416 συῶν
869 3363 963 3435 μὲν
981 3367 1088 3417 τῶν
1119 3363 1237 3439 ἀρτι
1265 3363 1438 3419 τόκων
1469 3363 1764 3441 προλέγειν
1788 3365 1907 3420 ὅσοι

253 3472 314 3506 τε
369 3445 583 3506 ἔσονται
642 3451 923 3528 εὐτραφεῖς
982 3452 1070 3506 xui
1157 3454 1428 3526 σωμάτων
1493 3455 1750 3530 μεγέθους
1809 3454 1911 3510 οὐκ

253 3539 646 3614 ἀμοιρήσουσι,
678 3540 768 3596 καὶ
795 3539 910 3596 ὅσοι
950 3546 1066 3604 τοῖς
1099 3541 1362 3606 ἐναντίοις
1393 3546 1906 3620 περισχεθήσονται,

254 3629 347 3683 καὶ
419 3630 589 3684 ἳππον
669 3630 762 3702 μὲν
838 3629 998 3708 ἐγγὺς
1074 3630 1286 3687 ἑστάναι
1360 3637 1466 3688 τῶν
1545 3632 1910 3704 λακτιζόντων

262 3715 476 3784 εἰδέναι,
539 3717 697 3780 ὅνους
759 3717 815 3774 δὲ
866 3721 993 3781 τοὺς
1054 3719 1407 3791 λακτίζοντας
1457 3723 1532 3785 ὡς
1571 3723 1910 3801 ποῤῥωτάτω

257 3805 604 3881 ἐκτρέπεσθαι
685 3807 916 3887 εὐφυῶς.
996 3809 1268 3882 Ἠμιόνων
1327 3832 1385 3866 τε
1441 3814 1634 3886 κριτής
1693 3811 1910 3888 ἄριστος

259 3897 349 3965 ἦν,
381 3897 472 3951 καὶ
501 3895 708 3951 τούτων
743 3897 862 3952 ’ὀσοι
917 3898 1012 3970 μὶν
1061 3899 1197 3973 πρὸς
1247 3900 1444 3976 φόρτον
1474 3898 1775 3972 ἐπιτήδειοί
1809 3901 1910 3957 εἱσι

259 3983 574 4060 διακρίνειν,
635 3986 753 4040 ὅσοι
811 3983 867 4041 δὲ
921 3985 1048 4049 τοὺς
1105 3984 1360 4052 ἐπιϐάτας
1425 3989 1670 4069 εὐφόρως
1736 3991 1914 4068 φέρειν

256 4071 530 4142 δόνανται,
583 4075 670 4128 καὶ
763 4077 838 4146 μὴ
911 4095 1017 4130 τινι
1074 4080 1236 4150 πτοίᾳ
1300 4075 1566 4152 περιδεεῖς
1632 4079 1911 4154 γινόμενοι

249 4161 732 4238 ἐκτραχηλίζοιεν.
774 4165 852 4222 Οὐ
917 4167 1023 4239 μὴν
1077 4165 1226 4222 ἀλλὰ
1289 4167 1378 4223 καὶ
1427 4167 1554 4233 τοὺς
1603 4167 1807 4232 ἵππους
1851 4169 1915 4224 ὀ-

252 4249 522 4328 φθαλμῶν
575 4252 740 4325 μόνον
786 4252 988 4328 κρίνων
1045 4252 1356 4324 ἐπιϐολαῖς,
1389 4256 1508 4312 ὅσοι
1536 4278 1593 4313 τε
1622 4259 1757 4332 πρὸς
1786 4255 1913 4333 δρό-

261 4362 359 4413 μον
424 4341 631 4396 εὕτονοι
690 4344 780 4396 καὶ
832 4349 1022 4422 ταχεῖς
1080 4345 1169 4399 καὶ
1229 4346 1346 4400 ὅσοι
1403 4347 1540 4420 πρὸς
1569 4345 1813 4418 πόλεμον
1849 4349 1913 4404 τὸ

255 4431 576 4504 καρτερικὸν
677 4429 1027 4502 διασώζουσι’
1108 4437 1257 4508 [497]
1343 4431 1635 4508 προϐάτων
1700 4458 1758 4492 τε
1820 4439 1909 4493 καὶ

268 4521 412 4596 βοῶν
443 4520 715 4590 εὐτοκίας,
744 4523 831 4577 καὶ
872 4525 971 4593 τὴν
1013 4528 1108 4578 τοῦ
1161 4524 1428 4598 γάλακτος
1477 4528 1598 4581 δσαι
1631 4523 1910 4599 δαψίλειαν

2009 3385 2073 3425 se
2111 3367 2448 3433 ostentavit,
2497 3365 2652 3422 870
2700 3363 2864 3418 omni
2921 3361 3190 3417 doctrina
3241 3364 3300 3414 et
3351 3357 3672 3430 disciplina

2010 3457 2340 3533 ignominia
2373 3475 2434 3514 se
2466 3453 2975 3530 repudiata,quod
3000 3452 3139 3508 inde
3169 3468 3276 3506 sua
3305 3449 3484 3506 everti
3516 3453 3576 3504 et
3605 3465 3669 3503 se

2012 3550 2231 3607 melius
2262 3549 2488 3619 aliquid
2547 3546 2747 3602 doceri
2806 3560 2978 3616 posse
3040 3545 3354 3598 metueret.
3389 3541 3504 3596 Sua
3533 3555 3667 3594 vero

2013 3639 2258 3696 maximi
2289 3638 2562 3703 ducebat,
2596 3653 2726 3707 quas
2777 3638 2947 3690 erant
2994 3632 3315 3704 praedicere
3346 3644 3666 3702 porcorum

2014 3747 2224 3786 recens
2255 3733 2529 3784 natorum
2585 3725 2686 3796 qui
2736 3723 3016 3796 praeclare
3048 3720 3307 3777 adulturi
3341 3724 3538 3774 essent
3567 3723 3669 3773 aut

2017 3825 2244 3886 contra,
2275 3833 2448 3889 posse
2481 3815 2651 3886 equis
2682 3809 3130 3868 calcitrantibus
3151 3824 3335 3880 prope
3363 3807 3663 3876 assistere,

2016 3908 2215 3963 asinos
2246 3905 2626 3960 calcitrantes
2669 3905 2796 3956 arte
2840 3915 3018 3970 quam
3062 3896 3408 3968 longissime
3438 3894 3620 3948 vitare
3649 3909 3664 3960 ;

2017 3995 2089 4051 de
2120 3994 2300 4050 mulis
2332 3993 2553 4064 optime
2579 3989 2870 4062 judicare,
2907 3993 2966 4042 et
3014 3986 3351 4041 discernere
3383 3984 3484 4055 qui
3525 3999 3667 4037 one-

2017 4084 2181 4138 ribus
2211 4086 2313 4138 aut
2342 4081 2442 4152 qui
2492 4078 2708 4134 sessori
2757 4075 3240 4132 commodissime
3271 4071 3514 4128 ferendo
3549 4071 3670 4143 apti

2017 4173 2232 4236 forent,
2269 4177 2334 4225 ut
2385 4169 2553 4224 nullo
2604 4183 2816 4240 pavore
2865 4164 3226 4220 consternati
3259 4179 3394 4217 eum
3427 4167 3668 4216 excute-

2018 4266 2184 4328 rent;
2218 4277 2401 4332 equos
2450 4258 2574 4313 solo
2628 4256 2844 4312 intuitu
2888 4254 3253 4322 dignoscere,
3287 4251 3387 4322 qui
3430 4249 3504 4305 ad
3535 4266 3669 4303 cur-

2018 4367 2148 4405 sum
2171 4349 2398 4403 robusti
2431 4353 2488 4400 et
2517 4346 2741 4401 celeres
2763 4345 2853 4399 vel
2874 4342 3086 4397 bellica
3108 4339 3456 4394 fortitudine
3487 4337 3672 4395 mobi-

2018 4441 2104 4494 les
2136 4443 2336 4494 essent
2362 4436 2580 4501 futuri;
2627 4435 2769 4488 item
2819 4434 2890 4487 de
2935 4432 3130 4486 ovium
3165 4435 3222 4484 et
3251 4429 3430 4484 boum
3462 4429 3665 4482 fecun~

2023 4528 2204 4582 ditate
2236 4543 2303 4581 ac
2323 4527 2492 4581 lactis
2523 4523 2888 4579 abundantia
2918 4526 2976 4576 et
3003 4520 3075 4575 de
3109 4519 3332 4575 recenti
3362 4517 3483 4572 fetu
3507 4515 3667 4588 judi-

259 4609 565 4689 ἐκφύσεως
632 4608 858 4686 ἔλαχονο
929 4617 1033 4667 τῶν
1099 4635 1158 4669 τε
1213 4614 1510 4690 ἀρτιγενῶν
1557 4618 1909 4692 γεννημάτων

2023 4633 2178 4684 care,
2211 4617 2379 4687 cujus
2411 4615 2600 4686 quivis
2645 4614 2853 4670 matris
2897 4617 3071 4667 esset.
3105 4611 3239 4665 Haac
3269 4610 3396 4682 ejus
3428 4607 3672 4663 fuerunt

268 4697 463 4754 εἰδέναι
497 4696 791 4775 διακρίνειν
844 4706 1004 4757 ποῖον
1057 4703 1247 4764 ὁποίας
1297 4703 1408 4759 ἐστὶ
1462 4705 1689 4780 μητρός.
1722 4707 1824 4763 Καὶ
1852 4707 1919 4763 τὰ

272 4789 366 4859 μὶν
417 4790 518 4858 τῆς
569 4793 798 4865 πρώτης
837 4791 1082 4863 ἡλικίας,
1141 4793 1308 4848 εἰπεῖν
1363 4791 1420 4848 δὲ
1467 4795 1556 4849 καὶ
1604 4801 1705 4864 τῆς
1732 4795 1917 4852 τελευ-

261 4875 437 4947 ταίας,
492 4882 659 4934 ταῦτα
716 4877 782 4950 δὴ
841 4881 908 4936 τὰ
969 4883 1266 4954 μαθήματα
1309 4883 1399 4938 καὶ
1431 4881 1912 4962 σεμνολογήλματαῄ

258 4967 335 5028 ὡς
392 4963 448 5022 δὲ
501 4968 743 5042 ἤκμαζεν
803 4967 935 5040 ἤδη,
991 4971 1086 5026 τὸν
1144 4971 1350 5042 πένητα
1393 4973 1518 5047 βίον
1548 4972 1786 5038 διαθλῶν
1827 4961 1920 5031 καἰ

251 5059 556 5128 καρτερῶν,
620 5051 843 5113 ἔσπευδε
903 5063 1099 5116 τοῦτον
1153 5060 1298 5136 πάσῃ
1355 5061 1749 5138 ἀποτρίψασθαι
1806 5086 1918 5138 μη-

253 5150 425 5219 χανῇ.
502 5145 608 5201 Καὶ
685 5167 819 5202 ποτε
866 5152 945 5219 τῷ
1021 5148 1216 5204 ἑαυτοῦ
1295 5151 1568 5226 παραστὰς
1625 5157 1917 5226 στρατηγῷ

253 5233 445 5288 ἑαυτὸν
503 5233 784 5313 ὑπέφαινε,
840 5239 908 5309 τῇ
968 5243 1071 5306 τῆς
1129 5238 1386 5309 γλώττης
1434 5239 1768 5311 τραυλότητι
1819 5242 1912 5296 τὸν

254 5321 500 5397 ἄρχοντα
567 5321 992 5398 ἐκκαλούμενος.
1064 5330 1188 5385 Τῶν
1277 5326 1335 5382 δὲ
1401 5329 1738 5404 ’Δθιγγάνων
1806 5350 1911 5398 τις,

251 5413 494 5483 γνωστὸς
556 5413 820 5488 ὑπάρχων
877 5420 958 5488 τῷ
1016 5423 1324 5494 στρατηγῷ,
1382 5418 1541 5474 αὐτὸν
1597 5440 1654 5475 τε
1717 5423 1910 5474 τοῦτον

2029 4707 2221 4778 prima
2250 4709 2420 4761 astate
2453 4704 2670 4774 studia,
2702 4703 2918 4776 quibus
2949 4707 3006 4757 et
3043 4699 3359 4773 postremis
3389 4697 3510 4754 suis
3539 4713 3669 4753 sese

2020 4795 2266 4868 jactavit
2293 4793 2832 4867 temporibus.Cum
2863 4779 3061 4847 autem
3091 4805 3350 4863 paupere
3374 4788 3491 4843 vita
3521 4786 3670 4842 tole-

2027 4885 2213 4941 randa
2243 4885 2616 4952 adolevisset,
2649 4883 2810 4939 omni
2861 4886 3077 4938 conatu
3116 4880 3293 4935 nixus
3323 4883 3414 4934 est
3440 4894 3512 4933 ea
3541 4893 3671 4932 sese

2026 4979 2312 5044 liberare;
2339 4982 2396 5033 et
2416 4974 2738 5048 aliquando
2763 4990 2934 5029 suum
2960 4973 3263 5027 tribunum
3287 4968 3453 5036 adiit,
3475 4965 3670 5035 balba,

2024 5074 2090 5123 ut
2119 5073 2265 5136 erat,
2297 5084 2436 5122 voce
2469 5083 2604 5121 eum
2653 5064 2872 5120 idcirco
2921 5059 3309 5132 compellans.
3343 5055 3426 5112 lbi
3459 5054 3669 5109 Athin-

2023 5173 2210 5229 ganus
2241 5155 2482 5227 quidam
2514 5159 2689 5208 notus
2719 5151 2958 5206 tribuno
2991 5146 3306 5205 affirmavit
3334 5143 3506 5216 paulo
3538 5147 3674 5214 post

2023 5247 2182 5301 hunc
2207 5244 2557 5300 Michaelum
2581 5247 2639 5298 et
2663 5239 2980 5312 quemdam
3003 5237 3187 5292 alium
3208 5234 3500 5289 illustrem
3523 5232 3671 5297 fore,

2023 5351 2090 5388 ac
2121 5333 2370 5404 imperio
2404 5334 2531 5404 ipso
2562 5334 2962 5386 Romanorum
2997 5325 3341 5398 potiturum.
3375 5321 3462 5378 Ad
3493 5336 3672 5393 quam

2022 5423 2470 5493 prtedictionem
2522 5421 2793 5476 tribunus
2833 5418 3032 5474 animo
3079 5416 3160 5469 ita
3201 5412 3450 5469 incaluit
3478 5417 3542 5467 ut
3571 5410 3670 5482 qui

1463 5571 1823 5628 XYLANDRI
1863 5573 1950 5629 ET
1988 5573 2204 5630 GOARI
2241 5573 2464 5628 ΝΟΤἎΕ.

337 5688 452 5760 (62)
485 5690 611 5746 Non
642 5691 715 5748 ad
750 5692 1103 5768 religionem
1133 5696 1346 5768 solum,
1380 5696 1484 5754 sed
1513 5697 1836 5757 universim
1867 5698 1941 5757 ad
1971 5699 2234 5760 animam
2262 5700 2582 5774 pertinent.
2610 5699 2785 5756 Gou.
