4108 6300
375 291 492 352 955

1705 287 2030 350 GEORGII
2072 289 2429 356 CEDRENI

3670 296 3822 357 956

372 422 639 479 futurum
660 421 785 492 jam
814 420 980 491 quasi
1029 418 1090 474 in
1129 418 1369 492 speculo
1409 423 1546 476 ante
1576 418 1781 476 oculos
1811 433 2016 475 cerne-

2137 421 2220 475 τὸν
2278 422 2514 502 Μιχαὴλ
2578 422 2668 480 καὶ
2725 444 2839 479 τινα
2892 422 3076 499 ἓτερον
3152 418 3527 499 περιϐοήτους
3582 418 3822 482 ἔσεσθαι

372 518 501 580 ret;
534 519 592 568 et
617 513 761 568 871
792 512 1165 581 occasionem
1187 526 1568 582 nequaquam
1590 508 2023 581 repudiandam

370 606 553 669 ratus,
586 616 764 671 quam
794 616 918 654 non
948 599 1120 655 facile
1146 615 1351 654 rursus
1381 603 1539 654 esset
1568 602 2020 665 consecuturus,

374 707 405 746 e
434 691 672 759 vestigio
703 690 835 745 aliis
867 689 1142 745 omnibus
1187 690 1288 761 qui
1338 694 1398 744 et
1441 689 1675 761 generis
1705 688 2023 760 splendore

373 784 432 835 et
484 779 869 852 dignitatibus
927 778 1220 833 ﬂorebant
1277 778 1641 849 postpositis,
1702 777 1811 832 hos
1866 778 2022 833 viros

373 868 634 924 convivio
667 867 956 931 adhibuit,
1016 883 1084 921 ac
1141 867 1367 937 vigente
1408 866 1843 938 compotatione
1871 866 2023 921 ﬁlias

372 958 673 1013 adducens
693 957 768 1011 iis
790 957 851 1010 in
872 955 1322 1010 matrimonium
1347 953 1683 1025 despondit,
1708 952 1784 1009 ad
1809 970 2020 1010 novam

373 1046 614 1118 quidem
662 1051 720 1100 et
770 1044 1138 1115 in0pinatam
1186 1060 1310 1098 rem
1368 1042 1659 1114 principio
1692 1048 2019 1114 stupentes,

371 1136 763 1191 assentientes
814 1138 1014 1189 tamen
1085 1138 1145 1188 et
1218 1133 1582 1204 paciscentes
1637 1133 1897 1205 nuptias,
1955 1136 2022 1187 ut

375 1225 475 1296 qui
525 1240 646 1279 non
690 1223 968 1284 hominis,
1025 1222 1127 1277 sed
1177 1222 1280 1277 Dei
1328 1221 1441 1276 hoc
1489 1237 1619 1277 esse
1668 1238 1817 1293 opus
1846 1225 2019 1294 puta-

374 1317 530 1369 rent.

2131 513 2245 585 μετ’
2285 514 2346 569 ού
2379 512 2525 570 πολὺ
2561 513 2875 594 διηγόρευε,
2926 514 3017 571 καὶ
3072 513 3357 591 βασιλείας
3402 516 3575 587 αὐτῆς
3604 514 3824 573 ἐπιτυ-

2127 607 2247 677 χεῖν
2277 602 2375 658 ούκ
2410 602 2462 658 ἐν
2502 610 2698 680 μακρῷ
2750 609 2830 677 τῷ
2887 604 3101 684 χρόνῳ.
3150 605 3385 668 Τούτοις
3414 607 3445 661 ὁ
3480 608 3823 681 στρατηγὸς

2125 692 2224 760 τήν
2271 693 2464 767 ψυχὴν
2518 693 2918 769 ἐκθερμανθεῖς,
2974 694 3065 749 καὶ
3117 694 3181 748 τὸ
3242 693 3450 768 μέλλον
3485 692 3675 771 ὥσπερ
3714 695 3819 751 ἐν·

2129 780 2549 855 οπτριζόμενος,
2607 784 2709 838 οὐκ
2759 778 2898 861 ἔγνω
2955 781 3256 858 βραδυτῆσι
3308 785 3671 857 παρώσασθαι
3708 787 3823 841 τὸν

2128 870 2336 943 καιρὸν,
2361 870 2423 925 οὗ
2444 870 2616 925 πΞΑιν
2636 876 2823 947 τυχεῖν
2857 869 2919 926 οὺ
2952 869 3156 946 ῥᾴδιον.
3194 872 3447 947 Τράπεζα
3478 871 3579 927 οὖν
3612 894 3819 949 παρα-

2127 960 2348 1037 χρήμα,
2380 960 2469 1015 καὶ
2499 961 2630 1023 τοὺς
2678 959 2888 1024 ἄλλους
2941 961 3144 1023 πάντας
3174 960 3496 1017 καταλιπὼι
3528 964 3669 1027 τοὺς
3704 964 3815 1019 καὶ

2129 1045 2273 1123 γένει
2320 1048 2411 1101 καὶ
2468 1048 2741 1123 ἀξιώμασι
2798 1048 3267 1125 διαφανεστέρους,
3298 1051 3533 1114 τούτους
3565 1049 3640 1120 δή
3667 1052 3822 1116 τοὺς

2130 1131 2327 1210 ἄνδρας
2379 1137 2455 1199 εἷς
2504 1138 2739 1193 ἑστίασιν
2788 1139 3066 1213 συγκαλεῖ,
3118 1141 3209 1194 καὶ
3256 1143 3352 1194 τοῦ
3400 1141 3578 1194 πότου
3612 1142 3825 1213 ἀκμά-

2129 1228 2321 1293 ζοντος
2371 1225 2467 1287 τὰς
2526 1227 2826 1304 θυγατέρας
2890 1224 3040 1304 ἄγων
3113 1224 3293 1282 ἐδίδου
3346 1232 3466 1290 τοῖς
3523 1230 3713 1299 ξένοις
3785 1231 3818 1285 ὃ

2130 1314 2456 1391 στρατηγὸς,
2512 1315 2602 1369 καὶ
2677 1313 2945 1394 νῧμφίους
3022 1310 3168 1392 ἔχειν
3228 1316 3653 1394 καθωμολόγει,
3716 1323 3813 1390 τῷ

375 1402 510 1475 ξένῳ
568 1400 665 1473 μὲν
723 1398 815 1454 καὶ
871 1394 1159 1472 παραδόξῳ
1213 1401 1313 1452 τοῦ
1368 1396 1691 1475 πράγματος
1745 1396 1798 1452 ἐν
1851 1396 2095 1454 ἐκστάσει
2156 1400 2420 1477 πρότερον
2473 1401 2821 1479 γενομένους,
2877 1402 3331 1480 ἀποδεχομένους
3377 1403 3434 1460 δὲ
3487 1406 3653 1479 ὅμως
3709 1407 3817 1461 καὶ

372 1488 951 1563 συγκατατιθεμένους,
982 1487 1072 1542 καὶ
1104 1490 1239 1542 Θεοῦ
1267 1484 1426 1561 ἔργον
1456 1488 1519 1541 τὸ
1547 1490 1820 1555 τοιοῦτον,
1854 1484 1954 1541 οὒκ
1985 1489 2270 1564 ἀνθρώπου
2297 1491 2735 1569 ὁμολογοῦντας.

443 1581 754 1636 Enimvero
796 1578 1115 1634 Michaelus
1157 1578 1478 1648 Athingani
1512 1578 1682 1633 istius
1711 1593 1912 1632 vocem
1944 1578 2026 1633 ita
2054 1581 2101 1646 B

373 1671 615 1727 auribus
645 1668 864 1737 hausit,
923 1673 986 1722 ut
1035 1668 1137 1739 qui
1195 1684 1327 1723 eam
1376 1667 1586 1722 divinae
1619 1666 2026 1739 praedictionis

374 1760 503 1815 loco
534 1761 857 1828 reputaret.
893 1756 1087 1811 Altero
1120 1754 1337 1810 deinde
1387 1755 1587 1810 omine
1617 1755 2023 1825 conﬁrmatus,

374 1847 650 1906 monachi
682 1862 898 1918 nempe
928 1846 1079 1917 apud
1108 1845 1531 1902 Philomblium
1562 1846 2027 1917 vaticinio,quod

376 1954 555 2009 supra
584 1935 920 2003 retulimus,
962 1951 1032 1989 eo
1087 1933 1369 1990 audacius
1401 1951 1468 1989 ac
1519 1935 1774 1991 ferocius
1804 1935 2027 1991 eadem

375 2029 551 2084 Leoni
582 2027 828 2082 molitus
859 2030 966 2081 est.
1000 2025 1146 2080 Male
1192 2041 1255 2080 se
1284 2020 1568 2098 gesserat
1595 2025 1877 2081 adversus
1907 2026 2027 2097 pri-

376 2134 541 2173 mum
591 2132 763 2172 suum
814 2114 1255 2170 benefactorem
1302 2115 1697 2181 Bardanium;
1748 2115 1920 2186 pejus
1963 2130 2027 2171 se

376 2208 558 2280 gessit
607 2206 887 2260 adversus
937 2204 1284 2270 secundum,
1320 2205 1575 2259 Leonem
1625 2204 1891 2275 inquam,
1924 2204 2025 2275 qui

378 2297 558 2353 etiam
591 2295 780 2349 ﬁlium
828 2293 1095 2348 Michaeli
1148 2309 1217 2348 ex
1267 2309 1434 2348 sacro
1488 2293 1718 2348 lavacro
1748 2309 2028 2364 suscepe-

375 2391 486 2443 rat.
546 2384 820 2451 Quamvis
879 2389 1078 2438 autem
1143 2384 1398 2438 Leonem
1455 2383 1828 2439 atrocissima
1879 2399 2026 2440 nece

377 2474 635 2541 sustulit,
669 2473 1004 2545 portionem
1037 2478 1236 2527 tamen
1277 2472 1597 2542 quamdam
1628 2472 1702 2527 ad
1730 2472 1861 2526 vitm
1893 2489 2025 2527 sus-

374 2563 767 2620 tentationem
792 2561 932 2616 ﬁliis
955 2561 1084 2632 ejus
1107 2566 1164 2616 et
1184 2561 1385 2616 uxoris
1409 2577 1482 2616 ex
1504 2560 1818 2632 publicatis
1840 2561 2027 2633 ipsius

373 2654 549 2712 bonis
580 2659 757 2725 atque
784 2651 1263 2725 possessionibus
1285 2650 1523 2719 decidit,
1546 2668 1761 2724 pueros
1787 2668 2026 2724 quoque

370 2746 446 2803 de
488 2746 611 2801 suis
670 2744 897 2815 aliquot
956 2743 1042 2798 eis
1100 2742 1350 2812 donans,
1409 2759 1662 2813 quorum
1716 2746 2029 2799 uterentur

368 2835 724 2892 ministerio.
774 2836 1025 2890 Uxorem
1077 2848 1337 2904 namque
1386 2833 1597 2888 Leonis
1634 2832 1695 2888 in
1724 2836 2026 2888 monaste-

2206 1578 2378 1636 ’Βλλὰ
2419 1586 2589 1637 ταῦτα
2650 1584 2746 1657 μὲν
2814 1582 3107 1659 ἐπράττετο
3162 1582 3356 1645 οὕτως’
3414 1585 3517 1654 τὴν
3573 1582 3642 1639 δὲ
3700 1589 3817 1640 τοῦ

2136 1668 2390 1742 ῥηθέντος
2423 1670 2748 1747 Ἀθιγγάνου
2953 1673 3140 1749 φωνὴν
3175 1671 3251 1736 ὥς
3288 1692 3409 1727 τινα
3436 1673 3589 1728 θείαν
3622 1674 3818 1751 πρόῤ-

2136 1757 2295 1831 ῥησιν
2324 1756 2614 1835 ἐνηχηθεῖς
2657 1760 2685 1813 ὁ
2736 1759 2995 1836 Μιχαὴλ,
3053 1758 3297 1836 δεύτερον
3329 1759 3375 1815 δ’
3405 1761 3604 1817 οἰωνὸν
3640 1762 3823 1834 εἰλη-

2137 1847 2252 1924 φὼς
2280 1847 2370 1901 καὶ
2401 1848 2501 1915 τὴν
2561 1848 2695 1904 κατᾶ
2748 1850 2812 1905 τὸ
2874 1847 3213 1923 Φιλομίλιον
3243 1853 3341 1905 τοῦ
3373 1856 3634 1927 μοναχοῦ
3664 1874 3816 1929 προ-

2135 1936 2439 2010 αγόρευσιν,
2472 1937 2548 1992 ὡς
2577 1934 2686 2008 ἤδη
2745 1936 3039 2015 φθάσαντες
3099 1938 3344 2014 εἴπομεν,
3378 1945 3459 2014 τῷ
3490 1945 3593 1996 τοῦ
3630 1943 3813 1998 Λέον-

2134 2045 2228 2088 τος
2282 2027 2431 2105 φόνῳ
2487 2026 2824 2102 ἰταμώτερον
2874 2027 3092 2084 ἐπέθετο
3147 2028 3237 2084 καὶ
3296 2030 3655 2107 θρασύτερον,
3706 2054 3815 2088 κα-

2136 2114 2230 2176 κὸς
2293 2114 2388 2187 μὶν
2444 2116 2567 2190 περῖ
2615 2115 2707 2170 τὸν
2755 2120 2979 2190 πρῶτον
3034 2116 3322 2198 εύερφέτην
3353 2119 3559 2199 φανεὶς,
3592 2120 3813 2177 ἐκεῖνον

2137 2200 2203 2275 δὴ
2260 2205 2354 2260 τὸν
2411 2205 2695 2278 εἰρημένον
2752 2204 3072 2283 Βαρδάνιον,
3150 2208 3353 2263 κακίων
3410 2206 3467 2265 δὲ
3524 2212 3659 2285 περὶ
3714 2212 3813 2267 τὸν

2137 2290 2405 2370 δεύτερον,
2457 2296 2603 2369 φημί
2645 2292 2711 2364 δὴ
2743 2297 2837 2350 τὸν
2890 2296 3115 2365 Λέοντα,
3149 2295 3208 2360 ὅς
3239 2298 3325 2352 καὶ
3357 2299 3447 2353 τὸν
3481 2300 3603 2354 υἱὸν
3635 2299 3809 2356 αὐτοῦ

2136 2380 2196 2436 ἐκ
2248 2386 2347 2438 τοῦ
2405 2383 2552 2447 θείου
2612 2384 2991 2460 βαπτίσματος
3047 2386 3506 2461 υἱοθετησάμενος
3553 2389 3626 2457 ἧν
3662 2392 3801 2463 (64).

2133 2471 2321 2543 Ὅμως
2374 2468 2433 2527 δὲ
2487 2472 2577 2526 καὶ
2632 2472 2725 2527 τὸν
2788 2471 3011 2543 Λέοντα,
3067 2473 3324 2546 οἰκτίστῳ
3352 2474 3567 2548 θανάτῳ
3595 2497 3803 2551 κατερ-

2132 2559 2438 2634 γασάμενος
2487 2560 2795 2636 ἀπόμοιραν
2826 2582 2947 2616 τινα
2977 2563 3254 2641 χορηγίας
3286 2568 3402 2625 τοῖς
3431 2567 3532 2618 τοῦ
3556 2564 3800 2629 Λέοντος

2133 2645 2475 2704 ἐναποτάττει
2531 2648 2688 2705 παισὶ
2765 2649 2858 2705 καὶ
2938 2654 3007 2723 τῇ
3062 2651 3272 2707 τούτων
3334 2652 3505 2726 μητρὶ
3564 2652 3627 2708 ἐκ
3683 2659 3795 2710 τῶν

2134 2733 2512 2808 δημευθέντων
2569 2739 2870 2811 κτημάτων
2919 2739 3108 2811 αὐτοῦ,
3155 2739 3244 2795 καὶ
3275 2762 3425 2802 τινας
3450 2746 3562 2796 τῶν
3596 2743 3801 2798 ἑαυτοῦ

2133 2823 2340 2881 παίδων
2417 2828 2552 2902 πρὸς
2619 2828 2915 2903 ὑπηρεσίαν
2983 2828 3169 2891 αὐτοῖς
3223 2827 3639 2904 δωρησάμενος,
3705 2835 3797 2889 καὶ

368 2928 525 2982 rium
559 2925 715 2998 quod
746 2924 1121 2980 dominorum
1151 2923 1369 2979 dicitur
1415 2923 1677 2994 inclusit,
1712 2923 1862 2978 filios
1892 2939 2023 2979 ma-

2137 2916 2228 2983 τήν
2265 2915 2360 2988 μὲν
2416 2920 2516 2970 τοῦ
2560 2917 2797 2978 Λέοντος
2856 2919 3100 2992 γαμετὴν
3156 2919 3231 2980 εἷς
3285 2921 3385 2989 τήν
3442 2921 3592 2976 οὕτω
3622 2920 3798 2997 λεγο-

369 3033 465 3072 res
495 3015 555 3070 in
587 3014 739 3071 872
770 3016 947 3070 Prota
976 3013 1193 3069 insula.
1226 3012 1333 3078 Qui
1379 3028 1514 3068 cum
1562 3011 1644 3067 ibi
1690 3017 2020 3068 castraren-

370 3111 487 3173 tur,
533 3103 896 3160 Theodosius
954 3105 1017 3158 in
1076 3104 1197 3158 fata
1254 3103 1567 3172 concessit,
1601 3104 2024 3159 Constantinus

371 3200 590 3259 autem,
645 3194 745 3265 qui
804 3193 921 3247 alio
971 3192 1217 3247 nomine
1273 3191 1526 3247 Basilius
1582 3191 1819 3260 dicitur,
1865 3192 2025 3248 vocis

369 3300 483 3338 usu
514 3282 586 3337 ab
619 3282 953 3336 exsectione
983 3279 1245 3335 virilium
1296 3282 1577 3352 privatus,
1620 3282 1751 3353 ejus
1779 3282 2026 3335 restitu-

371 3374 597 3428 tionem
654 3388 789 3425 cum
873 3372 1059 3425 Deum
1137 3369 1438 3442 ﬂagitavit,
1496 3374 1622 3425 tum
1681 3370 2024 3443 Gregorium

376 3461 684 3534 theologica
716 3460 958 3515 nomine
990 3459 1305 3525 illustrem,
1341 3459 1513 3530 cujus
1544 3459 1623 3513 ibi
1669 3460 1820 3515 forte
1862 3476 2027 3531 quae-

374 3551 510 3607 dam
543 3553 671 3605 erat
696 3552 909 3604 statua.
942 3547 1215 3603 Exaudiit
1246 3563 1379 3603 eum
1429 3551 1669 3602 sanctus
1719 3546 1841 3615 ille,
1874 3547 2026 3602 visa-

375 3658 489 3713 que
522 3643 612 3695 est
642 3638 693 3694 ei
723 3638 915 3710 imago
948 3653 1115 3692 sacra
1145 3651 1318 3691 mane
1343 3635 1567 3707 jubens
1607 3652 1805 3691 ceram
1846 3652 2023 3707 quam

373 3729 710 3805 porrigebat
739 3729 956 3801 legere.
982 3729 1063 3782 Ac
1094 3725 1344 3782 Basilius
1377 3726 1555 3782 ﬁdem
1588 3726 1745 3782 dicto
1775 3725 2024 3795 habens,

371 3822 674 3892 ingressus
733 3818 959 3886 fanum,
1019 3815 1181 3872 clara
1235 3816 1673 3889 purissimaque
1736 3832 1873 3872 voce
1929 3831 2026 3871 re-

374 3910 575 3966 citavit
629 3909 790 3963 baec:
867 3909 1142 3971 Rursum,
1195 3908 1364 3961 Jesns
1419 3922 1608 3961 meus.
1690 3908 1840 3962 Voce
1914 3906 2023 3961 ita-

376 4015 491 4070 que
538 4003 777 4068 recepta
828 3996 1106 4051 traditam
1163 4011 1197 4050 a
1253 4000 1418 4067 patre
1479 3995 1589 4050 sibi
1656 3995 2025 4067 impietatem

376 4088 773 4157 abominatus,
831 4090 1062 4160 gratum
1139 4102 1201 4140 se
1273 4100 1411 4159 erga
1485 4100 1681 4141 sacras
1735 4085 2025 4157 imagines

376 4176 651 4251 praebuit.

446 4430 663 4483 Verum
695 4427 821 4481 hac
846 4425 1154 4496 aliquanto
1185 4430 1319 4495 post
1360 4429 1706 4479 evenerunt.
1735 4424 2026 4480 Caeterum

376 4515 449 4570 ad
476 4515 827 4569 Michaelum
884 4514 1136 4584 imperio
1193 4514 1276 4568 ita
1330 4514 1606 4584 potitum,
1666 4527 1880 4584 resque
1919 4528 2025 4567 suo

374 4603 664 4659 arbitratu
684 4602 875 4656 consti
885 4607 1147 4656 tuentem
1164 4601 1526 4673 Nicephorus
1542 4600 1761 4656 nobilis
1781 4601 2029 4672 patriar-

376 4694 487 4749 cha
508 4689 822 4763 epistolam
843 4690 1260 4760 mittit,petens
1282 4706 1353 4745 ea
1373 4705 1677 4745 sacrarum
1700 4689 2024 4761 imaginum

374 4780 871 4837 instaurationem
895 4784 953 4833 et
974 4779 1210 4849 pietatis
1222 4779 2029 4849 revocationem.Respondet

376 4869 694 4928 Michaelus
718 4885 780 4923 se
803 4883 996 4939 neque
1022 4867 1208 4923 ullum
1233 4867 1610 4923 decretorum
1639 4867 1711 4923 de
1744 4867 1860 4923 fide
1886 4883 2025 4923 con-

372 4962 591 5017 vellere
623 4958 922 5026 statuisse,
955 4972 1150 5028 neque
1207 4956 1388 5012 etiam
1442 4955 1769 5028 quidquam
1821 4972 2028 5012 eorum

376 5067 508 5122 quas
523 5048 738 5106 tradita
743 5047 870 5120 jam
889 5052 948 5103 et
962 5045 1233 5102 confessa
1243 5045 1607 5102 haberentur
1620 5045 2027 5102 damnaturun

2134 3003 2301 3078 μένην
2356 3009 2464 3061 τῶν
2523 3011 2808 3062 Δεσποτῶν
2864 3008 3036 3080 μονὴν
3095 3007 3438 3085 ἐνασφαλίζει
3495 3008 3791 3087 κελεύσας,

2130 3093 2258 3157 τοὺς
2315 3093 2537 3170 ἅῤῥενας
2598 3093 2655 3150 δὲ
2708 3101 2818 3151 τῶν
2879 3094 3088 3152 παίδων
3149 3095 3200 3151 ἐν
3257 3103 3326 3173 τῇ
3381 3099 3580 3175 Ηρώτῃ
3613 3102 3790 3176 anim.

2131 3183 2207 3245 ὡς
2242 3181 2477 3259 εἴρηται.
2539 3186 2637 3239 Ὧν
2695 3185 2812 3240 κατ’
2868 3184 3038 3254 αὐτὴν
3099 3186 3558 3262 εὖνουχισθέντων
3588 3188 3794 3245 Θεοδό-

2131 3292 2247 3334 σιος
2307 3273 2400 3346 μὲν
2454 3268 2687 3345 ἀπεϐίω,
2744 3279 3150 3337 Κωνσταντῖνος
3182 3273 3231 3330 δ’
3280 3277 3308 3331 ὁ
3361 3280 3794 3351 μετονομασθείς

2132 3360 2419 3425 Βασίλειος
2448 3363 2661 3443 ἀφωνία
2720 3366 2855 3438 μετὰ
2910 3366 3001 3420 τὸν
3034 3363 3400 3442 εὒνουχισμόν
3431 3371 3794 3443 κατασχεθεὶς

2132 3446 2305 3504 ἐδεῖτο
2382 3451 2489 3522 μὲν
2545 3455 2642 3505 τοῦ
2697 3456 2832 3507 Θεοῦ
2885 3453 2985 3521 τήν
3043 3453 3234 3508 ἑαυτοῦ
3291 3455 3525 3524 λυθῆναι
3583 3458 3793 3530 φωνὴν,

2131 3536 2304 3593 ἐδεῖτο
2362 3537 2420 3594 δὶ
2471 3540 2560 3595 καὶ
2615 3546 2714 3595 τοῦ
2771 3539 2824 3595 ἐν
2888 3539 3148 3616 θεολογίᾳ
3188 3545 3541 3619 περιωνύμου
3581 3552 3797 3622 Γρηγο-

2132 3627 2274 3702 ρίου,
2299 3627 2469 3683 ἐκεῖσέ
2498 3649 2603 3683 που
2634 3626 3081 3701 ἆνεστηλωμένου
3110 3631 3483 3706 τυγχάνοντος
3511 3636 3600 3707 [Ρ.
3634 3637 3783 3709 498].

2130 3717 2459 3786 Ὑπήκουσεν
2522 3716 2616 3771 οὖν
2672 3724 2772 3787 τῆς
2825 3717 2990 3773 αὐτοῦ
3076 3716 3314 3789 δεήσεως
3376 3722 3404 3776 ὁ
3464 3722 3639 3796 ἅγιος,
3692 3725 3779 3778 καί

2133 3805 2316 3880 ὡράθη
2349 3810 2428 3878 τῷ
2459 3806 2852 3880 Κωνσταντίνῳ
2880 3810 3100 3884 φάσκων
3133 3810 3161 3862 ὁ
3191 3811 3337 3871 θεῖος
3358 3810 3551 3873 τύπος·
3579 3835 3609 3863 ‹‹
3644 3814 3787 3868 Κατὰ

2130 3894 2223 3949 τὸν
2283 3891 2478 3968 ὄρθρον
2534 3896 2750 3950 τουτονὶ
2807 3896 2899 3951 τὸν
2958 3898 3128 3971 κηρὸν
3189 3893 3375 3954 λαϐὼν
3431 3899 3721 3973 ἀνάγνωθι.
3758 3926 3783 3953 ω

2130 3984 2194 4041 ’0
2245 3980 2303 4038 δὲ
2357 3982 2649 4044 πιστεύσας
2707 3989 2826 4046 τοῖς
2875 3983 3224 4059 λεγομένοις,
3266 3986 3531 4051 εἰσελθὼν
3586 3989 3786 4063 ἀνέγνω

2133 4070 2364 4147 λαμπρᾷ
2401 4072 2491 4126 καὶ
2547 4073 2902 4149 καθαρωτάτη
2966 4081 3149 4151 φωνῇ,
3187 4076 3250 4130 τὸ
3311 4099 3340 4125 «ι
3372 4073 3547 4133 ΙῙᾶλιν
3577 4079 3787 4148 Ἰησοῦς

2132 4162 2161 4216 ὁ
2191 4159 2343 4233 ἐμός.
2377 4184 2405 4214 n
2465 4162 2579 4229 Τῆς
2620 4167 2806 4236 φωνῆς
2865 4163 2923 4217 δί
2977 4161 3235 4234 λυθείσης
3270 4164 3438 4220 αὐτοῦ
3466 4168 3569 4236 τήν
3596 4187 3657 4221 τε
3683 4188 3785 4222 πα·-

2130 4245 2541 4323 τροπαράδοτον
2571 4244 2899 4323 ἐϐδελύεατο
2958 4246 3166 4322 ἄνοιαν,
3220 4253 3309 4307 καὶ
3356 4253 3479 4328 περῖ
3518 4254 3615 4316 τὰς
3639 4257 3784 4319 θείας

2053 4322 2100 4388 Ῑ)
2129 4322 2374 4402 εῖκόντας
2402 4340 2503 4407 τὴν
2527 4322 2946 4416 εὐγνωμοσύνην
2980 4340 3248 4414 μετέθετο.

2209 4425 2386 4484 Ἀλλὰ
2438 4433 2608 4484 ταῦτα
2667 4431 2762 4503 μὲν
2822 4430 3064 4506 ὕστερονο
3129 4430 3238 4505 ἤδη
3299 4430 3358 4488 δὲ
3384 4435 3483 4504 τὴν
3517 4434 3781 4508 αὐτοκρά-

2135 4536 2269 4592 τορα
2322 4522 2421 4573 τοῦ
2481 4517 2717 4597 Μιχαὴλ
2772 4517 3170 4593 ἐπανελομὲιου
3230 4522 3408 4597 ἀρχὴν
3453 4523 3543 4578 καὶ
3575 4525 3642 4579 τὰ
3672 4524 3784 4579 κατ’

2137 4605 2308 4676 αὐτὴν
2350 4607 2425 4669 ὡς
2457 4602 2717 4663 ἐϐούλετο
2748 4606 3109 4677 διοικοῦντος,
3142 4608 3440 4682 ἐπιστολὴν
3464 4613 3493 4667 ὁ
3527 4610 3777 4687 ἀοίδιμος

2137 4696 2453 4774 Νικηφόρος
2484 4697 2513 4752 ὁ
2543 4697 2893 4777 πατριάρχης
2934 4696 3220 4772 ἐκπέμπει,
3261 4699 3594 4774 παρακαλῶν
3639 4703 3779 4758 ἀπο-ν

2139 4780 2331 4840 λαϐεῖν
2385 4787 2480 4840 τὸν
2536 4787 2820 4860 ἀσπασμὸν
2874 4790 2969 4848 τὰς
3023 4789 3170 4851 θείας
3228 4787 3435 4851 εῒκόνας
3503 4792 3595 4846 καὶ
3652 4792 3776 4847 ἂνά-

2137 4871 2335 4941 κλησιν
2365 4872 2605 4948 γενέσθαι
2637 4878 2739 4940 τῆς
2772 4872 3068 4939 εὐσεϐείας.
3101 4875 3259 4934 Ἀλλ’
3310 4879 3337 4933 ὁ
3389 4878 3627 4955 Μιχαὴλ
3683 4882 3781 4937 ἄπ-

2140 4959 2382 5033 εκρίνατο
2418 4964 2558 5034 μήτε
2593 4982 2644 5017 τι
2703 4966 3098 5040 κακουργήσων
3159 4964 3339 5031 ἐλθεῖν
3382 4968 3489 5022 τῶν
3547 4971 3671 5044 περὶ
3700 4968 3785 5024 πί-

2140 5069 2310 5111 στεως
2338 5048 2748 5124 ἐκτεθειμένων,
2794 5054 2935 5124 μήτε
2996 5054 3104 5124 μήν
3160 5059 3268 5109 τῶν
3320 5052 3428 5127 ἤδη
3462 5055 3783 5133 παραδοθὲν-

1579 5145 1942 5201 XYLANDRI
1979 5146 2068 5202 ET
2109 5148 2327 5206 GOARI
2366 5151 2588 5206 NOTE.

446 5244 559 5321 (ϐξ)
590 5244 987 5321 -Ἄθιγγάνους
1049 5240 1529 5321 παλσμοσκόποις,
1587 5240 2031 5321 ᾐκανομάντεσι,

376 5312 812 5379 νεῴοδὶώκταις’,’
848 5320 1130 5390 γυτευταῖς
1189 5312 1547 5390 annumerat
1603 5312 1918 5390 Balsamon
1971 5312 2033 5373 in

376 5402 668 5443 cauonem
727 5391 786 5442 61
850 5386 1229 5448 Trullanum;
1264 5393 1323 5442 et
1376 5389 1437 5443 in
1494 5390 1562 5441 65
1613 5386 2028 5453 οἱωνοσκόποις,

377 5453 646 5538 γιςῴσταες
695 5459 783 5511 καὶ
835 5458 1509 5538 ἐγγαστριμύθοις,.ψιξξεί
1540 5460 1806 5538 profanis
1835 5460 2034 5538 vatici-

379 5528 496 5584 niis
528 5534 584 5582 et
615 5528 1045 5600 superstitiosis
1092 5528 1559 5586 divinationibus
1603 5530 1853 5586 deditos.
1897 5532 2032 5586 Ser-

378 5603 589 5672 pentes
619 5600 679 5654 in
729 5600 863 5658 sinu
906 5607 1158 5672 gestare,
1209 5601 1407 5657 futura
1453 5600 1870 5673 pradic‘ereet
1894 5602 2033 5673 plu-

2141 5247 2300 5327 rima
2313 5250 2530 5327 _nugari
2550 5249 2752 5327 refert,
2779 5266 2910 5323 quas
2927 5267 3002 5307 ne
3025 5252 3261 5326 scriptis
3287 5255 3530 5327 quidem
3560 5257 3783 5314 tradan-

2142 5323 2239 5375 tur
2268 5320 2445 5393 digna
2476 5328 2631 5378 sunt.
2666 5320 2842 5378 Gosn.

2211 5393 2332 5476 (μ’).
2352 5394 2677 5476 ξμεςερεται
2697 5411 2725 5448 e
2743 5394 3083 5476 bqptismqet
3103 5396 3423 5476 adoptant.
3440 5399 3781 5476 Secundum

2141 5463 2691 5537 omisithlander,
2715 5463 2886 5537 cujus
2910 5463 3376 5525 ecclesiasticum
3404 5470 3586 5526 ritum
3618 5471 3781 5527 habet

2139 5534 2583 5607 Euchologium.
2621 5534 2797 5591 chi
