4052 6316
503 364 622 427 959

1865 361 2189 424 GEORGII
2229 360 2584 427 CEDRENI
3744 371 3828 434 960

504 499 621 556 fuit
647 499 918 567 Thomas,
951 497 1024 552 de
1055 513 1171 568 quo
1217 495 1434 568 duplex
1493 497 1683 553 fertur
1741 513 1956 553 sermo.
2015 494 2156 562 Qui-

2268 501 2370 566 τῆς
2408 497 2754 561 ἀποστάσεως
2812 495 3063 573 ἔξαρχος,
3123 496 3247 574 περὶ
3314 495 3376 554 οὗ
3430 494 3590 556 διττοὶ
3639 503 3828 579 φίρονται

507 591 644 646 dam
677 590 833 643 hunc
865 587 1132 642 obscuris
1165 586 1492 658 majoribus
1525 591 1719 642 ortum
1751 593 1928 659 atque
1947 603 2162 659 paupe-

505 679 673 733 ribus
713 677 934 740 ferunt,
995 675 1187 747 iisque
1236 676 1554 746 barbaris;
1617 677 1834 748 diuque
1893 677 1954 730 in
2012 692 2162 748 pau-

505 771 733 838 pertate
764 765 997 833 vixisse,
1048 765 1268 820 victum
1321 764 1525 821 labore
1574 782 1861 822 manuum
1919 781 2161 820 suarum

503 861 838 928 parantem,
881 870 1314 925 nonnunquam
1375 855 1554 909 etiam
1616 855 1927 910 servilibus
1983 854 2160 909 mini-

509 945 727 1001 steriis.
784 943 1008 998 Deinde
1068 944 1261 1015 patria
1319 943 1527 999 relicta
1577 961 1713 1000 eum
1792 942 1997 1016 Cpolin
2057 959 2160 998 ve-

506 1035 691 1103 nisse,
747 1035 949 1105 ibique
1016 1033 1222 1089 famuli
1281 1033 1410 1090 loco
1470 1051 1505 1092 a
1560 1035 1819 1106 quodam
1875 1035 2160 1090 senatorii

509 1126 735 1182 ordinis
794 1130 1171 1196 assumptum
1231 1142 1298 1180 eo
1386 1125 1653 1180 libidinis
1733 1143 1799 1181 ac
1876 1125 2160 1180 fceditatis

510 1231 912 1288 progressum,
931 1220 996 1270 ut
1020 1215 1148 1268 heri
1181 1232 1418 1286 quoque
1437 1215 1658 1271 lectum
1686 1215 1953 1287 polluere
1981 1231 2160 1271 ausus

509 1305 658 1362 875
693 1305 894 1359 fuerit.
928 1305 1052 1368 Qua
1081 1320 1145 1358 re
1168 1303 1422 1372 detecta,
1457 1321 1590 1359 cum
1623 1305 2008 1376 ignominiam
2037 1321 2159 1360 non

504 1393 688 1446 ferret
720 1408 787 1447 ac
816 1407 1017 1464 pmnas
1067 1397 1354 1463 praeterea
1395 1393 1538 1447 talia
1567 1391 1837 1448 facinora
1867 1393 2159 1466 aggressis

507 1481 861 1536 constitutas
884 1485 1197 1550 metueret,
1223 1479 1297 1535 ad
1319 1483 1618 1553 Agarenos
1634 1481 1963 1553 perfugisse
1985 1498 1998 1535 :
2023 1482 2155 1552 qui-

501 1569 611 1625 bus
635 1586 768 1624 cum
790 1586 852 1623 se
883 1569 1026 1624 satis
1049 1569 1363 1640 probasset
1390 1569 1952 1640 continentibusque
1975 1571 2155 1625 actio-

502 1659 677 1715 nibus
737 1676 845 1730 per
902 1658 1146 1731 longum
1204 1663 1441 1730 tempus
1495 1658 1676 1714 ﬁdem
1748 1660 2161 1715 conﬁrmasset

503 1749 717 1820 (annos
740 1748 899 1802 enim
917 1751 984 1802 25
1008 1747 1166 1819 apud
1204 1765 1304 1802 eos
1359 1748 1568 1820 exegit,
1629 1755 1834 1804 sancta
1883 1749 2157 1804 Christia-

2271 587 2454 664 λόγοι,
2487 589 2560 642 ὧν
2593 589 2621 643 ὀ
2659 590 2754 662 μὲν
2789 588 2864 652 εἷς
2917 591 3187 663 ὁρμᾶσθαι
3236 585 3426 646 τοῦτόν
3475 613 3623 663 φησιν
3657 593 3700 664 ἐξ
3736 596 3830 668 ἀσή-

2275 699 2392 751 μων
2427 677 2633 755 γονὲων
2667 677 2758 734 καὶ
2799 683 3076 758 πενιχρῶν
3134 677 3225 734 καὶ
3283 680 3346 734 τὸ
3395 681 3545 754 γένος
3593 679 3832 759 βαρϐάρων,

2271 766 2359 822 ἐπὶ
2389 765 2535 821 πολὺ
2567 764 2624 822 δὲ
2654 767 2810 834 πενία
2839 771 3028 842 συζῇν,
3073 765 3162 823 διὰ
3202 775 3305 838 τῆς
3353 774 3458 824 τῶν
3505 775 3685 847 χειρῶν
3721 772 3836 850 ἐργα-

2271 856 2387 918 σίας
2417 857 2483 912 τὰ
2513 859 2647 933 πρὸς
2675 859 2737 913 τὸ
2771 862 2865 932 ζῇν
2916 857 3309 933 ποριζόμενον,
3366 857 3528 916 ἒνίοτε
3574 859 3625 915 δὲ
3663 863 3736 917 καὶ
3769 865 3838 934 θη-

2267 945 2511 1002 τεύοντα
2545 948 2665 1002 εἶτα
2718 949 2817 1017 τήν
2875 946 3196 1026 ἐνεγκοῦσαν
3258 946 3590 1006 ἀπολιπόντα
3621 951 3698 1004 καὶ
3742 953 3837 1021 πρὸς

2268 1037 2368 1106 τήν
2406 1035 2784 1116 μεγαλόπολιν
2815 1037 3017 1109 ταύτην
3076 1037 3471 1114 πεφοιτηκότα,
3511 1038 3596 1092 καί
3639 1062 3728 1095 τινι
3761 1047 3834 1096 τῶν

2269 1125 2646 1201 συγκλητικῶν
2681 1125 2756 1188 εἷς
2793 1125 3083 1202 ὑπηρεσίαν
3141 1127 3575 1205 προσληφθέντα,
3619 1126 3665 1189 ἐς
3696 1134 3836 1183 τοσοῦ-

2266 1237 2359 1274 τον
2392 1215 2686 1279 ἀκολασίας
2720 1215 3048 1288 ἐληλακέναι
3079 1217 3170 1272 καὶ
3229 1211 3438 1292 ὕϐρεως
3483 1218 3556 1282 ὡς
3605 1219 3684 1273 καὶ
3717 1219 3836 1288 αὐτὴν

2267 1305 2686 1380 κατατολμῆσαι
2768 1307 2868 1375 τὴν
2957 1304 3283 1376 δεσποτικὴν
3359 1301 3663 1381 καθυϐρίσαι
3713 1307 3836 1378 εὐνήν.

2269 1396 2374 1454 Καὶ
2406 1395 2522 1452 ἐπεὶ
2555 1395 2832 1475 ἐφωράθη,
2867 1397 2944 1470 μὴ
2989 1396 3105 1459 οἶός
3134 1417 3192 1452 τε
3238 1393 3312 1450 ὥν
3361 1395 3428 1452 τὰ
3481 1395 3651 1468 ὀνείδη
3693 1399 3840 1475 φέρειν,

2269 1482 2528 1548 δεδοικὼς
2563 1481 2621 1540 δὲ
2667 1486 2758 1540 καὶ
2801 1485 2899 1548 τὰς
2952 1486 3362 1561 ἱὲπηρτημὲνας
3411 1488 3598 1549 ποινὰς
3634 1492 3731 1550 τοῖς
3763 1493 3835 1542 τῶν

2265 1575 2530 1630 τοιούτων
2576 1573 2909 1648 τολμηταῖς,
2965 1577 3139 1653 φυγὰς
3196 1575 3332 1651 πρὸς
3386 1575 3518 1638 τοὺς
3572 1577 3839 1650 ’Δγαρηνοῦς

2265 1664 2491 1740 γίνεται·
2524 1663 2614 1720 καὶ
2669 1664 2884 1727 τούτοις
2937 1665 3122 1720 πίστιν
3182 1665 3371 1734 ἱκανήν
3439 1661 3678 1726 δεδωκὼς
3734 1660 3838 1720 ἔπιτε

2264 1758 2361 1810 τοῦ
2389 1752 2774 1825 καταλλήλαις
2806 1755 3040 1830 χρᾶσθαι
3070 1753 3291 1829 πράξεσι
3318 1755 3405 1809 καὶ
3465 1753 3524 1809 ἐκ
3571 1757 3659 1810 τοῦ
3691 1758 3840 1830 χρόνον

503 1854 718 1893 norum
738 1838 968 1910 ejurata
989 1837 1273 1909 religione
1296 1837 1724 1894 Moamedicam
1747 1839 2157 1894 detestabilem

2270 1840 2566 1919 βεϐαιῶσαι
2595 1845 2665 1900 τὰ
2695 1840 2827 1921 ἔργα
2883 1838 3021 1917 (ἔτος
3078 1843 3180 1921 γὰρ
3236 1844 3488 1918 πέμπτον
3537 1845 3622 1900 καὶ
3670 1845 3842 1899 εἰκοστὸν

501 1928 872 1999 impietatem
905 1927 1265 1999 amplexus),
1297 1927 1368 1982 ab
1401 1927 1472 1982 iis
1503 1927 1732 1984 bellicaa
1759 1928 1995 1984 cuidam
2021 1928 2160 2000 pha-

508 2016 668 2090 langi
699 2015 1048 2088 praefectum
1107 2033 1174 2071 ac
1233 2023 1440 2071 contra
1490 2016 1853 2073 Christianos
1909 2017 2160 2072 missum

505 2106 714 2172 fuisse,
748 2106 1080 2177 pollicitum
1116 2122 1178 2160 se
1208 2107 1539 2161 Romanum
1579 2107 1898 2178 imperium
1931 2106 1994 2160 in
2024 2106 2162 2162 illo-

504 2213 640 2251 rum
674 2201 1026 2268 potestatem
1060 2195 1462 2250 redacturum.
1514 2198 1594 2251 Ac
1625 2213 1698 2250 ne
1732 2195 1979 2251 Romani
2006 2195 2161 2251 frau-

506 2285 642 2340 dem
675 2285 925 2340 struenti
950 2290 1014 2339 ut
1047 2285 1396 2357 alienigenae
1417 2291 1474 2340 et
1499 2285 1791 2341 diversam
1806 2285 2158 2358 religionem

505 2374 726 2430 colenti
758 2374 934 2429 fidem
979 2390 1099 2428 non
1147 2374 1453 2442 haberent,
1517 2373 1972 2430 Constantinum
2027 2391 2156 2429 sese

503 2480 641 2520 eum
672 2463 1038 2531 nominasse,
1077 2463 1274 2518 lrenes
1318 2463 1530 2532 ﬁlium,
1583 2479 1759 2534 quem
1811 2463 1885 2518 ob
1937 2464 2156 2537 ingenii

507 2568 862 2622 morumque
890 2551 1339 2622 perversitatem
1373 2557 1431 2607 et
1454 2552 1746 2607 malitiam
1789 2557 1982 2608 mater
1998 2554 2157 2625 jam-

509 2641 742 2715 pridem
775 2639 963 2696 oculis
996 2640 1363 2712 imperioque
1395 2641 1702 2697 orbaverat
1730 2658 2009 2713 morsque
2031 2643 2158 2715 jam

512 2737 640 2787 tum
671 2730 811 2784 vivis
845 2735 1165 2785 exemerat.
1200 2731 1334 2786 Haec
1363 2731 1526 2802 prior
1555 2736 1642 2786 est
1671 2737 1730 2786 et
1784 2731 1988 2786 multis
2031 2749 2160 2788 cre-

509 2819 633 2875 dita
665 2819 950 2874 narratio.
981 2818 1099 2874 Alii
1130 2819 1290 2874 hunc
1347 2819 1630 2874 Thomam
1677 2836 1811 2876 eum
1861 2820 2162 2876 afﬁrmant

504 2910 605 2982 qui
641 2907 945 2980 quondam
977 2908 1040 2962 in
1097 2908 1324 2964 familia
1381 2908 1657 2964 Bardanii
1705 2909 1904 2976 fuerit,
1963 2926 2030 2965 ac
2086 2910 2158 2965 de

504 2999 659 3054 876
693 3014 810 3070 quo
843 2997 1175 3054 monachus
1206 2997 1546 3054 Philomelii
1577 2999 1655 3053 sit
1694 2998 2068 3066 vaticinatus,
2101 3004 2160 3055 et

509 3105 686 3162 quem
722 3089 831 3144 Leo
864 3089 1188 3159 imperator
1216 3087 1636 3144 faaderatorum
1668 3089 1895 3144 cohorti
1925 3106 2160 3161 prmpo-

510 3179 715 3235 suerit.
740 3179 884 3234 Eum
911 3193 1048 3249 ergo
1077 3179 1383 3248 Thomam,
1412 3195 1547 3233 cum
1579 3178 1958 3233 interfectum
1988 3195 2022 3233 a
2050 3179 2154 3233 Mi-

508 3268 713 3324 chaelo
739 3268 993 3322 Leonem
1033 3267 1420 3339 cognovisset,
1469 3267 1686 3339 partim
1726 3274 1790 3322 ut
1818 3267 2156 3324 benefacto-

507 3374 636 3412 rem
671 3356 1076 3424 ulcisceretur,
1096 3356 1311 3427 partim
1329 3360 1394 3411 ut
1419 3372 1590 3411 suum
1612 3355 1878 3411 animum
1902 3357 2154 3412 exsatia-

505 3451 597 3502 ret
628 3449 791 3514 (nam
831 3443 903 3500 ab
937 3443 1340 3499 adolescentia
1359 3461 1547 3514 usque
1580 3444 1634 3499 ei
1683 3461 1818 3500 cum
1869 3445 2154 3501 Michaelo

509 3534 839 3590 inimicitiae
863 3533 1368 3606 intercesserant),
1395 3534 1575 3590 simul
1598 3539 1657 3588 et
1682 3535 1956 3590 monachi
1985 3535 2158 3591 istius

508 3628 582 3684 de
615 3645 682 3684 eo
715 3625 1118 3699 praadiclionis
1149 3632 1518 3683 metuentem
1548 3628 1796 3693 exitum,
1829 3645 1996 3684 arma
2025 3645 2160 3683 con-

508 3723 600 3774 tra
622 3717 972 3772 Michaelum
990 3716 1334 3789 sumpsisse.
1359 3717 1558 3774 Primo
1583 3716 1912 3774 Orientales
1935 3718 2158 3790 copias,

513 3811 670 3883 apud
701 3827 847 3882 quas
878 3809 1147 3882 degebat,
1181 3809 1510 3880 concitavit,
1573 3810 2015 3881 exercitumque
2047 3811 2162 3865 mi-

511 3902 673 3957 nime
686 3899 987 3955 imbellem
1001 3899 1814 3972 autexiguum,sedgrandem
1827 3900 2160 3970 fortemque

511 3989 770 4061 collegit,
804 3988 1080 4043 omnibus
1111 3989 1213 4058 qui
1235 4005 1588 4059 quocunque
1620 3988 1793 4043 modo
1817 4005 1984 4044 arma
2004 3989 2158 4044 ferre

509 4085 756 4152 possent
787 4078 861 4133 ad
891 4078 1168 4133 militiam
1199 4079 1438 4134 vocatis.
1472 4079 1692 4134 Horum
1723 4079 1826 4134 alii
1871 4079 1924 4133 vi
1973 4080 2160 4135 coacti

511 4173 704 4224 castra
733 4168 967 4223 Thomaa
1000 4167 1420 4238 sequebantur,
1450 4167 1551 4222 alii
1578 4167 1993 4224 benevolentia
2025 4186 2163 4242 erga

509 4275 644 4312 cum
671 4256 1134 4325 ducti,nonnulli
1167 4273 1268 4328 spe
1291 4256 1529 4328 praadm,
1554 4257 1796 4327 quidam
1820 4258 1998 4314 etiam
2026 4259 2160 4314 odio

511 4347 573 4400 in
605 4346 976 4402 Michaelum.
1009 4347 1064 4401 Is
1096 4346 1253 4401 enim
1306 4346 1584 4401 omnibus
1637 4347 1862 4401 invisus
1915 4353 2043 4403 erat
2086 4348 2160 4402 ob

513 4452 746 4491 morum
777 4435 1246 4508 perversitatem,
1281 4441 1338 4488 et
1376 4434 1532 4506 quod
1567 4452 1628 4490 se
1689 4436 1900 4491 ducem
1953 4437 2160 4491 Athin-

512 4541 676 4598 ganaa
728 4530 901 4579 sectae
959 4523 1278 4596 praebebat,
1340 4539 1449 4578 nec
1493 4540 1613 4578 non
1669 4530 1913 4596 propter
1941 4524 2158 4598 lingua:

2270 1932 2529 2005 διηνύσθη
2572 1933 2750 2008 τούτῳ
2799 1933 2850 1988 ἐν
2899 1937 2968 2008 τῇ
3021 1935 3158 2010 πρὸς
3207 1931 3448 1997 ἐκείνους
3497 1929 3746 2008 διατριϐῇ)
3787 1934 3844 1988 καὶ

2268 2025 2328 2080 ἐκ
2355 2024 2452 2079 τοῦ
2483 2025 2582 2093 τήν
2613 2024 2758 2095 ἱερὰν
2789 2027 2898 2079 τῶν
2953 2027 3302 2100 Χριστιανῶν
3361 2024 3723 2098 ἀπομόσασθαι
3757 2025 3849 2095 θρη-

2267 2115 2447 2170 σκείαν
2481 2115 2570 2168 καὶ
2629 2117 2698 2188 τῇ
2764 2117 2862 2167 τοῦ
2904 2111 3175 2188 ἐπαράτοο
3232 2115 3600 2188 προστεθῆναι
3653 2108 3846 2186 Μωάμεδ,

2266 2201 2579 2276 πολεμικῆς
2634 2223 2778 2264 τινος
2845 2201 3120 2280 φάλαγγος
3200 2199 3584 2257 ἀποδείκνυται
3664 2201 3845 2276 ἀρχηγὸς

2265 2292 2358 2348 καὶ
2431 2292 2569 2348 κατά
2623 2295 2963 2365 Χριστιανῶν
3019 2289 3374 2365 ἐκπέμπεται,
3433 2291 3536 2360 τήν
3600 2294 3696 2346 τῶν
3755 2294 3845 2345 Ῥω-

2271 2381 2444 2456 μαίων
2481 2379 2762 2458 βασιλείαν
2800 2381 2904 2436 ὑπὸ
2954 2381 3053 2451 τήν
3108 2381 3284 2435 αὐτῶν
3341 2386 3517 2444 θεῖναι
3576 2385 3718 2455 χεῖρα
3759 2381 3844 2435 καθ·

2267 2472 2668 2547 υποσχόμενος.
2699 2471 2806 2527 Καὶ
2847 2467 2941 2525 ’ίνα
3001 2472 3076 2544 μή
3135 2491 3257 2525 τινα
3312 2470 3386 2533 ὡς
3455 2465 3750 2548 ἀλλόφυλος
3785 2469 3840 2521 καὶ

2266 2558 2602 2622 ἀλλόπιστος
2633 2557 2969 2634 ἐμποδισπὸν
3003 2553 3108 2635 ἔχῃ
3160 2558 3566 2633 ἀπιστούμενος
3619 2559 3710 2614 ὑπὸ
3749 2559 3838 2614 Ῥω·

2271 2650 2443 2722 μαίων
2491 2652 2624 2724 (69),
2682 2653 3089 2706 Κωνσταντῖνον
3147 2648 3331 2704 ἑαυτὸν
3385 2647 3709 2728 ἐπεφήμιζεν
3755 2647 3841 2702 εἶναι

2263 2741 2355 2797 τὸν
2419 2747 2519 2809 τῆς
2579 2738 2816 2814 Εἰρήνης
2883 2739 3018 2808 υἱὸν,
3073 2740 3130 2794 δν
3191 2741 3225 2808 ἡ
3289 2740 3481 2814 μήτηρ
3563 2736 3647 2794 διὰ
3696 2739 3747 2793 τὸ
3785 2757 3845 2790 και

2267 2831 2457 2885 κόνουν
2509 2828 2600 2884 καὶ
2656 2829 2718 2884 τὸ
2771 2833 2869 2882 τοῦ
2923 2828 3131 2902 τρόπου
3189 2825 3431 2883 ὕπουλον
3501 2827 3593 2883 καὶ
3645 2825 3844 2895 κακόηθες

2264 2921 2438 2975 πάλαι
2481 2919 2615 2992 μετᾶ
2641 2923 2742 2988 τῆς
2805 2915 3079 2992 βασιλείας
3139 2919 3229 2972 καὶ
3293 2921 3400 2972 τῶν
3457 2915 3738 2992 ὀφθαλμῶν
3785 2914 3846 2968 ἀτ-

2267 3008 2540 3084 εστέρησε,
2570 3011 2869 3079 τηνικαῦτα
2909 3003 2967 3061 δὲ
2997 3005 3088 3062 καὶ
3126 3005 3218 3061 τὸν
3271 3007 3390 3081 βίον
3439 3006 3696 3082 ἐτύγχανε
3734 3024 3847 3059 κατι-

2264 3099 2519 3174 στρέψας.
2558 3095 2713 3151 Καὶὸ
2771 3096 2868 3168 μὲν
2915 3099 3130 3171 πρῶτος
3185 3095 3275 3150 καὶ
3332 3092 3514 3158 πολὺς
3559 3096 3720 3155 οὕτως
3755 3091 3850 3167 ἒχειν

2267 3187 2392 3262 περὶ
2455 3189 2553 3256 τῆς
2618 3185 2878 3256 τοιαύτης
2948 3184 3252 3248 ὑποθέσεως
3335 3184 3647 3241 πιστεύεται
3722 3181 3848 3255 λόγος·

2269 3276 2463 3352 ἅτερος
2517 3273 2574 3330 δὲ
2625 3279 2817 3330 τοῦτον
2885 3273 3021 3329 εἷναί
3081 3295 3214 3350 φησι
3270 3275 3363 3330 τὸν
3423 3278 3623 3349 Θωμᾶν
3692 3272 3766 3328 τὸν
3800 3272 3850 3340 τῷ

2264 3363 2552 3440 Βαρδανίῳ
2583 3363 2752 3420 πάλαι
2788 3363 3040 3434 συνόντα,
3091 3363 3216 3436 περὶ
3268 3363 3330 3419 οὗ
3378 3363 3474 3418 καὶ
3505 3365 3535 3418 ὁ
3560 3362 3611 3418 ἐν
3639 3367 3710 3434 τῷ
3734 3358 3850 3416 Φιλο-

2267 3454 2440 3528 μιλίῳ
2477 3453 2720 3532 μοναχὸς
2747 3453 2846 3522 τὴν
2887 3449 3187 3528 πρόρῥησιν
3242 3448 3607 3531 ἀπεφοίϐασε,
3653 3452 3729 3525 [Ρ.
3760 3448 3848 3519 500]

2263 3544 2534 3618 παράτοῦ
2567 3541 2836 3618 βασιλέως
2892 3539 2949 3596 δὲ
3016 3541 3246 3602 Λέοντος
3305 3539 3613 3616 ἀναχθέντα
3673 3539 3737 3599 εἰς
3781 3537 3847 3603 τήν

2263 3631 2442 3708 ἀρχὴν
2471 3635 2568 3686 τοῦ
2598 3635 2702 3685 τῶν
2762 3625 3096 3706 φοιδεράτων
3149 3629 3454 3703 τάγματος.
3508 3631 3605 3692 ’ος
3650 3626 3749 3682 ἐπεὶ
3782 3644 3848 3699 με·

2269 3721 2502 3796 μιθήκοι
2568 3719 2658 3773 τὸν
2723 3717 2923 3773 Λέοντα
2979 3717 3081 3772 ὑπὸ
3135 3720 3232 3771 τοῦ
3281 3718 3522 3792 Μιχαὴλ
3599 3717 3850 3791 ἀνῃρῆσθαι,

2266 3807 2493 3864 ἐκδικῶν
2544 3809 2689 3886 τάχα
2743 3807 2835 3862 τὸν
2895 3805 3205 3882 εὐεργέτην,
3266 3806 3407 3878 ὁμοῦ
3478 3805 3537 3861 δὲ
3599 3805 3684 3860 καὶ
3732 3801 3852 3873 θδμδν

2259 3896 2403 3954 ’ίδιον
2463 3897 2742 3971 ἐμπιπλὰς
2798 3894 3086 3973 (ἐτύγχανε⁹
3139 3895 3243 3969 γὰρ
3295 3898 3416 3955 πῶς
3487 3893 3541 3966 ἐξ
3601 3893 3852 3964 ἡλικιωτῶν

2267 3985 2654 4062 διαφερόμενος
2711 3985 2846 4060 πρὸς
2904 3985 2996 4039 τὸν
3056 3982 3338 4056 Μιχαὴλ),
3393 3981 3514 4056 ἃμα
3570 3980 3627 4038 δὶ
3676 3980 3752 4036 καὶ
3795 3979 3856 4037 τὰς

2265 4077 2390 4150 περὶ
2421 4074 2586 4130 αὐτοῦ
2615 4078 2712 4129 τοῦ
2739 4074 2790 4129 ἐν
2818 4077 2897 4145 τῷ
2928 4070 3255 4145 Φιλομιλίῳ
3287 4076 3543 4148 μοναχοῦ
3587 4069 3855 4146 προῤῥιςσεις

2267 4160 2628 4241 φοϐούμενος,
2669 4168 2831 4242 χεῖρα
2883 4160 3120 4218 ἐναντίαν
3176 4166 3337 4231 κινεῖ,
3389 4165 3492 4216 τοῦ
3550 4164 3654 4217 τῶν
3706 4159 3852 4214 ἀνατο-

2267 4238 2436 4310 λικῶν
2493 4238 2786 4329 ἀρξάμενος
2843 4250 3099 4324 θὲματος,
3159 4251 3267 4320 ὅπη
3329 4246 3397 4318 δὴ
3477 4250 3573 4305 καὶ
3657 4238 3854 4320 διέτριϐε.

2265 4343 2495 4417 ’ύύναμιν
2531 4343 2630 4398 οὐκ
2659 4343 2850 4419 ἀγεννῆ
2881 4362 3002 4397 τινα
3060 4341 3151 4395 καὶ
3214 4339 3429 4415 μικρὰν,
3489 4339 3637 4396 ἀλλὰ
3690 4341 3853 4413 βαρεῖαν

2265 4433 2354 4489 καὶ
2387 4429 2635 4508 ἀνδρώδη
2670 4429 3052 4505 συνηθρωκὼς,
3087 4430 3257 4484 πάντα
3287 4429 3378 4484 τὸν
3437 4427 3611 4484 ὅπλον
3658 4429 3714 4484 τὸ
3755 4426 3855 4480 οἱον-

2268 4528 2360 4577 οὒν
2393 4526 2560 4577 κινεῖν
2621 4518 2921 4594 δυνάμενον
2990 4515 3207 4574 ἕπεσθαί
3249 4520 3301 4572 οἱ
3352 4517 3766 4594 καταναγκάσας,
3817 4511 3853 4565 δν

510 4597 839 4668 balbutiem
871 4619 929 4668 et
960 4612 1293 4666 mollitiem.
1329 4613 1472 4668 Nam
1502 4613 1756 4668 Thomas
1807 4597 2051 4670 tametsi,
2072 4615 2158 4669 al-

2271 4614 2366 4686 μὲν
2400 4612 2516 4687 βίᾳ,
2548 4609 2607 4666 ὃν
2640 4607 2697 4665 δὲ
2726 4609 2886 4684 φιλίᾳ
2913 4611 2982 4683 τῇ
3012 4608 3148 4684 πρὸς
3183 4607 3364 4678 αὐτὸν,
3395 4608 3457 4663 ’ὸν
3491 4605 3551 4663 δὲ
3581 4609 3668 4663 καὶ
3722 4597 3855 4662 ἐλπίδι

509 4709 706 4757 terum
729 4701 940 4773 pedem
969 4701 1226 4756 habebat
1242 4701 1518 4757 mutilum
1545 4719 1610 4757 ac
1633 4719 1849 4774 genere
1870 4703 2158 4759 barbarus

508 4795 653 4858 erat,
680 4797 878 4845 tamen
899 4789 972 4844 ob
997 4790 1274 4845 canitiem
1294 4790 1839 4858 venerabilis,aditu
1863 4799 1920 4847 et
1940 4794 2000 4847 in
2019 4811 2157 4848 con-

508 4897 716 4955 gressu
740 4878 933 4935 facilis
958 4885 1134 4950 atque
1167 4880 1516 4950 civilis,quaa
1537 4880 1875 4951 gratissima
1896 4884 2162 4938 suntmi-

509 4972 670 5027 litari
700 4969 1292 5040 multitudini,neque
1315 4985 1614 5040 quoquam
1640 4971 1903 5042 corporis
1927 4971 2161 5028 fortitu-

511 5063 650 5118 dine
672 5060 966 5134 posterior
987 5059 1334 5114 habebatur.
1354 5059 1408 5112 Is
1433 5074 1569 5130 ergo
1591 5059 1831 5116 Oriente
1854 5067 2162 5133 occupato,

2267 4698 2571 4777 διαρπαγῆς
2605 4698 2881 4777 λαφύρων,
2915 4697 2972 4752 ὅν
3007 4695 3064 4751 δέ
3094 4697 3182 4751 καὶ
3222 4701 3300 4769 τῷ
3345 4696 3482 4772 πρὸς
3533 4697 3626 4752 τὸν
3674 4687 3851 4768 Μιχαὴλ

2271 4787 2731 4865 μίσειοέτύγχανε
2768 4787 2872 4862 γὰρ
2931 4785 3088 4848 οὗτος
3146 4786 3248 4841 ὑπὸ
3305 4786 3521 4841 πάντων
3581 4783 3668 4840 διὰ
3717 4799 3853 4838 σκαιο-

2266 4877 2498 4953 τροπίαν
2533 4875 2885 4952 μισούμενος,
2935 4876 3021 4931 καὶ
3083 4872 3174 4929 διὰ
3226 4874 3290 4929 τὸ
3343 4880 3443 4944 τῆς
3499 4880 3610 4930 τῶν
3667 4869 3857 4944 Ἀθιγγάο

2268 4989 2377 5023 νων
2406 4968 2679 5038 θιασώτην
2711 4966 2844 5021 εἶναι
2876 4963 3158 5039 αἱρέσεως,
3188 4962 3278 5018 καὶ
3310 4959 3401 5018 διὰ
3427 4963 3527 5032 τὴν
3585 4969 3681 5033 τῆς
3724 4958 3856 5036 γλώτ-

2268 5079 2369 5130 της
2419 5049 2787 5134 τραυλότητα,
2837 5056 2927 5110 καὶ
2987 5051 3058 5108 δι’
3121 5050 3402 5128 ἀνανδρίαν
3481 5055 3575 5108 καὶ
3645 5049 3856 5126 μαλακίαν

1727 5159 2086 5214 XYLANDBI
2123 5160 2210 5214 ET
2248 5159 2466 5215 GOARI
2503 5158 2725 5213 NOTAE.

579 5257 691 5329 (69)
725 5257 912 5329 Verba
935 5254 1222 5329 fraudem
1270 5255 1517 5329 struenti
1555 5256 1622 5329 in
1664 5256 2155 5329 interpretatione

509 5329 580 5384 de
612 5326 744 5383 meo
775 5327 974 5384 addidi
1031 5326 1451 5382 connectendae
1505 5327 1768 5383 historias
1817 5326 2016 5385 causa.
2071 5329 2155 5384 Vi-

508 5401 684 5455 detur
712 5399 891 5463 enim,
922 5399 969 5453 si
1004 5397 1178 5453 modo
1211 5399 1361 5453 nihil
1393 5398 1611 5454 excidit
1648 5405 1705 5453 et
1751 5402 2008 5457 narratio
2062 5402 2152 5457 in-

510 5478 675 5541 tegra
707 5474 818 5540 est,
847 5470 1097 5524 Thomas
1129 5471 1240 5524 hoc
1273 5470 1486 5540 egisse,
1519 5471 1577 5525 ui
1609 5487 1644 5526 a
1685 5473 1960 5528 Romanis
1992 5489 2154 5528 sum-

510 5559 622 5597 mae
651 5555 850 5596 rerum
876 5542 1186 5610 praefectus
1211 5542 1504 5596 exercitus
1525 5559 1730 5598 eorum
1757 5550 1859 5600 aut
1886 5545 2066 5600 urbes
2096 5548 2155 5599 et

508 5612 842 5687 provincias
860 5614 1145 5687 ‘Agareniis
1174 5612 1468 5687 proderet.
1499 5614 1638 5687 XvL,
1657 5645 1727 5687 7-
1746 5616 1916 5671 Falso
1935 5616 2156 5687 Xylan-

513 5681 639 5753 der,
675 5681 1072 5752 imperiumque
1099 5681 1397 5739 Romanum
1429 5684 1582 5754 ipsis,
1619 5683 1680 5738 id
1709 5690 1818 5756 est,
1849 5681 2154 5761 Agafenis,

2264 5258 2658 5329 subjecturum.
2694 5253 2918 5320 Quibus
2949 5250 3420 5329 enim_deinceps
3466 5254 3755 5329 Romanus
3779 5248 3855 5325 ini—

2260 5323 2516 5401 peraret,
2549 5331 2653 5401 aut
2681 5343 2797 5401 quo
2854 5323 3196 5401 commodo_
3226 5323 3437 5378 ductus
3473 5340 3546 5401 se
3605 5323 3856 5401 saracepis

2263 5392 2630 5472 subjiceret?
2658 5392 2871 5472 Verius
2893 5393 3327 5468 reponendum,
3361 5398 3491 5472 post
3522 5394 3774 5466 proditos
3788 5392 3857 5446 Sa-

2261 5469 2493 5527 racenis
2518 5473 2815 5526 Romanos
2841 5469 2991 5524 lines
3013 5473 3332 5539 tyrannum
3357 5469 3752 5539 Saracenorum
3767 5475 3857 5533 pre

2259 5546 2444 5613 prium
2484 5544 2867 5612 principatum
2919 5538 3053 5610 ipsis
3096 5538 3429 5613 solummodo
3474 5539 3763 5613 subjectgm
3800 5547 3856 5585 re-

2263 5609 2521 5671 licturum
2544 5609 2880 5684 promisisse,
2912 5609 2988 5668 ne
3011 5626 3192 5684 quam
3219 5609 3284 5665 in
3301 5615 3609 5682 posterum
3638 5624 3672 5664 a
3691 5610 3853 5663 Roma-

2261 5685 2356 5744 nis
2389 5681 2725 5742 molestiam
2755 5681 3125 5757 paterentur.
3154 5681 3331 5737 ϐολαὶ
