4108 6300
319 379 441 440 961

1474 380 2013 447 HISTORIABUM
2061 380 2592 444 COMPENDIUM

3611 394 3732 454 962

313 509 756 586 συμπεισθέντων
831 511 980 584 αύτῷ
1071 514 1539 589 συστρατεύεσθαι.
1618 516 1682 574 Ὁ
1767 517 1964 588 Θωμᾶς

2082 513 2451 586 publicorum
2483 515 2836 574 tributorum
2866 518 3240 575 exactoribus
3271 519 3332 576 in
3364 537 3530 578 suam
3561 526 3732 584 reda-

319 603 431 678 γὰρ
460 600 514 657 εἷ’
534 600 625 656 καὶ
664 601 757 657 τὸν
783 600 971 678 ἓτερον
1021 607 1129 659 τῶν
1182 601 1366 661 ποδῶν
1427 605 1548 680 εἶχε
1577 605 1978 680 πεπηρωμένον

317 693 416 748 καὶ
456 693 518 747 τὸ
565 692 718 766 γένος
772 686 1048 767 βάρϐαρος
1081 692 1167 762 ἢν,
1199 693 1326 750 ἀλλ’
1356 692 1449 750 οὖν
1489 698 1558 769 τῇ
1589 715 1652 772 γε
1681 693 1852 766 πολιᾷ
1890 694 1976 749 αἶ-

318 777 555 854 δέσιμος
613 778 906 856 ἐτύγχανεν
995 778 1068 836 ὥν
1151 782 1240 836 καὶ
1300 783 1364 838 τὸ
1422 784 1832 859 εὐπροσήγορον
1886 782 1976 838 καὶ

315 870 535 926 ἀστεῖον
569 871 736 948 εἶχεν,
770 869 903 944 ἅπερ
945 869 1100 943 φιλεῖ
1156 872 1184 926 6
1243 871 1581 948 στρατιώτης
1635 871 1790 940 λαὸς,
1831 871 1978 928 ἀλλὰ

321 961 415 1015 καὶ
446 959 715 1014 τῶνκατὰ
771 960 1123 1035 γενναιότητα
1183 961 1438 1034 σώματος
1494 962 1557 1016 οῦ
1615 981 1763 1023 τινος
1821 959 1976 1039 ἐφαί-

319 1069 444 1104 νετο
475 1046 741 1120 δεύτερος.
775 1047 944 1110 Οὗτος
972 1049 1150 1104 τοίνυν
1184 1050 1213 1104 6
1254 1056 1454 1123 θωμᾶς
1511 1054 1681 1105 πᾶσαν
1731 1052 1830 1118 τήν
1861 1050 1974 1104 Ἕω

320 1131 684 1212 παραλαϐὼν,
713 1137 962 1199 καὶτοὺς
1020 1142 1129 1193 τῶν
1189 1135 1475 1213 δημοσίων
1533 1139 1839 1215 πράκτορας
1871 1138 1976 1218 φὰ-

326 1247 437 1303 ρων
517 1227 604 1304 ὑφ’
670 1227 859 1282 ἑαυτὸν
919 1229 1310 1303 ποιησάμενος,
1369 1229 1459 1284 καὶ
1519 1227 1970 1308 μεγαλοφροσύνῃ

319 1316 414 1372 καὶ
474 1314 714 1371 ἐπιδόσει
783 1315 921 1392 ἄκρᾳ
975 1317 1354 1394 χρησάμενος,
1419 1317 1598 1379 πολὺς
1655 1316 1714 1372 ἐκ
1773 1321 1972 1391 μικροῦ

316 1407 510 1482 γέγονε
557 1405 648 1460 καὶ
707 1405 757 1475 ἐξ
816 1405 1070 1468 ἀσθενοῦς
1125 1405 1352 1482 ἰσχυρός
1403 1407 1530 1470 τοὺς
1591 1409 1684 1481 μὲν
1742 1407 1843 1481 γὰρ
1874 1407 1974 1480 ἦγε

317 1495 503 1550 πειθοῖ
530 1495 620 1548 καὶ
651 1493 832 1571 φιλία,
893 1494 1118 1558 ὁπόσοις
1150 1496 1178 1551 6
1208 1500 1319 1551 τῶν
1375 1500 1572 1551 καινῶν
1629 1495 1973 1570 πραημάτων

315 1583 408 1638 καὶ
437 1589 534 1640 τοῦ
566 1583 961 1663 φιλοπλουτεῖν
987 1583 1128 1660 ἔρως
1162 1585 1307 1656 ἐνῆν;
1357 1585 1486 1648 τοὺς
1545 1583 1601 1640 δὲ
1647 1585 1852 1662 ἀνάγκᾳ
1881 1583 1970 1639 καὶ

319 1673 418 1750 βίᾳ
448 1673 708 1749 ὒπήγετο,
764 1673 915 1735 ὅσοις
971 1671 1036 1743 δὴ
1100 1674 1169 1730 τὰ
1223 1679 1332 1730 τῶν
1391 1673 1678 1751 ἐμφυλίων
1734 1675 1968 1728 στάσεων

319 1761 460 1817 κατᾶ
514 1760 776 1835 ἐμισεῖτο.
829 1763 1102 1826 Ἐντεῦθεν
1154 1763 1205 1817 οἱ
1236 1763 1500 1843 ἐμφύλιοι
1557 1763 1973 1838 ἀναῤῥηγνύμε-

321 1872 409 1906 νοι
442 1851 704 1924 πόλεμοι,
760 1851 850 1906 καὶ
910 1852 1026 1906 οἶόν
1092 1873 1236 1914 τινες
1294 1858 1546 1926 ποταμοῦ
1605 1852 1968 1929 καταρράκται

328 1915 650 2018 φερόμενοι,
689 1915 798 2014 δύχ
848 1937 1058 2009 ὕδασιν,
1125 1939 1254 1997 ἀλλ’
1311 1915 1501 2015 αἵμασι
1557 1944 1658 2011 τὴν
1713 1915 1814 2017 γέν
1843 1915 2052 1995 κατ-Β

330 2028 583 2098 έκλυζον.
631 2035 777 2083 Πᾶσα
811 2029 905 2102 μὲν
941 2028 1035 2083 οῦν
1066 2032 1101 2099 ἡ
1127 2030 1278 2086 Ἀσία
1329 2029 1676 2105 πορθουμένη
1725 2029 1814 2085 καὶ
1849 2029 1980 2100 ληϊ-

337 2119 544 2191 ζομένη
579 2116 928 2188 ἐδυσθανάτα,
984 2122 1094 2174 τῶν
1163 2119 1215 2174 έν
1271 2117 1408 2193 αὐτῇ
1467 2117 1685 2174 πόλεων
1738 2122 1845 2174 τῶν
1888 2119 1982 2192 μὲν

338 2208 774 2280 προστιθεμένων
806 2211 887 2279 τῷ
915 2212 1088 2282 Θωμᾷ
1126 2205 1215 2263 διὰ
1245 2209 1339 2263 τὸν
1399 2203 1591 2287 φόϐον,
1640 2212 1750 2263 τῶν
1783 2204 1829 2263 δ’
1861 2206 1980 2262 ὅσαι

340 2297 410 2352 τὰ
433 2297 593 2352 πιστὰ
625 2301 703 2368 τῷ
756 2301 1044 2372 κρατοῦντι
1101 2296 1328 2371 ἐτήρουν
1375 2295 1835 2371 λεηλατουμένων
1891 2297 1981 2351 καὶ

335 2381 905 2460 ἆνδραποδιζομένων.
966 2385 1069 2442 Καὶ
1124 2385 1192 2441 τὰ
1253 2386 1347 2460 μὲν
1403 2393 1504 2455 τῆς
1557 2385 1742 2448 Ἀσίας
1773 2381 1984 2442 ἅπαντα

334 2473 554 2545 ὑπήκοα
581 2473 773 2550 γέγονε
801 2478 884 2547 τῷ
913 2475 1213 2549 ἀποστάτῃ,
1266 2473 1604 2550 ἒξῃρημένου
1659 2478 1757 2531 τοῦ
1814 2472 1984 2549 θέμα-

327 2583 425 2626 τος
454 2567 549 2618 τοῦ
580 2563 832 2637 Ὀψικίου
865 2563 1080 2639 (τούτου
1106 2565 1209 2641 γὰρ
1233 2568 1552 2640 στρατηγῶν
1596 2565 1624 2620 6
1658 2562 1981 2634 Κατάκηλας

331 2649 652 2726 διετήρησεν
696 2653 826 2727 ἄχρι
863 2650 1062 2715 τέλους
1093 2657 1172 2726 τῷ
1235 2651 1453 2728 βασιλεῖ
1504 2650 1762 2727 εὔνοιαν),
1817 2652 1896 2708 ἔτι
1927 2651 1986 2708 δὲ

326 2741 423 2795 καὶ
455 2745 551 2797 τοῦ
580 2746 692 2796 τῶν
725 2742 1117 2816 ’Λρμενιακῶψ
1165 2742 1256 2797 καὶ
1297 2743 1493 2798 τούτου
1548 2743 1652 2816 γὰρ
1685 2743 1987 2817 στρατηγὸς

330 2827 406 2884 ὢν
441 2830 469 2884 6
501 2826 794 2892 Ὀλϐιανὸς
825 2828 1037 2884 εὕνοιαν
1070 2828 1304 2905 ἐτήρησε
1333 2834 1412 2902 τῷ
1458 2829 1692 2905 βασιλεῖ.
1742 2831 1989 2891 Οἶστισιν

330 2916 625 2992 ἀπονέμων
687 2913 922 2992 ἀμοιϐὰς
971 2919 999 2973 6
1045 2917 1395 2993 βασιλεὺςτό
1451 2917 1529 2982 είς
1581 2918 1644 2972 τὸ
1706 2917 1989 2993 βασιλικὸν

335 3015 588 3084 ταμιεῖον
645 3010 999 3086 εἰσαγόμενον
1057 3008 1326 3083 δημόσιον
1383 3008 1583 3079 τέλος,
1643 3009 1672 3063 ’ὀ
1728 3009 1990 3064 καπνικὸν

338 3096 527 3154 καλεῖν
581 3097 829 3154 εἷ’ώθασιν
864 3146 880 3171 ,
939 3096 1294 3175 ἐδωρήσατο.
1358 3101 1700 3156 Μανθάνουσι
1758 3096 1816 3154 δὲ
1869 3103 1987 3162 τοῖς

344 3188 664 3264 Ἀγαρηνοῖς
691 3189 791 3258 τήν
850 3186 1120 3267 ἐμφύλιον
1187 3187 1370 3243 στάσιν
1429 3188 1647 3266 χαῖρειν
1707 3186 1864 3262 ἐπῂει
1895 3189 1984 3243 καὶ

340 3281 560 3352 σκιρτᾷν
597 3297 610 3311 ⁸
670 3282 864 3352 καιροῦ
915 3278 1016 3352 γὰρ
1077 3272 1377 3352 λαϐόμενοι
1435 3282 1606 3332 πᾶσαν
1665 3282 1830 3345 νῆσον
1885 3275 1974 3331 καὶ

331 3367 525 3446 χώραν
554 3366 881 3442 κατέτρεχον
910 3364 1102 3429 ἀδεὼς.
1155 3369 1242 3440 [Ρ.
1302 3369 1426 3440 501]
1461 3365 1649 3429 Δείσας
1682 3364 1773 3421 οῦν
1803 3367 1832 3420 6
1862 3373 1978 3422 Θω-

337 3463 441 3532 μᾶς
471 3460 543 3522 ὡς
579 3461 654 3532 μή
705 3461 1027 3530 πτοηθέντες
1085 3460 1137 3514 οἱ
1169 3458 1263 3514 σὺν
1315 3459 1466 3532 αύτῷ
1523 3463 1847 3534 στρατιῶται
1879 3460 1980 3529 τήν

325 3552 435 3602 τῶν
461 3549 772 3624 Ἀγαρηνῶν
816 3545 1032 3626 ἔφοδον,
1067 3547 1237 3619 λείαν,
1301 3547 1376 3610 ὠς
1437 3544 1672 3622 εἷ’ρησαι,
1712 3547 1977 3622 ποιουμέ-

328 3658 436 3691 νων
497 3638 671 3692 πάντα
726 3638 794 3692 τὰ
847 3636 899 3691 έν
955 3637 1085 3691 ποσὶ
1170 3636 1261 3690 καὶ
1330 3634 1854 3710 αἰχμαλωτιζόντων
1911 3638 1978 3692 τὰ

325 3726 740 3802 προστυχόντα,
788 3725 1177 3788 καταλιπόντες
1236 3727 1401 3781 αὑτὸν
1461 3725 1803 3802 οἶχῆσονται,
1858 3724 1976 3782 δέον

327 3813 550 3891 ἐγνώκει
578 3814 714 3877 τέως
745 3815 1093 3891 ἀναχαιτίσαι
1149 3816 1249 3884 τήν
1303 3816 1482 3871 αὑτῶν
1524 3816 1704 3890 ὁρμὴν
1736 3813 1805 3870 δι’
1853 3814 1973 3872 ἐπι-

329 3904 547 3980 φανείας
596 3903 782 3974 αύτοῦ,
831 3905 922 3959 καὶ
953 3910 1032 3978 τῷ
1078 3903 1284 3975 πλήθει
1329 3907 1436 3960 τῶν
1496 3905 1776 3976 ἑπομένων
1811 3903 1975 3959 δυνά-

332 4015 477 4065 μεων
518 3993 786 4064 ἐκπλῆξαί
840 4016 899 4050 τε
953 3995 1209 4070 καὶπρὸς
1272 3995 1496 4070 εἶ’ρήνην
1557 3995 1754 4058 αὐτοὺς
1813 3995 1968 4051 ἐκκα-

329 4079 603 4136 λέσασθαι.
634 4082 702 4139 Ὀ
741 4083 830 4136 καὶ
889 4079 1104 4153 συνέϐηο
1147 4085 1265 4157 ἄρτι
1325 4085 1430 4161 γὰρ
1489 4090 1604 4145 τοῖς
1638 4089 1971 4158 Σαρακηνοῖς

324 4170 424 4237 τὴν
457 4169 570 4226 Ἕω
629 4170 980 4244 ληϊζομένοις
1037 4169 1308 4250 αἰφνίδιος
1364 4172 1640 4249 ἐπιφανεὶς
1688 4170 1966 4243 ἐξέπληξε,

322 4256 412 4312 καὶ
442 4257 519 4320 εἴς
551 4257 752 4332 λόγους
810 4257 981 4314 ἐλθὼν
1041 4259 1341 4330 ἐσπείσατο,
1404 4260 1780 4336 ὑποσχόμενος
1822 4279 1971 4335 προ-

322 4343 504 4402 δοῦναι
533 4345 751 4409 τούτοις
805 4347 872 4403 τὰ
927 4347 1213 4421 Ῥωμαίων
1273 4347 1417 4422 ὅρια,
1476 4349 1566 4404 καὶ
1633 4349 1732 4416 τήν
1790 4347 1967 4404 αὐτῶν

319 4432 504 4497 αὐτοῖς
538 4436 853 4512 ὑποχείριον
888 4433 1070 4492 θέσθαι
1115 4437 1314 4513 ἀρχήν.
1388 4435 1721 4513 Ἀπαλαγεὶς
1769 4433 1826 4492 δὲ
1869 4441 1968 4493 τοῦ

315 4523 423 4579 ἀπὸ
454 4524 667 4581 τὸύτων
699 4523 835 4587 δέως
879 4525 1107 4600 βασιλέα
1168 4525 1355 4582 ἑαυτὸν
1415 4527 1600 4581 ἀνεῖπε
1656 4527 1746 4580 καὶ
1779 4522 1970 4596 διάδη-

2084 603 2194 658 ctis
2223 608 2594 673 potestatem,
2620 606 2803 661 animi
2834 609 3244 680 magnitudine
3274 609 3424 666 877
3461 618 3519 668 et
3549 616 3730 672 rebus

2085 691 2532 747 secundissimis
2565 711 2729 763 usus,
2763 713 3012 770 magnus
3058 699 3130 753 de
3178 716 3356 770 parvo
3375 701 3566 774 deque
3616 705 3731 762 im-

2082 780 2293 838 becillo
2327 787 2538 854 potens
2569 783 2758 842 factus
2785 793 2893 854 est,
2925 787 3072 843 alios
3113 789 3309 846 favore
3365 791 3477 847 sibi
3511 799 3568 849 et
3595 813 3732 867 per-

2085 870 2388 927 suadendo
2411 871 2760 944 adjungens,
2785 892 2932 945 quos
2949 893 3148 932 rerum
3171 895 3455 936 novarum
3475 888 3532 936 et
3553 901 3730 956 opum

2085 960 2377 1030 cupiditas
2418 961 2470 1016 ei
2499 961 2872 1026 conciliabat,
2907 964 3053 1020 alios
3082 966 3133 1019 vi
3167 967 3462 1039 subigens,
3513 973 3731 1042 quibus

2081 1048 2344 1104 civilium
2376 1049 2667 1104 bellorum
2698 1049 2856 1106 mala
2882 1068 3060 1107 exosa
3099 1061 3288 1110 erant.
3322 1059 3400 1112 Eo
3449 1059 3620 1115 initio
3651 1063 3731 1116 ci-

2081 1135 2222 1191 vilia
2270 1137 2426 1192 bella
2459 1154 2706 1209 erupere
2761 1144 2818 1193 et
2848 1141 3015 1209 quasi
3077 1142 3342 1198 ﬂuminis
3401 1149 3736 1218 praacipites

2081 1225 2366 1282 decursus
2395 1228 2651 1295 ruentia,
2677 1245 2796 1284 non
2856 1246 3010 1301 aqua
3068 1231 3172 1286 sed
3229 1235 3517 1305 sanguine
3549 1240 3738 1294 terras

2080 1315 2538 1372 inundaverunt.
2572 1319 2714 1373 Tota
2739 1319 2878 1375 Asia
2908 1320 3338 1377 vastationibus
3381 1339 3449 1378 ac
3505 1324 3736 1396 depres-

2081 1403 2417 1461 dationibus
2436 1407 2652 1462 misere
2665 1407 3314 1480 afﬂigebatur,urbibus
3335 1411 3466 1466 aliis
3488 1413 3575 1468 Th
3587 1431 3738 1470 omaa

2080 1511 2142 1549 se
2178 1494 2252 1550 ob
2284 1502 2510 1552 metum
2542 1497 3026 1570 adjungeutibus,
3060 1499 3195 1554 aliis
3227 1501 3387 1571 quod
3419 1501 3598 1558 ﬁdem
3624 1503 3734 1559 im-

2082 1585 2342 1655 peratori
2403 1589 2708 1641 servarent
2757 1586 3003 1658 direptis
3035 1593 3212 1658 atque
3269 1589 3332 1643 in
3388 1591 3733 1646 servitutem

2081 1673 2251 1728 actis.
2285 1674 2512 1728 Potitus
2545 1680 2636 1728 est
2673 1679 2883 1730 auctor
2929 1675 3270 1732 rebellionis
3299 1683 3425 1733 tota
3449 1681 3607 1749 Asia,
3643 1699 3736 1736 so-

2079 1761 2152 1822 lis
2183 1762 2516 1833 Opsicianis
2549 1768 2607 1818 et
2635 1764 3006 1820 Armeniacis
3047 1765 3323 1838 demptis,
3356 1784 3609 1837 quorum
3640 1770 3734 1825 his

2078 1849 2381 1919 Olbianus,
2411 1851 2531 1906 illis
2559 1853 2858 1908 Catacelas
2888 1854 3148 1924 praefecti
3177 1856 3251 1910 ad
3281 1861 3610 1913 extremum
3643 1876 3736 1914 us-

2085 1955 2198 2008 que
2237 1939 2298 1993 in
2355 1939 2469 1994 {ide
2499 1939 2876 2012 imperatoris
2912 1951 3450 2013 perseveraverunt.
3474 1945 3733 2018 Ideoque

2085 2028 2407 2100 imperator
2435 2029 2760 2086 referendas
2789 2033 2990 2104 gratias
3015 2049 3190 2088 causa
3219 2034 3519 2104 publicum
3552 2038 3728 2092 vecti-

2086 2121 2201 2192 gal,
2236 2122 2394 2192 quod
2423 2122 2765 2178 Fumarium
2792 2124 3010 2179 dicitur
3039 2131 3097 2181 et
3125 2125 3185 2180 in
3219 2127 3495 2183 aerarium
3526 2129 3738 2199 princi-

2086 2210 2178 2280 pis
2205 2211 2411 2265 inferri
2445 2210 2692 2279 solebat,
2728 2214 2798 2267 iis
2830 2214 2984 2268 dono
3002 2214 3184 2269 dedit.
3205 2216 3448 2271 Interim
3483 2218 3736 2288 Agareni

2087 2297 2242 2354 bello
2274 2300 2430 2354 civili
2474 2303 2875 2357 Romanorum
2907 2303 3137 2374 cognito
3169 2305 3383 2377 gaudio
3417 2307 3733 2373 exsultare,

2088 2404 2338 2460 eamque
2372 2392 2742 2446 occasionem
2775 2408 2943 2447 suam
2972 2393 3188 2458 facere,
3213 2398 3272 2448 et
3302 2411 3512 2449 omnes
3543 2397 3738 2467 regio-

2087 2495 2194 2533 nes
2226 2494 2431 2534 secure
2473 2480 2916 2536 incursionibus
2947 2481 3248 2549 infestare,
3288 2482 3456 2538 obvia
3487 2501 3736 2555 quaeque

2087 2565 2418 2641 depraadari
2450 2575 2507 2624 et
2539 2585 2767 2641 capere.
2793 2571 3000 2642 Itaque
3031 2576 3308 2627 metuens
3329 2573 3582 2628 Thomas
3603 2590 3676 2628 ne
3705 2591 3737 2629 a

2056 2667 2058 2670 '
2090 2659 2212 2714 suis
2242 2665 2406 2715 metu
2431 2659 2690 2731 impetus
2723 2663 3126 2733 Agarenorum
3155 2662 3375 2717 territis
3407 2663 3734 2727 deseretur,

2088 2747 2412 2819 reprimere
2443 2766 2566 2819 eos,
2597 2749 2790 2821 iisque
2821 2767 2956 2806 cum
2996 2750 3148 2806 878
3183 2751 3365 2806 tantis
3398 2753 3521 2806 suis
3553 2754 3738 2824 copiis

2092 2837 2564 2908 snperveniendo
2588 2843 2810 2894 terrere
2832 2839 3024 2910 adque
3049 2856 3255 2910 pacem
3279 2841 3742 2912 componendam

2091 2926 2326 2998 adigere
2358 2926 2633 2982 intendit.
2666 2929 2858 2997 Atque
2914 2928 2974 2981 id
3026 2929 3343 2983 consilium
3399 2931 3686 2985 successit
3722 2949 3734 2985 :

2092 3013 2285 3068 subito
2335 3014 2494 3069 enim
2529 3016 2950 3087 superveniens
2979 3017 3265 3089 Agarenis
3295 3018 3594 3073 Orientem
3629 3037 3730 3090 po-

2089 3103 2436 3175 pulantibus
2458 3120 2559 3159 eos
2582 3105 2812 3171 terruit,
2845 3105 3164 3176 habitoque
3196 3106 3494 3178 colloquio
3525 3125 3730 3179 pacem

2093 3192 2644 3264 pepigit,pollicitus
2669 3211 2731 3249 se
2756 3194 2904 3249 ﬁnes
2919 3196 3315 3250 Romanorum
3337 3196 3481 3267 ipsis
3503 3196 3734 3268 subjec-

2017 3265 2060 3332 C
2094 3283 2420 3339 taditurum
2453 3283 2891 3356 imperiumque
2915 3287 3245 3340 Romanum
3274 3265 3420 3357 ipsis
3452 3265 3739 3358 subjecta-

2089 3387 2240 3426 rum.
2273 3371 2525 3427 Proinde
2558 3376 2722 3428 metu
2745 3375 3148 3444 Agarenorum
3171 3374 3460 3430 liberatus
3489 3375 3740 3446 impera-

2087 3460 2234 3516 toris
2265 3477 2483 3516 nomen
2544 3461 2656 3516 sibi
2717 3463 3027 3534 arrogavit,
3087 3462 3363 3518 diadema
3419 3480 3525 3518 suo
3560 3465 3734 3536 capiti

2086 3549 2388 3621 imposuit,
2423 3554 2628 3620 estque
2684 3551 3016 3606 Antiochiae
3049 3550 3121 3605 ab
3153 3551 3283 3622 ejus
3313 3552 3598 3623 temporis
3627 3569 3734 3623 pa-

2086 3643 2244 3693 store
2276 3639 2551 3694 Ecclesiae
2582 3639 2968 3695 Antiochense
2997 3639 3144 3693 Jobo
3176 3640 3500 3710 imperator
3531 3640 3729 3696 decla-

2084 3733 2268 3784 ratus.
2303 3728 2539 3783 Manum
2571 3745 2749 3798 porro
2809 3729 3068 3783 militum
3125 3728 3374 3783 validam
3439 3745 3573 3784 cum
3606 3731 3732 3802 ipse

2084 3817 2274 3890 coegit
2285 3821 2410 3871 tum
2433 3816 2503 3872 ab
2519 3818 2800 3888 Agarenis
2817 3816 3064 3887 accepit,
3091 3833 3210 3871 non
3230 3832 3298 3871 ex
3321 3818 3540 3872 nostris
3553 3819 3730 3874 modo

2081 3906 2289 3961 vicinis
2312 3905 2646 3971 collectam,
2669 3904 2770 3960 sed
2795 3905 2974 3960 etiam
2997 3920 3065 3960 ex
3095 3906 3537 3976 remotioribus,
3571 3909 3740 3980 Egy-

2083 3995 2245 4066 ptiis,
2277 3994 2460 4061 Indis,
2493 3993 2710 4060 Persis,
2743 3993 3020 4065 Assyriis,
3065 3996 3383 4063 Armeniis,
3416 3996 3729 4063 Chaldaeis,

2083 4083 2293 4148 Iberis,
2325 4082 2538 4147 Zichis,
2563 4081 2808 4136 Cabiris.
2835 4083 2934 4138 His
2966 4084 3242 4139 omnibus
3267 4086 3534 4141 munitus
3557 4091 3734 4157 atque

2085 4173 2336 4242 stipatus
2368 4171 2658 4242 optimum
2688 4172 2908 4227 factum
2933 4173 3290 4228 existimavit
3307 4191 3442 4230 eum
3465 4175 3527 4229 in
3545 4175 3730 4230 ﬁlium

2081 4261 2425 4332 adoptatum
2450 4260 2683 4332 imperii
2709 4261 2935 4317 socium
2957 4262 3408 4335 adjutoremque
3439 4265 3728 4320 asciscere

2081 4355 2139 4406 et
2168 4365 2385 4405 nomen
2419 4355 2670 4406 mutare.
2709 4350 2848 4405 lnde
2903 4351 3200 4422 profectus
3257 4358 3446 4409 totum
3502 4354 3731 4410 ferebat

2079 4439 2408 4511 agebatque
2475 4439 2796 4495 Orientem.
2852 4441 3182 4513 Imperator
3226 4443 3318 4498 his
3355 4444 3624 4515 cognitis,
3665 4461 3728 4500 se

2078 4543 2316 4600 quoque
2348 4527 2422 4583 ad
2446 4528 2844 4583 resistendum
2857 4529 3017 4584 bello
3032 4532 3276 4601 paravit,
3299 4533 3616 4603 copiasque
3630 4549 3731 4588 ne-

317 4633 391 4686 μα
420 4615 494 4686 τῇ
527 4613 743 4692 κεφαλῇ’
800 4614 1101 4690 περιέθετο,
1154 4616 1245 4670 καὶ
1277 4612 1632 4690 αὐτοκράτωρ
1665 4613 1718 4670 ἐν
1747 4619 1965 4672 Ἀντιο-

2082 4632 2382 4689 quaquam
2415 4616 2726 4672 certamini
2758 4633 2930 4688 pares
2961 4635 3095 4674 cum
3127 4619 3274 4674 duce
3303 4620 3503 4675 emisit
3531 4638 3543 4687 ;
3579 4638 3727 4692 quas

314 4701 440 4777 χείᾳ
495 4703 880 4779 ἀναγορεύεται
939 4705 1085 4779 παρά
1135 4708 1233 4760 τοῦ
1286 4708 1584 4775 τηνικαῦτα
1640 4706 1738 4774 τήν
1799 4704 1972 4760 ἐκεῖσε

312 4791 702 4864 ποιμαίνοντος
731 4793 1060 4865 Ἐκκλησίαν
1123 4789 1272 4852 Ἰώϐ.
1329 4798 1505 4869 Χεῖρα
1537 4791 1592 4849 δὲ
1617 4791 1834 4862 πολλὴν
1868 4794 1965 4849 αύ-

312 4878 405 4940 τός
432 4900 490 4934 τι
521 4880 776 4956 συλλέγει
810 4885 898 4939 καὶ
955 4883 1103 4960 παρὰ
1159 4887 1270 4938 τῶν
1326 4884 1643 4961 Ἀγαρηνῶν
1672 4878 1964 4957 Ααμϐανει,

315 4966 378 5022 ού
413 4969 578 5041 μόνον
610 4967 668 5025 δί
696 4975 804 5026 τῶν
853 4973 1163 5046 προσοίκων
1218 4974 1380 5046 ἡμῖν,
1439 4970 1585 5027 αλλὰ
1639 4973 1728 5028 καὶ
1763 4978 1871 5029 τῶν
1905 4971 1965 5029 ἐκ

308 5062 412 5127 τῆς
443 5057 668 5132 περαίας
697 5059 1036 5132 Λῖγυπτίων,
1069 5058 1276 5133 Ἰνδῶν,
1329 5066 1572 5135 Περσῶν,
1632 5063 1960 5138 Ἀσσυρίων,

307 5144 638 5218 Ἀρμενίων,
667 5145 980 5217 Χαλδαίων,
1013 5143 1268 5224 Ἰϐήρων,
1324 5153 1537 5224 Ζικχῶν
1579 5153 1686 5223 ('70)
1715 5151 1806 5206 καὶ
1841 5154 1959 5208 Κα-

305 5227 497 5306 ϐήρων
529 5237 663 5310 (71).
693 5235 925 5298 Τούτοις
964 5236 1128 5292 ἅπασι
1181 5238 1592 5314 κατοχυρωθεὶς
1645 5241 1732 5295 καὶ
1767 5241 1954 5295 ἑαυτὸν

2079 4720 2432 4777 congressus
2451 4703 2658 4775 praelio
2677 4705 2930 4760 Thomas
2950 4706 3186 4776 penitus
3209 4707 3533 4780 dissipavit,
3557 4715 3723 4781 parte

2074 4795 2292 4858 occisa,
2323 4793 2566 4864 partein
2580 4792 2775 4864 fugam
2792 4793 3078 4865 conjecta.
3111 4797 3251 4850 Post
3282 4796 3723 4854 baeclicentiam

2072 4888 2283 4938 nactus
2317 4898 2452 4937 suas
2481 4881 2732 4938 validius
2751 4883 3144 4949 confirmavit,
3167 4901 3342 4940 naves
3367 4886 3441 4941 ad
3465 4903 3723 4958 pugnam

2071 4973 2340 5043 aliasque
2370 4971 2671 5026 frumento
2706 4975 2766 5025 et
2814 4971 2982 5042 equis
3011 4973 3295 5028 vehendis
3326 4979 3493 5045 aptas
3549 4991 3720 5028 cons-

2071 5066 2295 5117 truens.
2331 5059 2484 5125 Quin
2544 5065 2602 5114 et
2654 5059 3100 5131 imperatoriam
3156 5061 3309 5116 879
3369 5062 3622 5116 classem
3653 5062 3718 5117 in

2070 5167 2238 5207 suam
2269 5152 2620 5220 potestatem
2647 5148 2891 5220 redegit,
2925 5165 3247 5220 omnesque
3277 5166 3456 5204 naves
3483 5149 3557 5204 ad
3589 5149 3720 5206 Les-

2065 5239 2208 5297 bum
2241 5237 2638 5310 congregavit.
2667 5237 2887 5292 Deinde
2920 5254 3054 5293 cum
3085 5238 3382 5308 octoginta
3410 5237 3721 5296 hominum

1512 5369 1870 5424 XYLANDRI
1907 5368 1995 5424 ET
2028 5365 2244 5422 GOARI
2281 5363 2502 5418 NOTAE.

380 5459 491 5542 (ἶο)
523 5463 1032 5542 Inter_Sarmaitas
1054 5467 1345 5542 Asiaticos
1389 5466 1630 5542 Ξίγχους
1681 5471 1959 5542 numerat

299 5530 660 5608 .Plolemaaus
689 5537 894 5608 Geogr.
928 5541 978 5605 5,
1013 5541 1065 5594 9.
1122 5540 1345 5607 Russis,
1379 5530 1649 5594 Chasaris
1681 5543 1739 5592 et
1768 5538 1955 5593 Patzi-

2137 5466 2250 5531 (71)
2284 5462 2404 5533 Hos
2436 5461 2666 5533 Scythis
2697 5461 2965 5533 adjungit
2995 5460 3328 5529 Stephanus
3359 5480 3428 5519 ex
3476 5471 3721 5521 senten-

2066 5536 2150 5590 tia
2176 5531 2424 5589 Eudoxi.
2487 5531 2745 5588 Cabaros
2772 5531 2968 5587 ’vocat
3023 5534 3449 5593 Constantinus
3479 5555 3527 5594 ο.
3563 5541 3630 5593 39
3663 5544 3721 5594 et

303 5603 556 5661 nacibus
588 5603 996 5664 Chersohesii's
1038 5610 1263 5668 vicinos
1320 5603 1478 5668 locat
1531 5608 1955 5667 Constantinus
2062 5609 2132 5662 40
2162 5607 2335 5662 Goan.

304 5689 359 5730 c.
389 5677 448 5743 6,
475 5692 696 5751 eosque
724 5679 927 5754 Ζίχους
955 5687 1142 5739 vocat.
1166 5683 1337 5739 ϐου.
