4052 6316
473 340 592 401 963

1794 329 2120 393 GEORGII.
2155 328 2495 394 CEDRENI

3745 339 3849 400 νει

479 474 744 532 millibus
765 471 1037 543 Abydum
1058 469 1249 543 petiit,
1271 468 1410 524 inde
1438 467 1816 540 trajecturus,
1834 467 1895 521 in
1911 466 2119 521 itinere

2237 466 2567 543 περιφράξας
2612 464 2830 542 ἄριστον
2883 467 3128 540 ἐνόμισεν
3189 469 3321 522 εἶναι
3377 467 3470 524 καὶ
3529 471 3720 543 βοηθὸν
3767 472 3846 526 καὶ

480 566 682 621 omnia
712 559 1045 633 papulatus,
1078 560 1257 629 inque
1290 559 1554 614 cinerem
1585 558 1838 613 redactis
1868 573 1990 611 non
2020 555 2125 610 hu-

479 654 718 709 milibus
741 649 915 704 modo
933 653 992 704 et
1012 654 1184 719 captu
1208 648 1496 708 facilibus.
1529 647 1634 702 sed
1665 652 1723 701 et
1745 646 1871 700 loco
1897 645 2121 716 optimo

477 742 607 796 sitis
637 757 703 794 ac
735 743 1072 810 expugnatu
1106 737 1448 792 difﬁcilimis
1503 737 1730 792 castris.
1764 737 1903 789 Erat
1932 731 2122 805 quod-

476 829 611 884 dam
643 827 956 883 castellum
979 827 1273 881 munitum
1306 826 1420 880 loci
1442 831 1674 889 natura,
1721 823 1878 895 quod
1921 824 2120 894 impe-

473 918 656 974 ratori
678 917 854 972 ﬁdem
875 915 1164 970 servabat.
1190 915 1276 971 Ad
1298 916 1408 970 hoc
1431 913 1784 985 capiendum
1810 911 2120 983 adoptivus

474 1009 577 1062 ille
610 1007 771 1061 ﬁlius
800 1005 1036 1060 Thomas
1067 1021 1101 1060 a
1122 1009 1287 1075 patre
1319 1003 1555 1071 missus,
1589 1004 1728 1058 dum
1760 1002 2042 1058 audacius
2063 1006 2123 1054 et

475 1097 642 1154 nullo
676 1111 919 1151 suorum
953 1095 1245 1149 instructo
1277 1093 1486 1148 ordine
1546 1094 1792 1164 equitat,
1851 1091 2122 1145 hostibus

477 1187 708 1243 nudum
766 1183 1077 1239 castellum
1137 1184 1432 1254 opinatus,
1491 1183 1551 1236 in
1608 1181 1853 1236 insidias
1893 1177 2123 1234 Olbiani

477 1277 757 1347 delapsus
788 1280 1016 1329 atroces
1040 1273 1391 1327 temeritatis
1411 1288 1613 1344 poenas
1644 1270 1823 1326 dedit.
1856 1271 2002 1324 Nam
2034 1284 2126 1323 ca-

471 1371 581 1439 put
600 1365 732 1436 ejus
744 1368 1093 1433 prmsectum
1110 1362 1392 1417 Olbianus
1409 1361 1481 1416 ad
1502 1357 2120 1432 imperatorem,isque

473 1455 552 1512 ad
576 1455 860 1508 Thomam
882 1451 1162 1506 ferociter
1181 1467 1248 1506 ac
1267 1450 1518 1522 superbe
1537 1449 1914 1504 invadentem
1933 1446 2118 1502 misit.

471 1546 725 1600 Thomas
757 1541 865 1596 filii
897 1541 1088 1612 capite
1121 1545 1360 1612 accepto
1390 1539 1537 1594 nihil
1588 1538 1660 1593 de
1691 1537 1914 1593 ferocia
1945 1535 2121 1592 dimi-

472 1651 684 1701 nuens,
719 1649 752 1687 a
779 1633 908 1687 loco
941 1631 1034 1685 cui
1067 1630 1415 1685 Horcosium
1455 1630 1512 1700 (a
1535 1628 1916 1700 juramentis,
1938 1631 2006 1680 ut
2034 1624 2121 1678 vi-

473 1723 667 1796 detur)
698 1738 920 1778 nomen
970 1726 1060 1776 est
1116 1721 1178 1774 in
1203 1719 1513 1775 Thraciam
1543 1717 1782 1790 trajicit,
1815 1721 1988 1771 nocte
2047 1712 2122 1768 ad

472 1818 585 1871 hoc
617 1830 784 1881 usus,
816 1827 934 1882 qua
964 1810 1107 1864 luna
1137 1809 1210 1864 ob
1242 1825 1415 1864 suum
1445 1824 1578 1862 cum
1604 1807 1728 1861 sole
1758 1805 1979 1860 coitum
2000 1818 2122 1858 non
2152 1837 2200 1902 B

470 1906 646 1962 lucet.
691 1906 907 1958 Verum
930 1919 1000 1957 ea
1030 1919 1122 1956 res
1155 1899 1437 1954 Michaelo
1469 1915 1625 1954 curae
1666 1896 1896 1962 fuerat;
1938 1900 2122 1964 utque

471 1995 603 2066 ejus
632 1993 950 2048 adventum
982 1989 1354 2062 praaveniret,
1377 1987 1554 2043 urbes
1587 1983 2120 2052 refecerat,milites

471 2085 946 2148 confirmaverat,
969 2085 1026 2135 et
1047 2080 1177 2134 loca
1198 2078 1529 2133 infirmiora
1548 2077 1900 2132 muniverat.
1925 2075 2124 2139 Quan-

471 2191 653 2247 quam
685 2172 915 2228 nullum
938 2172 1069 2243 ejus
1090 2168 1410 2241 diligentias
1451 2169 1707 2223 fructum
1730 2167 1904 2237 cepit.
1937 2162 2125 2218 Simul

474 2265 633 2320 enim
657 2269 833 2334 atque
856 2261 929 2318 ad
950 2261 1160 2316 urbem
1181 2259 1360 2314 rediit
1379 2258 1512 2313 etin
1539 2256 1847 2312 Thraciam
1869 2254 2122 2309 Thomas

475 2354 724 2426 appulit,
757 2343 1018 2406 universi
1045 2348 1116 2404 ab
1150 2348 1508 2420 imperatore
1540 2346 1614 2400 ad
1644 2347 1928 2400 Thomam
1959 2341 2122 2398 defe-

474 2445 686 2498 cerunt
742 2438 931 2510 parati
982 2453 1117 2492 cum
1166 2453 1234 2492 eo
1263 2435 1472 2508 Cpolin
1503 2437 1906 2507 oppugnatum
1940 2431 2124 2503 profl-

478 2531 638 2588 cisci.
670 2531 1020 2600 Imperator,
1053 2531 1340 2597 quantum
1374 2525 1503 2595 ejus
1535 2523 1660 2578 fieri
1710 2522 1923 2594 potuit,
1949 2537 2123 2576 exer-

477 2621 661 2677 citum
693 2619 1034 2690 copiasque,
1067 2615 1222 2672 880
1247 2620 1312 2669 ut
1340 2613 1669 2679 videbatur,
1721 2629 1841 2667 non
1873 2613 2125 2666 conten-

477 2709 706 2766 nendas
763 2707 1084 2771 conduxit;
1145 2720 1364 2776 easque
1421 2703 1671 2759 ducibus
1739 2699 2010 2756 Catacela
2067 2703 2125 2755 et

477 2801 724 2857 Olbiano
754 2797 926 2853 factis
957 2801 1207 2866 tyranno
1239 2794 1468 2850 obviam
1510 2791 1690 2848 misit.
1743 2794 1854 2850 lies
1886 2804 2122 2861 quoque

475 2889 808 2945 maritimas
842 2901 1075 2941 summo
1126 2888 1340 2939 conatu
1386 2881 1740 2954 procuravit.
1791 2878 1905 2935 Sed
1935 2879 2124 2932 instar

474 2977 758 3034 torrentis
790 2975 908 3031 alto
932 2980 1133 3029 monte
1165 2970 1537 3028 decurrentis
1571 2970 1806 3024 irruens
1829 2972 2121 3039 tyrannus

475 3069 727 3123 Thomas
769 3071 925 3120 terra
956 3066 1222 3135 marique
1271 3061 1564 3118 exercitus
1596 3058 1969 3131 imperatoris
1995 3071 2123 3127 pro-

479 3156 719 3230 ﬂigavit,
752 3160 1102 3223 tantumque
1135 3153 1190 3206 ei
1218 3157 1500 3206 terrorem
1533 3147 1801 3215 incussit,
1835 3151 1901 3200 ut
1928 3146 1979 3200 is
2000 3144 2120 3200 fer-

476 3261 642 3300 ream
683 3249 955 3299 catenam
1003 3241 1074 3295 ab
1126 3255 1259 3294 arce
1290 3238 1365 3294 ad
1397 3235 1732 3309 oppositum
1776 3233 2119 3306 Oppidulum

475 3331 830 3398 extenderit,
861 3336 928 3385 ut
969 3329 1252 3383 interiore
1293 3328 1525 3381 hostem
1556 3323 1705 3379 mari
1738 3327 1986 3379 arceret.
2023 3321 2119 3375 V’i-

469 3422 644 3477 vebat
673 3426 796 3474 tum
828 3419 1012 3490 Scyri,
1037 3433 1167 3488 quaa
1189 3431 1309 3470 una
1330 3414 1650 3485 Gycladum
1674 3411 2008 3467 insularum
2031 3414 2122 3465 est

472 3510 592 3565 dux
619 3507 883 3579 quidam,
922 3506 1128 3561 Leonis
1171 3503 1547 3575 imperatoris
1597 3499 2013 3565 consobrinus,
2047 3515 2116 3553 eo

467 3599 765 3670 relegatus
787 3613 822 3652 a
842 3594 1146 3657 Michaelo,
1172 3592 1328 3663 quod
1351 3592 1404 3645 ei
1427 3590 1649 3646 caadem
1673 3587 1882 3643 Leonis
1905 3587 2118 3657 saepius

464 3687 654 3742 libere
685 3687 745 3740 in
775 3685 989 3740 faciem
1021 3681 1422 3754 exprobasset.
1481 3681 1649 3734 Hunc
1680 3678 1740 3732 in
1773 3676 2117 3731 societatem

467 3793 636 3832 suam
671 3774 961 3832 adscitum
991 3773 1243 3826 Thomas
1281 3769 1595 3825 duodecim
1641 3765 1882 3821 milibus
1914 3770 2115 3820 terra)-

469 3866 681 3920 strium
703 3863 1008 3934 capiarum
1031 3861 1300 3933 praaficit.
1323 3859 1585 3912 Classem
1608 3871 1844 3926 quoque
1868 3853 2118 3908 adornat

469 3954 772 4024 aliumque
795 3952 848 4006 ei
881 3951 1106 4006 ducens
1138 3947 1405 4020 praaﬁcit.
1435 3948 1759 4015 Utrumque
1783 3943 1856 3998 ad
1881 3947 2118 3997 tentan—

467 4041 603 4097 dam
637 4040 845 4112 Cpolin
876 4039 1058 4094 mittit
1087 4037 1254 4108 quasi
1305 4050 1725 4108 prmcursores,
1760 4047 1831 4085 ex
1879 4047 1941 4086 re
1991 4031 2114 4085 fore

2231 557 2481 630 συνεργὸν
2543 561 2642 621 τῆς
2699 556 2878 635 ἀρχῆς
2938 552 3362 629 προσλαϐέσθαι,
3422 559 3521 627 τήν
3566 581 3620 614 τε
3673 561 3840 616 ἑαυτοῦ

2229 643 2428 714 κλῆσιν
2504 643 2840 716 ἀλλάξασθαι
2898 647 2988 702 xui
3074 647 3186 701 υἱὸν
3271 646 3674 714 εἷσποιησασθαι
3727 655 3842 722 (72).

2231 737 2461 793 Ἐκεῖθεν
2543 737 2806 812 ὁρμηθεὶς
2881 739 3088 793 ἅπασαν
3141 735 3306 813 ἐδῄου
3363 738 3455 794 καὶ
3513 738 3717 814 ἐπόρθει
3758 742 3842 808 τήν

2227 823 2552 895 Ἀνατολὴν.
2584 829 2656 884 ’Ἀ
2696 824 2762 894 δὴ
2823 829 2850 882 ὁ
2915 825 3217 902 βασιλεύων
3272 827 3528 897 ἀκηκοὼς
3586 829 3669 882 καὶ
3709 829 3844 890 αὐτὸς

2231 915 2368 987 πρὸς
2402 915 2815 990 ἀντιπαράταξιν
2879 916 3237 992 ηύτρεπίσθη.
3299 917 3401 973 Καὶ
3472 918 3715 992 στρατιὰν
3769 920 3845 973 καὶ

2231 1004 2532 1079 στρατηγὸν
2567 1004 2667 1060 οὐκ
2695 1005 2999 1079 ἀξιόμαχον
3032 1005 3168 1077 πρὸς
3226 1004 3384 1059 αὑτὸν
3433 1003 3846 1079 ἀποστέλλει,

2227 1113 2334 1146 τινι
2393 1092 2678 1170 συρῥάγεὶς
2723 1095 2751 1148 6
2783 1099 2983 1168 Θωμᾶς
3038 1091 3200 1168 ἅρδθν
3259 1093 3508 1164 ἠφάνισε,
3563 1094 3717 1169 μέρος
3763 1095 3844 1166 μὲν

2227 1189 2328 1252 τῆς
2367 1179 2649 1255 δυνάμεως
2699 1181 2931 1252 ἀνελὼν,
2990 1184 3051 1237 τὸ
3118 1180 3164 1237 δ’
3223 1182 3358 1238 ἄλκο
3408 1185 3730 1257 τρεψάμενος
3781 1183 3842 1243 είς

2229 1273 2427 1349 φυγήν.
2463 1273 2559 1326 Καὶ
2610 1270 2803 1327 λοιπὸν
2864 1269 3047 1334 ἀδείας
3111 1271 3298 1346 τυχὼν
3346 1269 3604 1328 διετίθετο
3659 1273 3717 1328 τὰ
3744 1275 3844 1338 καθ’

2230 1361 2414 1416 ἑαυτὸν
2469 1361 2874 1436 κραταιότερον,
2933 1365 3062 1424 ναῦς
3120 1360 3388 1437 ἐξαρτύων
3427 1360 3724 1435 πολεμικὰς
3765 1365 3840 1418 καὶ

2232 1449 2413 1524 ἐτέρας
2462 1451 2802 1528 σιταγωγοὺς
2859 1451 2949 1506 καὶ
3006 1450 3382 1527 ἱππαγωγοὺς.
3435 1451 3642 1506 Γίνεται
3673 1450 3725 1507 δὲ
3773 1452 3847 1507 καὶ

2229 1543 2326 1594 τοῦ
2359 1537 2647 1615 βασιλικοῦ
2678 1538 2876 1594 στόλου
2913 1538 3121 1613 κύριος,
3180 1539 3269 1594 καὶ
3326 1541 3466 1614 πρὸς
3518 1541 3616 1609 τὴν
3669 1537 3843 1596 Λέσϐον

2231 1630 2368 1684 ἅπαν
2397 1630 2640 1704 ἀθροίζει
2672 1630 2734 1685 τὸ
2763 1631 3034 1687 ναυτικὸν.
3093 1631 3267 1692 Αὐτὸς
3300 1627 3357 1686 δὲ
3391 1629 3537 1685 ὀκτὼ
3594 1628 3837 1704 μυριάδων

2232 1716 2419 1793 ἅρχων
2457 1723 2685 1794 στρατοῦ
2714 1719 2802 1773 ἒπὶ
2836 1713 3070 1775 Ἀϐυδον
3124 1719 3246 1788 ἥκει
3305 1719 3381 1781 ὡς
3443 1718 3636 1774 ἐκεῖθεν
3669 1719 3735 1781 εἷς
3758 1721 3841 1788 τὴν

2229 1804 2453 1882 περαίαν
2493 1801 2914 1879 διαϐησόμενος,
2972 1807 3142 1862 πάντά
3195 1806 3263 1861 τὰ
3322 1807 3376 1863 ἐν
3431 1805 3653 1881 παρόδῳ
3703 1829 3843 1862 κατα-

2233 1892 2480 1969 δραμὼν,
2511 1895 2599 1949 καὶ
2635 1891 2834 1950 σποδὸν
2865 1897 3105 1966 ποιήσας
3139 1894 3200 1950 ού
3266 1897 3333 1951 τὰ
3391 1897 3616 1952 ταπεινά
3666 1897 3747 1950 καὶ
3774 1896 3844 1952 εὖ·

2232 1983 2474 2058 χείρωτα
2529 1985 2618 2038 καὶ
2669 1982 2968 2052 εὐάλωτα,
3055 1982 3203 2039 ἀλλά
3271 1987 3362 2040 καὶ
3435 1986 3503 2040 τὰ
3557 1984 3843 2059 ἐπικρότατα

2231 2069 2661 2128 καὶδυσάλωτα.
2723 2073 2820 2130 Ἠν
2881 2071 2938 2128 δέ
2994 2095 3047 2129 τι
3107 2075 3316 2149 χωρίον
3377 2073 3608 2149 ἐρυμνὸν
3662 2077 3752 2143 τὴν
3778 2073 3840 2136 εἷς

2229 2161 2324 2216 τόν
2360 2160 2585 2234 βασιλέα
2628 2161 2807 2216 πίστιν
2859 2167 3083 2237 τηροῦν,
3142 2164 3230 2218 καὶ
3293 2161 3379 2218 ἐπ’
3441 2163 3586 2236 αὐτῷ
3639 2165 3722 2219 τὸν
3747 2163 3832 2218 εἷσ-

2209 2249 2457 2321 ·ποίητον
2521 2247 2783 2322 ἐκπέμπει
2844 2250 2981 2305 υἱόν
3026 2252 3053 2306 6
3103 2249 3160 2306 δὲ
3211 2252 3455 2326 θρασέως
3504 2253 3835 2326 ἱππαζόμενος

2229 2337 2319 2392 καὶ
2350 2338 2592 2400 ἀτάκτως
2630 2343 2709 2411 τῷ
2736 2337 2940 2404 οἴεσθαι
2999 2340 3204 2415 γυμνὸν
3262 2339 3578 2396 ἀντιπάλων
3641 2340 3834 2395 εἶναιτὸ

2199 2489 2202 2492 ,
2231 2425 2438 2503 χωρίον
2465 2423 2626 2499 λόχῳ
2658 2423 2723 2496 δή
2757 2447 2863 2480 τινι
2912 2428 3226 2500 περιπίπτει
3281 2431 3380 2483 τοῦ
3443 2423 3739 2499 Ὀλϐιανοῦ,
3766 2426 3836 2481 καὶ

2228 2516 2328 2583 τήν
2387 2512 2634 2592 κεφαλὴν
2720 2514 3046 2588 ἐποτμηθεὶς
3130 2511 3295 2588 ἓματε
3371 2517 3452 2590 μὴ
3512 2515 3837 2592 θρασὸνεσθαι.

2232 2605 2342 2672 Τὴν
2392 2605 2485 2675 μὲν
2532 2601 2773 2681 κεφαλὴν
2833 2609 2931 2660 τοῦ
2990 2602 3235 2660 διελαίου
3293 2604 3505 2661 ἐκείνου
3561 2605 3749 2679 ἔπεμψε
3778 2601 3839 2676 τῷ

2238 2693 2454 2769 βασιλεῖ
2483 2694 2510 2748 6
2552 2688 2839 2755 ὐλϐιανὸς
2872 2692 3028 2756 οὗτος
3079 2691 3136 2749 δὲ
3181 2695 3346 2750 πάλιν
3399 2701 3569 2768 Θωμᾷ
3616 2695 3689 2767 τῷ
3727 2691 3840 2748 ’ὲκεί-

2231 2804 2323 2838 νου
2351 2783 2517 2856 πατρὶ
2551 2783 2686 2855 μετά
2745 2782 3095 2857 βρυάγματος
3157 2784 3404 2859 βαίνοντι
3460 2785 3549 2840 xui
3600 2781 3839 2858 μεγαλαυ-

2234 2871 2508 2947 χουμένῳ.
2555 2873 2758 2948 Ἣνπερ
2790 2871 2946 2934 οὗτος
3005 2869 3314 2946 δεξάμενος,
3371 2875 3466 2928 xui
3522 2875 3652 2929 κατὰ
3700 2869 3836 2946 μηδὶν

2229 2967 2328 3018 τοῦ
2395 2964 2745 3040 φρονήματος
2807 2962 3090 3031 ὑπενδοὺς,
3149 2966 3284 3039 πρὸς
3343 2967 3447 3034 τήν
3509 2964 3709 3040 Θρᾴκην
3753 2961 3838 3016 ἀπὸ

2226 3056 2325 3108 τοῦ
2358 3053 2570 3126 χωρίου
2613 3051 2642 3106 ’ὀ
2675 3051 2930 3107 καλοῦσιν
2985 3053 3285 3128 Ὀρκώσιον
3341 3059 3676 3130 περαιοῦται,
3704 3051 3837 3106 νύκτα

2228 3143 2610 3216 κατατηρήσας
2669 3138 2980 3212 συνοδικήν.
3050 3144 3134 3215 [Ρ.
3194 3145 3320 3216 502]
3390 3142 3594 3217 ’Έμελε
3642 3139 3694 3196 δὲ
3736 3138 3835 3213 περί

2232 3230 2428 3284 τούτου
2458 3233 2538 3300 τῷ
2570 3228 2789 3304 βασιλεῖ
2817 3229 3071 3305 Μιχαὴλ,
3102 3231 3193 3286 καὶ
3238 3234 3340 3301 τὴν
3403 3233 3602 3288 ἐκείνου
3654 3229 3833 3305 προλα-

2232 3315 2342 3373 ϐὼν
2372 3317 2667 3394 περαίωσιν
2699 3318 2862 3381 αὑτὸς
2900 3318 2967 3373 τὰ
3027 3341 3086 3374 τε
3138 3319 3330 3383 πολεις
3393 3316 3716 3395 ἀνελάμϐανε
3762 3315 3835 3371 καὶ

2228 3405 2354 3468 τοὺς
2385 3407 2716 3480 στρατιώτας
2767 3405 3015 3481 ἐστήριζέ
3071 3406 3160 3462 xui
3222 3409 3289 3464 τά
3337 3410 3533 3479 ἀσθενῆ
3590 3413 3689 3464 τῶν
3739 3423 3835 3480 χω·

2232 3497 2365 3570 ρίων
2398 3495 2643 3570 ὠχύρου,
2676 3494 2775 3549 κᾶν
2830 3494 2998 3568 μηδὲν
3047 3494 3106 3551 ἐκ
3161 3505 3262 3566 τῆς
3321 3498 3578 3569 τοιαύτης
3629 3491 3835 3561 σπουδῆς

2231 3584 2504 3654 ἀπώνατο,
2547 3585 2662 3656 ἅμα
2687 3587 2756 3658 τῇ
2785 3583 2990 3639 ἐκείνου
3021 3586 3157 3660 πρὸς
3186 3588 3284 3655 τήν
3342 3588 3508 3643 πόλιν
3558 3584 3834 3658 ὑποστροφῇ

2228 3675 2314 3730 καὶ
2356 3677 2425 3748 τῇ
2482 3677 2579 3728 τοῦ
2637 3675 2814 3748 ΙΙωμᾶ
2877 3676 3170 3749 περαιώσει
3235 3677 3453 3732 πάντων
3508 3678 3603 3746 τήν
3658 3673 3834 3729 ἐκείνου

2228 3765 2410 3820 πίστιν
2463 3767 2928 3839 ἁπαρνησαμένων
3022 3767 3107 3821 καὶ
3189 3766 3722 3845 προσκεχωρηκότων
3771 3764 3834 3832 τῷ

2204 3852 2505 3928 ,ἀποστάτῃ
2569 3853 2660 3907 καὶ
2724 3855 2841 3925 μετ’
2918 3854 3082 3910 αὐτοῦ
3140 3861 3519 3931 στρατεῦεσθαι
3576 3853 3701 3910 κατά
3747 3856 3828 3918 τῆς

2233 3939 2518 4018 βασιλιδος
2587 3943 3078 4016 προθυμουμένων.
3137 3945 3197 4002 Ὀ
3239 3943 3296 3999 δὲ
3329 3944 3585 4019 βασιλεὺς
3639 3941 3756 3998 κατὰ
3780 3937 3830 3992 τὸ

2229 4029 2506 4106 ἐγχωροῦν
2568 4031 2792 4104 στρατὸν
2853 4031 3122 4107 ἀγηοχὼς
3164 4033 3253 4088 καὶ
3296 4031 3525 4108 δύναμιν
3578 4036 3654 4103 τῷ
3683 4025 3828 4084 δοκείν

2226 4117 2511 4193 ἀξιόλογον
2559 4118 3006 4193 συστησάμενος,
3077 4123 3411 4197 στρατηγούς
3467 4143 3524 4177 τε
3575 4119 3829 4186 ἐπιστήσας

2209 4209 2363 4284 αὐτῇ
2400 4208 2490 4263 τόν
2519 4229 2576 4262 τε
2615 4206 2843 4282 ρηθέντα
2907 4209 3232 4282 Κατάκηλαν
3287 4211 3378 4266 καὶ
3435 4214 3523 4268 τὸν
3557 4203 3824 4270 Ὀλϐιανὸν,

455 4130 760 4202 judicans,
797 4128 845 4182 si
878 4127 1022 4183 urbs
1052 4125 1229 4181 simul
1258 4129 1414 4180 terra
1442 4123 1711 4192 marique
1743 4136 2112 4191 oppugnare-

464 4225 584 4275 tur.
617 4219 764 4274 Cum
796 4223 851 4272 et
883 4221 1194 4272 terrestres
1225 4219 1284 4268 et
1315 4212 1554 4268 navales
1598 4209 1781 4280 copias
1833 4209 2009 4264 simul
2039 4208 2113 4264 ad

465 4309 968 4365 Blachornensem
1052 4309 1289 4377 portum
1347 4301 1776 4374 pervenissent,
1835 4304 2117 4370 perrupta

2227 4297 2488 4372 ἐπαφίησι
2541 4298 2676 4352 κατὰ
2732 4303 2830 4352 τοῦ
2885 4319 3167 4371 τυραννου.
3241 4299 3596 4374 Ἐπεμελεῖτο
3659 4293 3710 4350 δὲ
3754 4289 3826 4345 καὶ

464 4400 660 4454 ferrea
717 4398 831 4452 ista
916 4400 1127 4450 catena
1208 4391 1348 4447 urbs
1433 4390 1698 4460 undique
1785 4387 2114 4460 oppugnari

2227 4392 2331 4441 τῶν
2365 4388 2500 4442 κατὰ
2540 4383 2838 4457 θάλασσαν,
2897 4388 2972 4450 ὡς
3027 4388 3251 4444 ἀνυστὸν
3279 4391 3368 4459 ἦν.
3428 4391 3622 4462 Ὥσπερ
3673 4382 3722 4438 δέ
3765 4397 3830 4439 τις

466 4493 659 4560 empta
715 4491 823 4540 est.
885 4481 1232 4554 Supervenit
1305 4480 1482 4551 paulo
1539 4484 1672 4550 post
1729 4477 1908 4531 etiam
1964 4477 2116 4531 Tho-

2227 4475 2528 4552 χείμαρρος
2582 4474 2634 4546 ἐξ
2694 4475 2920 4550 ὑψηλῶν
3002 4474 3169 4551 ὀρέων
3225 4480 3253 4534 ὁ
3300 4480 3554 4555 τύραννος
3616 4471 3822 4530 ἐπελθών

465 4594 616 4632 mas.
695 4573 972 4639 Quamvis
1031 4576 1229 4626 autem
1281 4568 1489 4624 urbem
1548 4566 1812 4636 undique
1874 4570 2113 4620 strenue

2227 4569 2322 4637 τήν
2354 4587 2410 4621 τε
2461 4566 2597 4621 κατὰ
2653 4567 2850 4641 χέρσον
2903 4563 3131 4640 δύναμιν
3185 4568 3274 4623 καὶ
3331 4571 3432 4638 τήν
3484 4569 3614 4624 κατά
3659 4562 3828 4619 θάλασ-

465 4667 862 4736 oppugnaret,
896 4660 1046 4716 nihil
1081 4665 1279 4716 tamen
1302 4655 1685 4712 memorabile
1707 4655 1982 4710 effectum
2007 4659 2115 4724 est,

465 4754 540 4809 iis
575 4752 678 4823 qui
713 4753 873 4806 intus
905 4755 1074 4806 erant
1103 4749 1336 4804 fortiter
1364 4743 1873 4818 propugnantibus
1903 4749 1962 4798 et
1992 4760 2114 4799 ma-

466 4845 681 4901 chinas
712 4843 856 4898 881
914 4837 1376 4912 oppugnatorias
1423 4833 1873 4906 repellentibus.
1906 4833 2116 4904 Spera-

466 4938 631 4989 verat
660 4933 820 4988 enim
860 4931 1110 4985 Thomas
1161 4927 1294 4989 sibi,
1351 4924 1528 4979 simul
1576 4928 1752 4992 atque
1801 4921 1874 4976 ad
1905 4922 2116 4978 urbem

469 5022 834 5085 accessisset,
868 5035 903 5074 a
923 5017 1146 5074 civibus
1176 5015 1310 5070 odio
1343 5011 1612 5068 Michaeli
1657 5015 1856 5082 portas
1887 5027 2117 5068 resera-

467 5119 594 5169 tum
652 5111 763 5177 iri;
831 5110 1032 5178 itaque
1073 5111 1132 5162 et
1181 5103 1526 5177 Gregorium
1597 5099 1989 5172 praemiserat,
2029 5099 2116 5155 uti

464 5203 805 5270 retulimus,
840 5199 1084 5271 ipseque
1116 5210 1251 5251 cum
1282 5191 1558 5248 omnibus
1581 5189 1768 5261 copiis
1798 5194 1857 5244 et
1886 5189 2118 5260 adOpti-

464 5291 546 5344 tio
581 5289 703 5344 ﬁlio
739 5304 845 5343 suo
885 5284 1215 5350 Anastasio,
1249 5281 1350 5354 qui
1382 5296 1591 5336 recens
1622 5279 1739 5333 vita
1786 5279 2119 5334 monastica

467 5377 704 5432 deserta
724 5375 795 5432 ad
820 5374 1131 5447 profanam
1148 5371 1492 5438 desciverat,
1518 5367 1877 5423 subsecutus
1898 5367 2116 5424 fuerat.

2239 4676 2331 4710 σαν
2390 4651 2715 4714 διεσκέδασε.
2768 4655 2858 4710 καὶ
2909 4657 3176 4727 τοσαύτην
3237 4657 3455 4729 ἐνέθηκε
3509 4655 3686 4713 πτοίαν
3752 4651 3814 4719 τῷ

2227 4745 2444 4818 βασιλεῖ
2473 4744 2549 4808 ὡς
2577 4746 2667 4798 xui
2700 4740 2924 4818 σιδηρᾶν
2984 4742 3174 4801 ἅλυσιν
3224 4747 3330 4802 ἀπὸ
3387 4756 3485 4817 τῆς
3519 4740 3826 4820 ἀκροπόλεως

2224 4834 2301 4898 εἷς
2359 4833 2420 4888 τὸ
2475 4833 2797 4910 καταντικρῦ
2851 4835 3142 4911 πολίχνιον
3197 4838 3494 4906 ἀποτεῖναι,
3541 4837 3634 4904 τήν
3661 4826 3822 4886 ἔσωθεν

2224 4918 2422 4977 ἄϐατον
2475 4924 2747 4996 τηροῦσαν
2813 4923 3103 4989 θάλασσαν.
3161 4927 3262 4984 Ἦν
3314 4923 3371 4983 δέ
3417 4949 3502 4988 τις
3559 4913 3826 4998 στρατηγὸς

2226 5011 2516 5084 ὑπερόριος
2574 5011 2624 5066 ἐν
2686 5013 2880 5088 Σκύρω
2933 5018 3002 5087 τῇ
3061 5017 3210 5087 νήσῳ
3266 5015 3391 5088 (μία
3441 5014 3496 5071 δὲ
3569 5012 3691 5079 αὕτη
3737 5005 3822 5058 τῶν

2225 5097 2572 5174 Κυκλάδων),
2603 5097 2926 5182 ἀδελφιδοῦς
2985 5104 3078 5176 μὲν
3145 5105 3438 5184 τυγχάνων
3495 5101 3706 5158 Λέοντος
3749 5091 3824 5145 τοῦ

2228 5190 2520 5265 βασιλέως,
2560 5189 2759 5246 τυύτου
2816 5187 2874 5246 δὲ
2925 5192 3292 5268 ἀναιρεθέντος
3351 5187 3824 5268 παρρησιασάμενος

2225 5278 2496 5342 ποκλάίκις
2550 5280 2637 5334 καὶ
2692 5280 2784 5335 τὸν
2844 5281 3077 5357 Μιχαὴλ
3121 5281 3199 5344 εἰς
3258 5283 3553 5360 πρόσωπον
3602 5269 3830 5332 ὀνειδίσας

2229 5366 2318 5424 διὰ
2345 5369 2436 5423 τὸν
2476 5367 2670 5448 φόνον,
2701 5370 2792 5424 καὶ
2853 5368 2941 5425 διὰ
2993 5375 3154 5426 τοῦτο
3206 5373 3307 5443 τὴν
3362 5368 3634 5448 ὑπερορίαν
3684 5375 3825 5416 κατα·

1676 5465 2042 5523 XYLANDRI
2078 5469 2165 5524 ET
2204 5468 2422 5525 GOARI
2464 5469 2693 5527 NOTAE.

541 5563 654 5634 (‘12)
683 5561 1158 5634 Quemnamiet
1178 5559 1419 5634 quidem
1440 5573 1587 5634 rnox
1617 5571 1856 5634 rursum
1889 5557 2114 5614 mentio

469 5627 751 5706 ﬁt'hujus
773 5632 1035 5703 adoptati
1056 5627 1321 5687 ﬁlii—Sed
1342 5646 1417 5686 ne
1438 5631 1692 5684 Zonaras
1715 5627 1956 5696 quidem
1979 5645 2115 5685 cum

2224 5558 2515 5614 nominat.
2543 5558 2603 5613 Id
2628 5558 2870 5630 quidem
2901 5560 3005 5629 ait,
3056 5560 3300 5618 Balbum
3355 5561 3468 5620 sibi
3498 5539 3821 5615 Constantini

2224 5646 2447 5687 nomen
2479 5631 2824 5702 sumpsisse.
2848 5634 2993 5689 XrL.
