4108 6300
276 334 402 395 965

1409 327 1951 392 HISTORIARUM
1995 330 2550 398 COMPENDIUM.

3573 337 3692 397 966

289 467 518 540 κριθείς.
580 470 792 524 Τουτον
849 464 1403 542 προσεταιρισάμενος
1453 466 1480 518 ὁ
1539 469 1737 540 Θωμᾶς
1795 483 1948 539 στρα-

2064 466 2131 521 Ut
2183 484 2318 523 vero
2367 469 2520 524 nihil
2578 471 3003 544 exspectationi
3057 472 3186 544 ejus
3237 477 3702 529 consentaneum

289 557 558 630 τεύματός
616 578 766 619 τινος
820 560 955 612 κατᾶ
1014 563 1118 632 γῆν
1177 556 1304 610 ὡσεὶ
1365 552 1636 630 χιλιάδων
1672 552 1795 611 δέκα
1820 555 1943 610 ἀναθ

290 645 528 702 δείκνυσι
581 647 903 720 στρατηγόν
958 646 1047 700 καὶ
1090 646 1182 700 τὸν
1230 645 1365 700 κατᾶ
1415 643 1678 700 θάλατταν
1733 641 1790 699 δὲ
1821 644 1946 699 στό-

290 737 388 794 λον
472 735 923 809 εὐτρεπισάμενος
1009 734 1097 789 καῖ
1175 733 1357 810 ἓτερον
1417 734 1568 806 αὐτῷ
1651 733 1945 803 ἐπιστήσας

289 826 613 900 στρατηγὸν,
683 825 798 880 οἷόν
857 845 1008 886 τινας
1076 821 1429 899 προδρόμους
1496 821 1746 895 έξέπεμξε
1809 821 1946 877 κατᾶ

285 922 389 986 τῆς
447 911 753 991 βασιλίδος,
815 910 904 967 διά
960 933 1016 967 τε
1071 919 1176 984 γῆς
1234 913 1323 967 καὶ
1356 911 1631 981 θαλάσσης
1664 909 1946 990 ὠφέλιμον

290 1005 428 1061 εἶναι
485 1003 673 1078 κρίνας
729 1009 1000 1065 ποιεῖσθαι
1059 1001 1152 1064 τὰς
1212 995 1548 1076 προσϐολάς.
1611 999 1688 1058 Οῦ
1720 999 1946 1075 γενομέ-

288 1115 408 1162 νου,
467 1093 558 1148 καὶ
616 1093 750 1147 κατὰ
801 1091 997 1146 ταυτὸν
1054 1090 1420 1168 ἀναρραγέντων
1449 1113 1556 1146 των
1596 1111 1653 1145 τε
1680 1095 1944 1145 ναυτικῶν

288 1183 380 1238 καὶ
465 1185 702 1250 πεζικῶν
791 1177 1071 1254 δυνάμεων
1137 1179 1188 1234 ἐν
1261 1183 1339 1252 τῷ
1404 1179 1540 1255 πρὸς
1607 1177 1946 1255 Βλαχέρναις

295 1271 512 1341 κόλπῳ,
572 1273 843 1345 ἀντισχεῖν
901 1267 1047 1332 ὅλως
1098 1269 1174 1341 μή
1229 1267 1573 1342 δυνηθείσης,
1627 1269 1700 1330 ὡς
1751 1265 1946 1340 εἷ’ρται,

287 1367 388 1431 τῆς
443 1359 799 1432 έκτεταμένης
862 1355 1090 1432 σιδηρᾶς
1150 1357 1416 1428 ἁλύσεως,
1475 1352 1782 1431 προσϐολαὶ
1830 1361 1947 1416 τοῖς

290 1449 498 1523 τείχεσι
526 1449 869 1523 πανταχόθεν
925 1445 1192 1522 ἐγίνοντο.
1255 1445 1494 1514 Ἐπῆλθε
1525 1444 1581 1501 δὲ
1614 1447 1729 1520 μετ’
1763 1443 1949 1521 ὀλίγον

291 1537 380 1592 καὶ
439 1539 466 1592 ὁ
526 1542 750 1611 Θωμᾶς,
811 1537 901 1591 καὶ
956 1535 1174 1611 ἐνεργὸς
1231 1535 1488 1590 πάντοθεν
1542 1533 1748 1611 ἐγίνετο
1780 1537 1951 1604 ἠπο-

295 1625 539 1702 λιορκία.
573 1623 744 1683 Οὐδὲν
795 1622 852 1680 δὲ
908 1625 937 1679 ’ὁ
995 1645 1047 1680 τι
1108 1624 1198 1679 καὶ
1258 1623 1424 1701 λόγου
1457 1624 1601 1694 ἃξιον
1633 1621 1946 1698 ἐπράττετο,

291 1720 402 1772 τῶν
459 1711 610 1770 ἔνδον
673 1713 959 1790 εὐρώστως
1017 1713 1375 1787 ἀμυνομένων
1418 1713 1631 1776 καὶτὰς
1665 1712 1948 1775 ἑλεπόλεις

295 1805 728 1880 ἐκκρουομένων.
790 1804 946 1881 ᾯετο
1039 1804 1134 1876 μὲν
1216 1805 1320 1878 γὰρ
1379 1804 1406 1857 ὁ
1467 1807 1665 1876 Θωμᾶς
1720 1803 1832 1876 ἅμα
1891 1823 1948 1857 τε
1982 1843 2026 1908 Β

292 1893 620 1972 ἐπιφανῆναι
656 1896 728 1966 τῇ
788 1889 1030 1966 βασιλίδι
1088 1892 1176 1947 καὶ
1238 1892 1351 1964 ἃμα
1402 1891 1529 1954 τοὺς
1559 1890 1790 1955 πολίτας
1821 1889 1950 1946 ἀνα-

289 1985 512 2038 πετάσει
545 1983 691 2052 αὐτῷ
746 1981 842 2042 τὰς
901 1979 1080 2042 πύλας
1139 1977 1228 2034 διὰ
1286 1981 1348 2034 τὸ
1408 1980 1544 2054 πρὸς
1587 1981 1678 2035 τὸν
1713 1979 1951 2055 Μιχαὴλ

303 2077 489 2146 μῖσος,
544 2070 634 2126 καὶ
694 2067 783 2124 διὰ
836 2075 996 2125 τοῦτο
1055 2071 1148 2124 τόν
1205 2090 1264 2124 τε
1319 2069 1625 2146 Γρηγόριον
1686 2071 1822 2144 (73),
1876 2070 1950 2132 ὡς

299 2160 546 2234 εἷ’πομεν,
592 2160 852 2234 πρότερον
911 2157 1142 2234 ἔπεμψε,
1199 2157 1289 2213 καὶ
1338 2157 1498 2220 αὐτὸς
1554 2155 1782 2213 πανσυδὶ
1817 2159 1952 2232 μετὰ

292 2254 384 2309 καὶ
441 2258 537 2308 τοῦ
595 2251 999 2322 υἱοθετηθέντος
1059 2252 1210 2324 αὐτῷ
1273 2253 1647 2321 Ἀναστασίου,
1697 2247 1816 2327 ἄρτι
1856 2251 1948 2305 τὸν

285 2343 592 2418 ’μοναχικὸν
653 2341 1028 2417 ἀρνησαμένου
1093 2341 1211 2416 βίον
1264 2342 1355 2396 καὶ
1401 2339 1538 2415 πρὸς
1564 2340 1655 2395 τὸν
1685 2341 1949 2413 κοσμικὸν

290 2431 717 2498 ἀποκλίναντος,
765 2430 993 2486 κατόπιν
1055 2429 1528 2501 ἐπηκολούθησεν
1586 2429 1660 2492 ὡς
1710 2427 1767 2484 δὲ
1799 2426 1952 2500 οὐδὲν

285 2522 399 2574 τῶν
459 2519 576 2574 κατ’
620 2515 850 2582 ἐλπίδας
907 2518 1055 2590 αὐτῷ
1113 2519 1441 2588 ἀπήντησεν,
1474 2516 1620 2574 ἀλλά
1649 2517 1737 2573 καὶ
1764 2513 1951 2592 ὕϐρεσι

307 2604 521 2679 μᾶλλον
577 2606 681 2661 ὑπὸ
731 2610 838 2661 τῶν
901 2600 1052 2662 ἔνδον
1110 2603 1395 2678 ἐπλύνετο,
1446 2607 1568 2663 τότε
1615 2607 1711 2679 μὲν
1741 2626 1952 2680 παρεμ-

309 2691 486 2767 ϐολὴν
518 2695 568 2751 ἐν
601 2703 717 2759 τοῖς
777 2693 1076 2765 Παυλίνου,
1135 2689 1256 2760 ἔνθα
1296 2696 1359 2750 τὸ
1387 2699 1492 2750 τῶν
1523 2697 1950 2774 θαυματουργῶν

300 2785 656 2862 Ἀναργύρων
719 2787 832 2859 (74)
886 2783 1109 2858 τέμενος
1161 2781 1400 2860 ἵδρυται,
1462 2786 1541 2857 [Ρ.
1588 2787 1716 2858 503]
1749 2785 1953 2860 ὀχυρὰν

300 2874 558 2945 ἐπήξατο,
595 2875 722 2930 λαὸν
753 2871 810 2928 δὲ
860 2874 1165 2949 πεπομφὼς
1218 2871 1350 2948 ἄχρι
1414 2877 1511 2928 τοῦ
1543 2873 1795 2946 Εὐξείνου
1827 2871 1951 2927 πόν-

291 2984 396 3018 του
456 2963 548 3018 καὶ
605 2967 702 3016 τοῦ
762 2963 932 3037 Ἰεροῦ
983 2961 1310 3036 ἀπεπειρᾶτο
1365 2966 1473 3016 τῶν
1528 2959 1864 3039 πολιχνίων,
1905 2959 1954 3015 εἲ

292 3071 413 3113 πως
447 3051 583 3105 αὐτά
632 3051 971 3126 προσαγάγοι
1029 3051 1118 3104 καὶ
1178 3051 1256 3122 μή
1311 3071 1428 3104 τινα
1456 3049 1592 3104 κατᾶ
1620 3049 1798 3104 νώτου
1829 3042 1956 3124 ἔχοι

295 3141 516 3216 ἐχθρόν.
573 3143 756 3198 Ταῦτα
815 3137 872 3195 δὲ
927 3139 1420 3213 καταστησάμενος,
1462 3140 1551 3195 καί
1609 3159 1756 3200 τινας
1813 3139 1956 3212 ἡμέ-

2054 556 2270 621 evenit,
2302 559 2405 614 sed
2436 561 2812 616 contumeliis
2845 578 3079 632 quoque
3132 567 3222 617 est
3270 561 3342 617 ab
3388 563 3701 634 oppidanis

2053 643 2320 713 aflectus,
2354 647 2437 701 ibi
2472 655 2598 704 tum
2622 657 2814 705 castra
2838 651 2896 705 in
2922 651 3050 707 loco
3078 653 3175 722 qui
3199 652 3432 707 Paulini
3463 653 3699 723 dicitur,

2053 733 2153 788 ubi
2187 734 2575 791 miriﬁcorum
2605 740 3043 811 Anargyrorum
3067 741 3355 811 templum
3383 742 3699 809 est,admo-

2054 824 2194 880 dum
2229 827 2462 891 muniit,
2499 828 2777 899 misitque
2833 830 3153 885 exercitum
3210 832 3281 886 ad
3322 849 3484 888 mare
3515 851 3704 904 usque

2053 915 2349 969 Euxinum
2382 921 2440 970 et
2485 915 2559 970 ad
2602 916 2863 985 Hierum,
2897 919 3180 989 oppidulo.
3207 919 3281 974 ad
3313 921 3706 978 defectionem

2056 1003 2380 1060 sollieitans
2403 1022 2477 1060 ne
2507 1022 2681 1077 quem
2704 1023 2739 1060 a
2761 1012 2921 1078 tergo
2952 1009 3184 1062 hostem
3214 1010 3708 1081 relinqueret.His

2055 1091 2138 1146 ita
2167 1093 2527 1158 constitutis,
2563 1094 2702 1150 dum
2735 1097 3043 1166 apparatui
3077 1096 3302 1167 aliquot
3329 1098 3454 1153 dies
3485 1101 3711 1172 impen—

2055 1179 2160 1247 dit,
2195 1198 2265 1236 ex
2299 1183 2539 1253 specula
2588 1183 2845 1254 quadam
2895 1183 3050 1239 videt
3081 1185 3431 1240 Michaelum
3465 1187 3526 1242 in
3557 1194 3709 1245 tecto

2040 1270 2199 1328 .aadis
2219 1272 2484 1342 Deiparaa
2511 1273 2962 1329 Blachernensis
2984 1275 3218 1347 signum
3252 1273 3394 1330 belli
3426 1275 3707 1347 defigere,

2056 1360 2313 1432 indeque
2333 1362 2486 1417 vires
2516 1369 2722 1418 contra
2779 1364 3009 1418 hostem
3038 1363 3357 1435 deposcere
3388 1369 3565 1436 atque
3598 1383 3706 1421 ex-

2056 1455 2344 1520 spectare,
2380 1451 2570 1506 ﬁlium
2600 1458 2799 1508 autem
2824 1453 2955 1524 ejus
2979 1453 3368 1524 Theophilum
3403 1459 3523 1510 tota
3545 1455 3710 1510 urbis

2057 1539 2275 1595 moenia
2305 1540 2620 1596 circumire
2651 1557 2786 1597 cum
2820 1543 3156 1613 patriarcha
3188 1549 3243 1597 et
3274 1560 3440 1598 sacro
3477 1545 3710 1610 ordine,

2039 1644 2278 1699 .eosque
2297 1647 2498 1686 secum
2523 1630 2906 1686 circumferre
2928 1631 3152 1703 lignum
3175 1633 3453 1701 crucis,et
3475 1633 3710 1688 intacta:

2057 1718 2323 1788 Deiparaa
2355 1725 2597 1775 vestem.
2633 1721 2751 1775 Hoc
2802 1737 2938 1792 spes
2982 1722 3110 1793 ejus
3143 1722 3214 1776 de
3246 1737 3480 1776 summa
3509 1739 3707 1778 rerum

2057 1807 2224 1862 valde
2265 1807 2657 1879 labefactavit,
2691 1810 2984 1881 variisque
3035 1810 3351 1866 distractus
3399 1812 3708 1883 cogitatio-

2059 1897 2236 1952 nibus
2268 1903 2327 1952 et
2356 1899 2588 1952 consilii
2611 1899 2894 1966 incertus,
2915 1899 3152 1954 tandem
3177 1899 3546 1955 multitudini
3570 1917 3711 1956 suo-

2060 2002 2196 2040 rum
2228 1987 2489 2042 confisus
2521 2004 2719 2059 pugna
2761 1988 3082 2043 decernere
3115 1989 3342 2044 statuit.
3375 1991 3576 2059 Itaque
3609 2006 3712 2060 po-

2061 2074 2265 2130 stridie
2304 2076 2498 2147 prima
2545 2076 2676 2131 luce
2724 2076 3041 2132 classicum
3089 2094 3302 2133 canere
3327 2078 3520 2148 jubet,
3553 2078 3706 2134 882

2061 2179 2198 2218 suos
2231 2165 2440 2219 castris
2473 2164 2686 2233 educit,
2720 2165 2843 2220 ﬁlio
2887 2167 3184 2221 terrestris
3230 2168 3378 2222 muri
3412 2183 3711 2240 oppugna-

2060 2252 2285 2306 tionem
2303 2251 2655 2308 demandat:
2680 2254 2805 2324 ipse
2829 2271 2964 2309 cum
2985 2255 3196 2325 majori
3219 2256 3522 2326 copiarum
3545 2261 3713 2326 parte

2058 2339 2562 2411 validioribusque
2613 2341 2903 2396 machinis
2927 2347 2983 2396 et
3009 2343 3322 2396 tormentis
3359 2348 3550 2398 turres
3583 2343 3711 2397 Bla-

2058 2428 2418 2484 chernenses
2476 2430 2829 2501 aggreditur,
2892 2430 3082 2485 scalas
3147 2431 3334 2485 muris
3391 2431 3708 2486 altitudine

2059 2517 2316 2589 aequales
2346 2519 2672 2589 applicans,
2707 2518 2848 2573 alibi
2905 2519 3257 2584 testudines,
3316 2519 3460 2574 alibi
3490 2520 3708 2576 arietes

2057 2606 2370 2675 adhibens,
2398 2609 2828 2679 tormentisque
2859 2625 3002 2664 saxa
3040 2608 3407 2680 jactantibus
3441 2610 3704 2680 undique

2056 2701 2251 2755 .utens.
2286 2697 2550 2768 Denique
2581 2698 2743 2752 omni
2773 2703 2897 2753 arte
2953 2715 3018 2753 ac
3050 2704 3265 2753 conatu
3297 2699 3507 2753 nititur
3538 2698 3708 2770 oppi-

2060 2784 2244 2840 danos
2269 2791 2600 2856 perterrere
2622 2786 2949 2857 urbemque
2971 2803 3202 2856 capere.
3229 2787 3509 2856 Reliquos
3530 2787 3709 2842 etiam

2060 2890 2263 2928 muros
2294 2874 2598 2929 navalibus
2630 2874 2818 2945 copiis
2860 2875 3063 2946 cingit,
3096 2875 3229 2946 igne
3274 2881 3332 2929 et
3388 2874 3714 2931 missilibus

2061 2966 2290 3018 terrens
2347 2963 2546 3032 Neque
2604 2967 2805 3018 tamen
2866 2963 3196 3033 quidquam
3255 2968 3419 3019 tanta
3457 2964 3508 3018 vi
3538 2969 3714 3034 atque

2061 3055 2348 3122 apparatu
2369 3055 2720 3105 consecutus
2745 3051 3124 3107 est.Classem
3148 3053 3304 3107 enim
3330 3052 3489 3107 illico
3507 3057 3715 3108 ventus

2061 3138 2343 3194 adversus
2390 3138 2718 3211 dissipavit,
2751 3140 2987 3210 aliaque
3025 3140 3143 3194 alio
3187 3140 3422 3212 navigia
3458 3141 3713 3212 disjecit,

310 3250 408 3305 ρας
466 3229 543 3293 εἷς
603 3233 946 3306 παρασκευήν
1007 3226 1132 3291 δοὺς
1190 3229 1384 3301 ἑαυτῷ,
1439 3229 1512 3290 ὡς
1571 3223 1632 3282 ἔκ
1657 3249 1804 3290 τινος
1833 3229 1957 3282 ἀπό-

2066 3234 2415 3300 tempestate
2444 3231 2775 3286 vehementi
2817 3230 3045 3299 oborta,
3076 3235 3232 3286 terra
3280 3247 3517 3302 quoque
3549 3231 3721 3302 Oppi-

302 3335 446 3374 πτῡυ
477 3317 692 3374 κατεῖδε
729 3319 820 3374 τὸν
886 3320 978 3392 μὲν
1038 3316 1270 3394 Μιχαὴλ
1298 3318 1358 3372 τὸ
1391 3316 1694 3390 πολεμικὸν
1729 3323 1954 3392 σημεῖον

304 3409 395 3464 ἐπὶ
425 3413 526 3464 τοῦ
558 3408 779 3486 στέγους
809 3412 906 3464 τοῦ
952 3411 1052 3473 τῆς
1101 3406 1368 3462 Θεοτόκου
1398 3411 1496 3462 τοῦ
1529 3405 1580 3462 έν
1615 3405 1956 3482 Βλαχέρναις

303 3497 593 3574 πεπηγότα
650 3501 801 3568 ναοῦ,
860 3498 1106 3552 κάκεῖθεν
1165 3498 1266 3566 τήν
1339 3495 1476 3551 κατᾶ
1530 3500 1636 3550 τῶν
1706 3495 1960 3552 ἐναντίων

305 3586 465 3662 ἰσχὺν
539 3586 921 3660 ἐξαιτούμενόν
1007 3606 1066 3641 τε
1129 3586 1217 3640 καὶ
1287 3580 1798 3660 προσλαμϐάνοντα,
1865 3586 1958 3641 τὸν

303 3677 417 3732 υἱὸν
445 3673 504 3731 δὲ
534 3677 705 3731 αὐτοῦ
761 3673 1028 3754 Θεόφιλον
1062 3675 1232 3730 πάντα
1289 3674 1381 3729 τὸν
1435 3681 1537 3744 τῆς
1569 3674 1786 3738 πόλεως
1818 3674 1960 3750 περί-

305 3761 476 3821 ϐολον
513 3765 648 3839 μετὰ
694 3769 792 3820 τοῦ
849 3767 1194 3840 πατριάργου
1251 3765 1340 3818 καὶ
1398 3767 1494 3818 τοῦ
1527 3763 1614 3819 ὑπ’
1647 3763 1805 3819 αὐτὸν
1836 3764 1962 3841 τάγ-

312 3875 479 3928 ματος
530 3852 984 3930 περικυκλοῦντα,
1042 3855 1104 3908 τό
1161 3875 1219 3908 τε
1271 3854 1542 3922 ζωοποιὸν
1589 3857 1686 3908 τοῦ
1732 3856 1963 3927 σταυροῦ

309 3942 470 4013 ξύλον
532 3941 924 4019 ἐπιφερόμενον
981 3943 1071 3996 καὶ
1128 3944 1226 4011 τήν
1284 3935 1482 4012 ἔσθῆτα
1546 3949 1645 4012 τῆς
1687 3942 1964 4017 πτανά-(νου

311 4029 576 4085 Θεοτόκου
609 4032 743 4104 (7’5),
787 4031 861 4092 εἷς
909 4029 1127 4100 πολλὴν
1189 4037 1296 4086 τῶν
1351 4033 1688 4106 πραγμάτων
1722 4031 1968 4086 ἐνέπιπτε

315 4115 694 4174 δυσελπιστίαν
751 4119 840 4173 καὶ
916 4124 1172 4182 παντοῖος
1248 4125 1368 4180 ταῖς
1441 4122 1685 4196 γνώμαις
1742 4119 1966 4194 ἐγίνετο.

315 4207 429 4265 Οὐκ
482 4201 626 4283 ἔχων
685 4204 730 4260 δ’
790 4208 818 4260 ὅ
875 4228 926 4260 τι
985 4207 1076 4261 γαὶ
1135 4207 1398 4282 πράξειεν,
1455 4206 1641 4268 ἄλλως
1689 4228 1746 4262 τε
1795 4204 1852 4262 δὲ
1880 4223 1969 4276 καὶ

313 4293 474 4373 ὄχλῳ
529 4295 772 4370 τοσούτῳ
827 4294 1038 4372 θαῤῥῶν
1112 4297 1173 4352 τὸ
1261 4294 1390 4352 ὅλον
1458 4294 1550 4352 διὰ
1615 4298 1803 4372 μάχης
1852 4317 1971 4372 κρι-

315 4384 784 4460 θῆναιήπείγετο.
835 4389 992 4450 Ὅθεν
1048 4389 1116 4458 τῇ
1175 4385 1298 4456 ἑξῆς
1355 4383 1467 4459 ἃμα
1526 4387 1662 4463 φωτὶ
1725 4385 1972 4458 σημάνας

309 4476 374 4532 τὸ
427 4476 678 4531 ἐνυάλιον
736 4475 863 4536 τοὺς
920 4471 1114 4550 ἄνδρας
1173 4474 1351 4551 ἐξῆγε.
1413 4476 1517 4532 Καὶ
1571 4479 1650 4546 τῷ
1712 4475 1806 4547 μὲν
1867 4473 1971 4548 υἱῷ

2067 3318 2238 3373 denis
2263 3317 2495 3374 fortiter
2523 3320 2919 3392 pugnantibus
2951 3320 3376 3390 machinasque
3401 3320 3454 3374 ei
3477 3319 3720 3374 inutiles

2068 3407 2704 3479 redigentibus.ltaque
2727 3410 2887 3464 omni
2912 3426 3014 3480 spe
3045 3408 3119 3465 ad
3152 3409 3389 3464 irritum
3420 3407 3720 3463 recidente

2069 3496 2335 3567 receptui
2367 3495 2546 3551 canit.
2581 3499 2648 3550 Et
2674 3497 2774 3568 qui
2800 3497 2861 3551 in
2885 3497 3031 3552 urbe
3064 3502 3257 3562 erant,
3281 3496 3721 3568 oppugnatione

2069 3585 2265 3640 soluta
2292 3586 2528 3641 animos
2558 3591 2948 3657 receperunt;
2975 3591 3324 3656 tantumque
3357 3586 3442 3640 eis
3473 3585 3723 3640 accessit

2068 3675 2458 3744 fortitudinis,
2490 3680 2555 3730 ut
2587 3675 2944 3746 quibusdam
2993 3675 3173 3729 etiam
3215 3674 3468 3744 portulis
3500 3673 3718 3744 apertis

2059 3766 2380 3836 .eruperint
2406 3781 2768 3835 manumque
2801 3780 2935 3819 cum
2967 3764 3202 3817 Thomaa
3256 3761 3546 3817 militibus
3577 3779 3718 3816 con-

2073 3855 2388 3910 seruerint.
2422 3857 2500 3909 Ex
2535 3871 2604 3909 eo
2637 3853 2842 3908 statuit
2869 3853 3124 3907 Thomas
3154 3868 3222 3906 ex
3253 3850 3499 3905 Thracia
3528 3850 3720 3906 disce-

2075 3943 2236 4010 dere,
2299 3943 2458 4014 quod
2519 3941 2788 4014 frigidior
2844 3957 2915 3997 ea
2968 3946 3058 3995 est
3116 3957 3222 4011 per
3252 3940 3510 3995 hiemem
3541 3939 3722 4012 regio,

2077 4034 2522 4103 exercitumque
2554 4031 2615 4084 in
2666 4031 2916 4086 hiberna
2959 4048 3065 4101 per
3111 4031 3382 4101 regiones
3414 4028 3726 4084 calidiores

2079 4123 2437 4194 dispergere.
2500 4123 2686 4186 Quam
2737 4121 3098 4176 sententiam
3139 4125 3452 4174 exsecutus
3484 4119 3724 4173 ineunte

2079 4227 2212 4266 vere
2243 4227 2450 4266 rursus
2502 4215 2660 4265 terra
2709 4211 2978 4280 marique
3029 4208 3238 4280 Cpolin
3271 4224 3611 4279 oppugnare
3644 4208 3727 4260 in-

2079 4300 2285 4356 tendit.
2320 4302 2519 4370 Neque
2550 4299 2699 4355 883
2734 4315 2868 4354 vero
2891 4297 3240 4354 Michaelum
3263 4297 3500 4369 qualem
3529 4302 3724 4361 antea,

2082 4391 2186 4447 sed
2210 4391 2337 4462 jam
2369 4396 2428 4445 et
2459 4390 2722 4445 terrestri
2770 4389 3018 4445 collecto
3071 4389 3331 4444 exercitu
3370 4389 3726 4443 instructum

2083 4487 2140 4536 et
2168 4498 2317 4536 nova
2349 4481 2536 4536 classe
2568 4481 2790 4535 invenit
2819 4482 3044 4535 Rursus
3075 4496 3213 4550 ergo
3247 4477 3518 4534 eamdem
3551 4493 3731 4548 quam

295 4568 400 4629 ,τὸν
468 4567 607 4622 κατά
658 4568 725 4622 τὸ
794 4571 1050 4642 χερσαῖον
1109 4571 1295 4640 τεῖχος
1380 4563 1639 4640 ἐπέτρεψε
1689 4564 1957 4636 πόλεμον,

2073 4569 2237 4641 prius
2257 4569 2421 4624 urbis
2443 4575 2670 4640 partem
2693 4569 3034 4641 aggreditur
3058 4567 3216 4639 apud
3241 4567 3438 4622 sinum
3462 4565 3734 4621 Blacher-

313 4657 474 4718 αὐτὸς
529 4653 586 4710 δὲ
640 4657 703 4710 τὸ
761 4657 905 4710 πολὺ
989 4661 1090 4724 τῆς
1176 4651 1457 4728 δυνάμεως
1515 4647 1658 4728 ἔχων
1721 4655 1808 4708 καὶ
1869 4653 1962 4716 τὰς

312 4746 573 4820 καρτερὰς
629 4744 912 4808 ἑλεπόλεις
989 4744 1078 4799 καὶ
1159 4744 1409 4820 μηχανὰς
1485 4743 1623 4798 κατά
1677 4744 1802 4804 τοὺς
1862 4747 1968 4798 τῶν

317 4833 648 4907 Βλαχερνῶν
760 4834 998 4908 πύργους
1109 4832 1346 4887 ἐποιεῖτο
1448 4839 1547 4900 τῆν
1628 4825 1971 4905 προσϐολήν,

317 4922 589 4994 κλίμακάς
673 4943 733 4978 τε
796 4922 1117 5000 προσφέρων
1213 4926 1330 4981 τοῖς
1431 4920 1668 4996 τείχεσιν
1773 4921 1973 4977 ἀναλό-

317 5030 450 5085 γους
481 5015 560 5082 τῷ
610 5012 756 5084 ὕψει,
816 5012 906 5066 καὶ
962 5009 1218 5085 ἀλλαχοῦ
1279 5010 1372 5083 μὶν
1410 5008 1685 5085 χελώνας,
1716 5009 1972 5086 ἀλλαχοῦ

321 5095 377 5154 δὲ
405 5097 614 5174 κριούς’
646 5099 941 5172 τοξεύμασι
1001 5095 1057 5154 δὲ
1107 5098 1197 5153 καὶ
1238 5092 1599 5172 πετροϐόλοις
1630 5098 1970 5174 πανταχόθεν

2075 4676 2350 4721 nensem,
2384 4658 2637 4729 dataque
2687 4658 2956 4714 irruendi
2984 4663 3207 4712 tessera
3252 4656 3414 4712 omni
3447 4655 3499 4709 vi
3531 4671 3734 4710 muros

2082 4749 2374 4803 machinis
2405 4747 2672 4802 adductis
2705 4752 3021 4803 concutere
3065 4750 3271 4801 tentat.
3308 4747 3456 4800 Dum
3488 4745 3614 4800 haec
3643 4760 3736 4816 ge-

2081 4839 2295 4889 runtur
2308 4833 2627 4888 Michaelus
2667 4850 2795 4888 cum
2831 4831 3185 4904 quibusdam
3203 4831 3436 4885 Thomas
3456 4830 3736 4884 militibus

2083 4922 2461 4994 colloquendi
2482 4922 2984 4993 opportunitatem
3017 4925 3226 4976 nactus
3251 4919 3612 4974 oblivionem
3644 4917 3728 4970 in-

2073 5012 2374 5084 juriarum
2421 5012 2720 5084 multaque
2778 5011 3071 5067 beneficia
3129 5008 3444 5082 promittit,
3477 5008 3523 5061 si
3567 5005 3641 5061 ad
3671 5022 3734 5061 se

2084 5101 2409 5158 transirent
2438 5101 2866 5175 sanguinisque
2897 5100 3086 5156 civilis
3115 5097 3444 5170 pollutione
3479 5095 3738 5152 abstine-

1518 5229 1880 5284 XYLANDRI
1926 5230 2014 5284 ET
2053 5230 2270 5286 GOARI
2309 5230 2531 5287 NOTAE.

413 5345 502 5415 73)
527 5346 581 5400 Is
613 5343 844 5412 Leonis,
877 5345 985 5400 iste
1041 5344 1203 5416 Scyri
1262 5343 1536 5416 exsulans
1578 5342 1972 5416 consobrinus

319 5410 550 5492 videtur
594 5410 896 5492 fuisse.Sic
955 5410 1132 5472 enim'
1170 5421 1332 5470 verto
1383 5410 1739 5492 ἀδελφιδρῦν,
1772 5431 1973 5492 vocem

315 5481 477 5543 'varie
501 5489 572 5543 de
598 5489 863 5560 cognatis
881 5485 1437 5560 usurpatam.Paulo
1469 5481 1603 5558 po'st
1624 5481 1748 5541 haec
1770 5487 1971 5557 opinio

319 5560 632 5633 perspicue
665 5560 1069 5633 confirmatur.
1106 5561 1243 5633 XrL.

306 5625 340 5702 ξ
392 5625 502 5706 (ἹΙΞ)
534 5632 742 5688 Plures
797 5648 832 5688 a
889 5631 1104 5688 Graecis
1159 5631 1438 5688 coluntur
1491 5625 1810 5704 Ἀνάργυροι
1843 5646 1972 5687 me.

2083 5345 2197 5400 dici
2229 5362 2263 5399 a
2290 5345 2531 5400 mercede
2553 5345 2826 5417 capienda
2857 5344 3047 5399 alieni.
3085 5340 3555 5417 Nominatissimi
3585 5346 3735 5417 sunt

2084 5418 2329 5472 Gosmas
2361 5423 2418 5471 et
2448 5412 2786 5486 Damianus,
2815 5431 3067 5486 quorum
3095 5414 3387 5486 templum
3419 5412 3470 5467 ἐν
3502 5416 3619 5476 τοῖς
3637 5415 3732 5466 τοῦ

2083 5487 2379 5544 Παυλίνου.
2412 5488 2589 5543 GOAR.

2153 5559 2268 5632 (75)
2295 5561 2376 5616 De
2408 5576 2526 5630 qua
2550 5564 2756 5617 auctor
2787 5558 3000 5615 Leonis
3030 5574 3187 5615 anno
3224 5563 3308 5615 17.
3344 5559 3520 5616 Com.
