4108 6300
438 343 558 403 967

1796 331 2116 398 GEORGII
2159 333 2504 400 GEDRENI

3753 340 3903 407 968

439 485 596 537 rent.
633 480 842 533 Verum
887 477 998 531 hoc
1052 475 1271 532 frustra
1323 473 1456 542 fuit,
1489 472 1878 529 ferocioribus
1919 471 2082 527 etiam

2213 470 2495 544 χρώπενος
2544 471 2805 550 ἠπείγετο
2861 480 3116 538 παντοῖος
3169 476 3489 555 φαινόμενος
3522 477 3902 551 καταπλῆξοι

448 569 562 624 ista
593 567 875 639 petitione
919 566 1090 621 factis
1135 565 1280 635 illis,
1338 570 1397 619 et
1453 563 1610 636 quod
1642 567 1804 618 metu
1836 561 2096 616 hostium

438 657 672 714 liberati
707 660 926 723 essent,
949 656 1184 713 Thomas
1217 671 1285 710 eo
1321 653 1710 709 ﬁdelioribus.
1745 653 1863 707 Hoc
1893 653 2093 722 itaque

439 749 750 820 desperato
781 752 999 803 conatu
1029 743 1343 800 Michaelus
1373 741 1576 797 multis
1607 741 1800 795 verbis
1827 756 1964 794 suos
1996 755 2093 794 co-

439 840 714 894 hortatur
772 842 840 892 ut
897 853 957 891 se
1018 834 1250 889 fortiter
1305 837 1513 904 gerant
1569 845 1762 901 neque
1805 829 2093 884 scelerato

438 933 692 1000 tyranno
723 926 1062 980 libertatem
1121 922 1418 994 probant:
1482 925 1607 976 tum
1653 919 1847 974 subito
1888 917 2094 972 multis

438 1018 625 1090 portis
641 1014 955 1071 elTundens
968 1029 1106 1068 suos
1119 1013 1351 1066 hostem
1364 1008 1511 1064 nihil
1524 1009 1638 1063 tale
1653 1012 2095 1079 exspectantem

441 1105 1051 1173 adoritur,subitoque
1064 1102 1286 1172 impetu
1299 1099 1680 1171 perterritum
1701 1113 1913 1168 magna
1929 1095 2096 1151 clade

440 1196 648 1259 afﬁcit,
676 1195 1073 1262 adversosque
1095 1189 1385 1258 fundit,ac
1414 1187 1720 1243 victoriam
1750 1185 2096 1258 praaclaram

433 1281 837 1354 reportat.Sed
860 1285 918 1336 et
938 1279 1144 1336 classis
1171 1280 1407 1333 Thomas
1439 1276 1833 1331 infortunium
1862 1273 2096 1330 habuit.

436 1374 581 1428 Cum
633 1373 791 1427 enim
842 1368 1238 1440 imperatorias
1294 1367 1567 1421 triremes
1607 1364 2095 1446 proveherentur’

427 1463 681 1535 jamque
714 1477 925 1534 pugnae
953 1457 1334 1515 conserendae
1366 1461 1604 1528 tempus
1629 1459 1806 1524 esset,
1835 1453 2095 1509 hostium

439 1559 618 1598 naves
647 1548 811 1597 metu
846 1540 1101 1613 quodam
1136 1544 1195 1594 et
1225 1537 1486 1592 tumultu
1514 1540 1906 1591 consternata;
1936 1538 2095 1588 retro

438 1633 514 1689 ad
543 1639 762 1688 terram
798 1631 1208 1704 profugerunt.
1242 1627 1542 1683 Classiarii
1574 1643 1710 1697 pars
1739 1625 1813 1680 ad
1845 1625 2098 1694 impera-

439 1729 634 1779 torem
665 1721 961 1789 abierunt,
995 1736 1130 1792 pars
1179 1725 1338 1773 terra
1367 1717 1430 1771 in
1462 1731 1568 1771 sua
1597 1725 1791 1770 castra
1817 1713 2094 1784 profuge-

2199 562 2457 633 μὲντοὺς
2516 561 2771 635 πολίτας,
2829 572 3096 639 κρατῆσαι
3155 563 3212 620 δὲ
3267 574 3368 636 τῆς
3427 567 3671 636 πόλεως,
3704 589 3898 641 περι-

2197 652 2484 726 στοιχίσας
2539 653 2630 708 καὶ
2688 654 2754 708 τὰ
2811 653 2980 710 λοιπὰ
3027 655 3188 734 τείχη
3222 660 3291 729 τῇ
3345 661 3573 729 ναυτικῇ
3606 656 3892 730 δυνάμει,

2197 740 2324 816 πυρί
2356 761 2416 796 τε
2453 742 2543 796 καὶ
2586 743 2908 816 τοξεύμασιν
2963 740 3231 822 ἐκφοϐῶν.
3269 743 3427 800 Ἀλλ’
3458 743 3613 800 οὐδὲν
3644 752 3762 800 τῶν
3803 746 3898 805 εἷς

2198 827 2383 900 ὄνησιν
2425 834 2698 909 φερόντων
2727 833 2876 906 αύτῷ
2917 836 2952 902 ἡ
3003 835 3241 904 τοσαύτη
3275 832 3500 908 δύναμις
3530 837 3620 890 καὶ
3657 859 3894 914 φαντα-

2199 920 2286 976 σία
2336 923 2721 996 κατεπράξατο.
2787 924 2864 980 Τὸ
2921 924 3014 996 μὶν
3076 925 3182 998 γὰρ
3247 927 3496 980 ναυτικὸν
3554 926 3717 989 εὐθύς
3785 947 3890 986 τις

2199 1009 2522 1075 ἐπιπνεύσας
2551 1010 2782 1075 ἐναντίος
2811 1010 3010 1085 ἄνεμος
3043 1010 3260 1068 διέΛυσέ
3290 1035 3347 1068 τε
3376 1016 3464 1068 καὶ
3496 1012 3679 1085 ἄλλην
3707 1013 3882 1089 ἄλλῃ

2201 1096 2562 1175 διασπαρῆναι
2610 1100 2836 1172 ἐποίησε
2889 1106 2999 1156 τῶν
3039 1107 3256 1179 σκαφῶν
3316 1105 3408 1158 ἅτε
3437 1103 3525 1158 καὶ
3567 1109 3883 1177 χειμῶνος

2199 1187 2436 1260 ἐξαισίου
2468 1190 2833 1268 ὑπάρχοντος·
2881 1192 3018 1246 κατά
3075 1189 3131 1245 δὲ
3179 1192 3279 1260 τήν
3334 1192 3561 1266 ἤπειρον
3589 1193 3881 1268 γενναίως

2198 1282 2306 1334 τῶν
2361 1279 2466 1333 ἀπὸ
2523 1286 2624 1348 τῆς
2677 1279 2893 1341 πόλεῶς
2952 1280 3368 1354 ἀγωνιζομένων
3405 1281 3493 1336 καὶ
3534 1281 3881 1356 ἀχρήστους

2200 1368 2348 1441 αὐτῷ
2439 1369 2738 1424 ποιούντων
2803 1369 2900 1433 τὰς
2971 1371 3248 1444 μηχανάς,
3318 1368 3672 1445 διαπορηθεὶς
3743 1376 3879 1434 τοῖς

2201 1466 2361 1515 πᾶσιν
2430 1459 2692 1530 ἀνέζευξε,
2757 1460 2848 1514 καὶ
2905 1461 2939 1528 ἡ
3000 1459 3444 1534 πολιορκουμένη
3514 1459 3680 1524 πόλις
3758 1464 3873 1516 ἀν-

2203 1550 2484 1624 εθάρσησε,
2535 1549 2625 1604 καὶ
2681 1554 2940 1604 τοσοῦτον
2999 1547 3394 1625 ἀνδρικώτερον
3427 1551 3702 1606 ἐπετίθετο
3736 1558 3873 1614 τοῖς

2199 1643 2297 1694 τοῦ
2322 1638 2627 1694 ἀποπάτου
2672 1638 2748 1702 ὡς
2801 1637 2888 1694 καί
2921 1658 3071 1700 τινας
3103 1643 3209 1693 τῶν
3238 1635 3389 1694 ἔνδον
3420 1638 3652 1702 πυλίδας
3705 1641 3870 1695 civer-

2202 1727 2429 1802 γνύντας
2459 1733 2558 1796 τῆς
2589 1725 2807 1788 πόλεως
2855 1727 3044 1799 ἐξιέναι
3098 1725 3186 1781 καὶ
3229 1733 3349 1790 τοῖς
3388 1727 3686 1801 πολεμίοις
3723 1750 3872 1800 συμο

437 1819 597 1868 runt.
632 1812 725 1866 Sic
750 1810 973 1881 absque
1005 1807 1205 1863 labore
1264 1805 1470 1862 classis
1500 1805 1736 1859 Thomas
1767 1801 2082 1858 distributa

2190 1801 2504 1874 πλέκεσθαι.
2538 1818 2722 1893 Ἒγνω
2783 1814 2879 1870 οὖν
2930 1818 2957 1870 6
3008 1817 3318 1887 ἀποστάτης
3367 1815 3453 1872 διὰ
3485 1819 3546 1873 τὸ
3577 1825 3680 1888 τῆς
3719 1820 3870 1891 Θρᾲ-

433 1902 588 1958 884
619 1906 725 1956 est.
759 1899 823 1954 Id
849 1899 1052 1953 videns
1079 1897 1392 1970 Gregorius
1425 1895 1634 1950 Leonis
1665 1892 2079 1957 consobrinus,

429 1992 835 2061 Thomamque
866 1987 1207 2059 intelligens
1265 1985 1488 2057 exiguaa
1532 1981 1902 2039 auctoritatis
1929 1996 2078 2049 esse,

431 2081 858 2152 suspicansque
875 2077 1051 2150 paulo
1065 2081 1200 2148 post
1215 2075 1349 2146 plus
1367 2075 1544 2130 etiam
1560 2073 1614 2127 ei
1629 2070 2084 2127 existimationis

431 2171 836 2236 decessurum,
861 2185 924 2223 re
947 2183 1128 2239 opera
1156 2164 1468 2238 cujusdam
1509 2162 1784 2218 monachi
1806 2161 1879 2215 de
1902 2160 2085 2215 colle-

431 2261 526 2331 gio
549 2258 738 2314 Studii
761 2273 895 2312 cum
915 2257 1273 2326 imperatore
1295 2253 1896 2316 communicata,cum
1917 2252 2083 2319 parte

434 2349 523 2403 sui
557 2347 853 2402 exercitus
882 2361 917 2400 a
946 2344 1193 2415 reliquis
1237 2359 1299 2398 se
1347 2341 1567 2408 avellit,
1599 2342 1681 2395 ita
1707 2344 1774 2394 ut
1803 2355 1937 2394 eum
1956 2338 2084 2409 jam

431 2437 684 2492 Thomas
715 2451 750 2490 a
779 2440 940 2506 tergo
971 2433 1237 2488 haberet.
1282 2432 1402 2486 Hoc
1452 2437 1508 2486 et
1558 2428 1820 2484 hominis
1850 2431 2080 2498 perter-

428 2524 598 2580 rendi
623 2529 681 2579 et
696 2523 1071 2594 imperatoris
1091 2520 1363 2593 placandi
1396 2525 1454 2574 et
1476 2535 1724 2574 uxorem
1746 2515 2081 2586 liberosque

433 2614 596 2688 (nam
640 2630 674 2669 a
730 2611 1014 2667 Michaelo
1075 2609 1289 2682 captivi
1343 2607 1692 2664 detinebant
1721 2623 1791 2662 ex
1823 2621 1939 2677 quo
1971 2605 2083 2660 iste

431 2705 506 2760 ad
535 2705 820 2760 Thomam
854 2701 1200 2773 desciverat)
1237 2699 1505 2756 servandi
1537 2697 1733 2754 studio
1765 2696 2080 2752 faciebant.

431 2794 544 2852 Sed
575 2810 768 2865 neque
827 2809 924 2848 res
979 2791 1171 2848 adhuc
1226 2795 1354 2846 erat
1391 2787 1734 2861 imperatori
1768 2786 1989 2854 audita,
2023 2799 2086 2849 et

431 2886 682 2941 Thomas
705 2889 977 2940 metuens
1008 2900 1082 2938 ne
1132 2882 1326 2938 subito
1380 2895 1593 2952 magna
1623 2880 1791 2934 ﬁeret
1820 2870 2084 2949 Gregorii

430 2973 1075 3042 auctoritas,simulque
1097 2977 1164 3027 ut
1187 2971 1309 3028 suis
1339 2974 1564 3025 metum
1588 2968 2083 3040 injiceret,castra

428 3065 500 3121 ab
531 3064 677 3120 urbe
709 3080 830 3118 non
861 3061 1125 3127 dimovit,
1157 3061 1378 3115 veritus
1425 3075 1500 3113 ne
1545 3058 1732 3112 hostis
1762 3062 1889 3112 seat
1943 3071 2081 3127 ergo

424 3160 808 3226 sequeretur:
849 3152 1068 3207 milites
1101 3156 1355 3221 quantos
1381 3148 1452 3204 ad
1486 3147 1906 3203 debellandum
1938 3147 2077 3200 Gre-

428 3245 659 3317 gorium
707 3243 1057 3297 suffecturas
1108 3239 1434 3311 judicabat,
1488 3254 1800 3293 assumens
1830 3237 1892 3290 in
1922 3237 2079 3290 hunc

431 3332 618 3396 duxit,
649 3330 970 3402 praelioque
1002 3329 1197 3384 fusum
1231 3333 1287 3382 et
1325 3328 1385 3381 in
1416 3327 1552 3398 fuga
1583 3326 2082 3396 comprehensum

438 3420 690 3474 necavit.
726 3418 868 3473 Inde
901 3417 1175 3472 celeriter
1204 3416 1277 3471 ad
1317 3416 1558 3470 relictos
1589 3415 1661 3469 ad
1693 3412 2080 3468 obsidendam

435 3509 646 3566 urbem
679 3507 962 3562 erercitus
991 3522 1258 3560 reversus
1288 3505 1518 3559 litteras
1560 3504 1620 3558 in
1653 3519 1860 3558 omnes
1886 3507 2083 3572 partes

439 3598 705 3664 dimittit,
741 3597 957 3668 quibus
1005 3594 1150 3651 falso
1175 3594 1440 3667 jactabat
1466 3609 1526 3647 se
1559 3591 1800 3647 victoria
1830 3590 2082 3662 politum

435 3688 619 3744 fuisse
642 3704 654 3752 ;
689 3687 1058 3757 classemque
1081 3701 1212 3757 quae
1235 3683 1390 3756 apud
1413 3683 1696 3738 Graeciam
1721 3687 1866 3747 erat,
1883 3680 2082 3736 statim

435 3780 508 3835 ad
559 3796 620 3834 se
665 3784 833 3834 vocat
879 3777 1054 3832 veluti
1106 3793 1232 3832 rem
1291 3775 1441 3830 mari
1474 3774 1754 3829 continuo
1785 3777 2078 3844 gesturus.

435 3871 616 3939 Atque
640 3869 765 3922 h‘BC
789 3867 1051 3940 quidem,
1073 3865 1231 3936 quod
1257 3870 1481 3920 rectum
1507 3880 1746 3919 cursum
1769 3862 2078 3931 tenuisset,

431 3957 655 4027 absque
688 3973 853 4011 mora
884 3955 957 4010 ad
988 3955 1184 4010 locum
1217 3955 1316 4025 qui
1358 3952 1546 4008 Beridi
1581 3951 1798 4007 dicitur
1827 3949 2076 4022 appulit.

432 4043 754 4100 Constabat
801 4044 1048 4099 navibus
1095 4059 1305 4116 pugnas
1353 4041 1772 4111 frumentoque
1814 4038 2080 4094 vehendo

431 4135 583 4208 aptis
616 4138 744 4189 350.
802 4137 876 4189 At
931 4135 1325 4206 imperatorias
1383 4133 1590 4188 classis
1635 4131 1784 4188 885
1820 4129 2081 4202 praefecti

427 4225 659 4297 cognito
717 4224 894 4295 hujus
935 4223 1211 4289 adventu,
1269 4226 1451 4277 noctu
1508 4218 1750 4274 hostiles
1780 4233 1956 4274 naves
1987 4217 2081 4271 in-

427 4316 680 4370 statione
707 4313 1126 4382 adorti,subito
1151 4313 1379 4384 impetu
1404 4309 1727 4366 classiariis
1749 4308 2080 4380 perterritis

429 4404 647 4459 multas
678 4421 813 4459 cum
865 4403 1010 4474 ipsis
1067 4401 1399 4458 vectoribus
1452 4403 1758 4471 ceperunt,
1791 4397 2080 4467 quasdam

427 4493 746 4548 artiﬁcioso
785 4493 904 4565 igni
963 4491 1437 4553 combusserunt,
1497 4490 1704 4560 paucis
1757 4486 2079 4542 admodum

2119 3193 2162 3260 C

2193 1928 2294 1979 κης
2325 1908 2609 1982 χειμέριον
2665 1905 2752 1960 ἐπὶ
2806 1906 3250 1985 παραχειμασίαν
3306 1910 3578 1981 τραπῆναι
3627 1908 3722 1963 καὶ
3766 1909 3866 1962 τὸν

2193 1996 2324 2052 λαὸν
2358 1994 2610 2051 σκεδάσαι
2676 1995 2727 2050 ἐν
2788 1993 3181 2072 ἀλεεινοτέροις
3243 1996 3494 2071 χωρίοις.
3539 1999 3608 2055 Ὀ
3658 1995 3732 2066 δὴ
3766 1999 3864 2051 καὶ

2192 2092 2448 2160 ποιήσας,
2503 2088 2577 2151 ὡς
2627 2085 2735 2158 ἢδη
2793 2089 2855 2142 τὸ
2914 2086 3008 2162 ἔαρ
3067 2087 3397 2161 ἐπέλαμπεν,
3461 2088 3861 2164 ἀμφοτέρωθεν

2192 2176 2344 2239 αὖθις
2376 2179 2513 2232 κατὰ
2539 2183 2642 2253 γῆν
2695 2197 2752 2232 τε
2809 2177 2899 2231 καὶ
2947 2176 3216 2232 θάλασσαν
3273 2173 3445 2252 ἔκρινε
3472 2173 3858 2253 προσϐάλλειν

2191 2271 2259 2342 τῇ
2318 2265 2743 2322 Κωνσταντίνου.
2799 2264 2958 2323 Ἀλλ’
3011 2263 3118 2337 ἤδη
3179 2267 3270 2321 καὶ
3317 2267 3409 2321 τὸν
3460 2266 3700 2341 Μιχαὴλ
3751 2268 3864 2344 ούχ

2193 2357 2266 2422 ὡς
2296 2357 2357 2412 τὸ
2387 2357 2682 2431 πρότερον,
2741 2354 2862 2431 ἄρτι
2923 2352 2980 2410 δὶ
3039 2359 3438 2431 στρατιωτικήν
3468 2376 3591 2412 τινα
3624 2354 3862 2430 δύ’ναμιν

2193 2448 2407 2522 εὕρισκε
2479 2443 2881 2518 συλλεξάμενον
2965 2446 3055 2499 καὶ
3139 2445 3320 2518 ἑτέραν
3380 2445 3517 2501 κατά
3576 2439 3857 2510 θάλασσαν

2191 2539 2474 2606 ναυτικήν.
2533 2537 2660 2592 Κατ’
2727 2534 2901 2590 έκεῖνο
2984 2541 3114 2610 γοῦν
3193 2533 3360 2592 πάλιν
3419 2532 3507 2611 ᾔει
3561 2539 3625 2592 τὸ
3689 2539 3856 2614 μέρος

2193 2625 2562 2700 ὁπλισάμενος
2591 2625 2628 2700 ᾖ
2658 2627 2748 2680 καὶ
2807 2625 3097 2700 πρότερον,
3151 2627 3244 2681 τὸν
3304 2625 3512 2682 κόλπον
3559 2632 3672 2682 τῶν
3707 2631 3856 2684 Βλα-

2194 2720 2424 2791 χερνῶν,
2471 2714 2562 2770 καὶ
2595 2714 2846 2786 σύνθημα
2906 2711 3030 2776 δοὺς
3082 2715 3143 2770 τὸ
3200 2715 3509 2788 πολεμικὸν
3541 2713 3764 2790 ἐνεργὸς
3792 2719 3854 2787 ἦν

2192 2805 2286 2869 τάς
2357 2804 2611 2878 μηχανὰς
2675 2803 2962 2878 προσάγων
3022 2804 3109 2858 καὶ
3178 2805 3245 2858 τά
3316 2804 3478 2879 τείχη
3549 2806 3849 2860 κατασείειν

2194 2896 2553 2967 πειρώμενος.
2623 2895 2773 2965 [504]
2843 2893 2930 2948 Ἐν
2996 2893 3042 2964 ᾧ
3127 2889 3184 2947 δέ
3283 2897 3451 2947 ταῦτα
3527 2891 3832 2969 ἐπράττετο,

2195 2981 2269 3044 εἷς
2299 2980 2500 3058 λόγους
2554 2982 2582 3035 6
2641 2977 2874 3055 Μιχαήλ
2937 2979 3074 3049 ἦλθέ
3130 3001 3238 3036 τισι
3266 2985 3375 3036 τῶν
3405 2984 3834 3056 στρατευομένων

2191 3075 2271 3143 τῷ
2302 3070 2596 3144 ἀποστάτῃ,
2665 3070 2961 3141 ἀμνηστίαν
3011 3089 3070 3124 τε
3129 3075 3309 3124 κακῶν
3360 3071 3550 3132 αὐτοῖς
3580 3070 3846 3148 ἐπαγγελ-

2193 3157 2428 3233 λόμενος
2472 3157 2561 3213 καὶ
2609 3159 3151 3233 καθυπισχνούμενος
3184 3156 3376 3213 δώσειν
3423 3159 3596 3232 ἀγαθά
3642 3158 3854 3229 πολλὰ,

2194 3249 2241 3303 εί
2310 3249 2474 3322 μόνον
2559 3244 2624 3316 δὴ
2688 3248 3071 3319 μετατάξαιντο
3117 3248 3208 3302 καὶ
3263 3245 3488 3322 α’ίμασιν
3557 3247 3857 3324 ἐμφυλίοις

2191 3337 2528 3412 ἀπόσχοιντο
2595 3336 2930 3412 χραίνεσθαι.
2993 3335 3275 3408 Ἐπέραινε
3342 3335 3398 3393 δὶ
3463 3334 3640 3408 οὐδὲν,
3703 3337 3854 3392 ἀλλὰ

2191 3425 2694 3502 θαῤῥαΑεωτέρους,
2750 3424 2832 3478 δτι
2921 3423 2986 3491 δὴ
3077 3423 3166 3478 καὶ
3235 3423 3666 3499 παρακαλοῖντο,
3727 3426 3858 3490 τοὺς

2189 3512 2484 3574 ἀκούοντας
2517 3510 2716 3577 ἐποίει,
2773 3513 2864 3566 καὶ
2921 3518 3020 3581 τῆς
3073 3511 3134 3566 ἐκ
3183 3517 3280 3567 τοῦ
3338 3509 3512 3589 φόϐου
3541 3515 3853 3576 συστάσεως

2190 3600 2526 3674 λελυμένους
2581 3601 2672 3655 καὶ
2736 3597 3118 3676 βεϐαιοτέρους
3185 3606 3266 3674 τῷ
3325 3601 3606 3677 ἀποστάτῃ
3667 3603 3857 3680 εἰργά-

2190 3712 2348 3750 σατο.
2393 3693 2508 3760 Τῆς
2535 3689 2794 3760 τοιαύτης
2827 3687 2886 3744 δὲ
2911 3690 3102 3764 πείρας
3150 3691 3508 3768 ἀπεγνωκὼς,
3539 3691 3632 3746 καὶ
3662 3692 3852 3747 πολλά

2187 3781 2314 3842 τοὺς
2371 3780 2463 3834 σὺν
2524 3778 2671 3851 αὐτῷ
2728 3777 3110 3853 παρακαλέσας
3167 3777 3358 3853 ἄνδρας
3417 3779 3653 3855 ἀγαθοὺς
3704 3783 3851 3854 γενέ-

2191 3871 2309 3923 σθαι
2373 3867 2461 3922 καὶ
2520 3870 2594 3940 μὴ
2654 3870 2914 3942 προέσθαι
2968 3867 3228 3943 ἀλάστορι
3281 3868 3527 3944 τυράννῳ
3555 3871 3657 3937 τήν
3689 3869 3848 3925 ἕλευ-

2187 3957 2390 4032 θερίαν,
2422 3956 2570 4034 ἄφνω
2629 3956 2688 4012 ἐκ
2743 3957 2971 4012 πολλῶν
3030 3955 3276 4013 πυλίδων
3314 3956 3543 4029 ἐξελθὼν
3573 3957 3849 4034 ἀπροσδο-

2187 4049 2372 4118 κήτως
2435 4045 2730 4102 ἐπιτίθεται
2787 4053 2903 4109 τοῖς
2959 4044 3244 4109 ἐναντίοις·
3305 4047 3396 4102 καὶ
3445 4052 3524 4120 τῷ
3557 4047 3850 4124 παραδόξῳ

2188 4134 2676 4208 καταπληξάμενος
2751 4136 2878 4198 τοὺς
2973 4135 3455 4210 ἀντιτεταγμένους
3555 4135 3843 4211 ἐτρέψατο,

2189 4226 2389 4303 φθόρον
2419 4225 2604 4280 ἱκανὸν
2659 4223 3026 4302 ἐργασαμενος
3073 4227 3160 4280 καὶ
3213 4227 3368 4296 νίκην
3402 4225 3662 4300 λαμπρὰν
3695 4226 3846 4302 ἐνεγ-

2186 4316 2443 4389 κάμενος.
2504 4314 2606 4370 Καὶ
2693 4315 2758 4368 τά
2839 4315 3066 4369 ναυτικά
3130 4312 3188 4370 δὲ
3243 4320 3422 4377 κακῶς
3478 4314 3690 4391 ἠνέχθη
3745 4321 3844 4372 τοῦ

2187 4402 2512 4459 ἀποστάτου·
2547 4403 2620 4464 ὡς
2671 4403 2776 4477 γὰρ
2829 4403 2883 4458 αἱ
2944 4401 3224 4478 βασιλικαὶ
3281 4406 3525 4479 τριήρεις
3565 4406 3836 4480 ἀνήγοντο

2186 4493 2276 4547 καὶ
2331 4489 2440 4562 ἢδη
2497 4490 2900 4564 συμπλέκεσθαι
2975 4491 3233 4563 ἔμελλον,
3305 4490 3521 4566 δείμασί
3577 4515 3686 4549 τισι
3747 4495 3836 4550 καὶ

423 4580 690 4651 periculo
714 4562 949 4652 ereptis,
985 4597 1116 4650 quas
1147 4579 1326 4635 celeri
1375 4578 1511 4651 fuga
1553 4577 1627 4632 ad
1673 4582 1910 4648 portum
1942 4575 2074 4630 Bla-

2190 4575 2443 4656 θορύϐοις
2497 4562 3012 4654 περικτυπηθέντος
3047 4586 3143 4636 τοῦ
3189 4562 3432 4638 ἐναντίου
3472 4583 3674 4638 στόλου
3704 4583 3841 4658 πρύ-

425 4670 817 4724 chernensem
851 4675 1064 4725 avecta)
1094 4669 1176 4724 ibi
1209 4686 1270 4724 se
1323 4684 1460 4723 cum
1485 4666 1864 4722 terrestribus
1894 4664 2080 4737 copiis

424 4757 886 4830 conjunxerunt.
921 4761 1040 4813 Hoc
1070 4758 1248 4813 modo
1296 4773 1392 4812 res
1424 4756 1571 4812 mari
1602 4760 1784 4827 gesta.
1820 4757 1893 4810 At
1925 4760 2080 4810 terra

421 4848 957 4904 continenterlevia
969 4848 1174 4920 praelia
1187 4843 1885 4903 ﬁebantmodoMichaelo
1898 4843 2076 4898 modo

420 4937 547 4993 {ilio
571 4937 701 5010 ejus
739 4937 1062 5010 Theophilo
1109 4953 1242 4993 cum
1286 4935 1557 4992 Catacela
1601 4939 1659 4989 et
1687 4932 1934 4989 Olbiano
1967 4932 2076 4988 ad-

416 5043 620 5083 versus
657 5027 891 5083 hostem
947 5043 1085 5082 suos
1134 5026 1440 5081 educente.
1483 5025 1701 5078 Horum
1733 5021 2073 5092 praeliorum

415 5117 579 5172 varia
607 5116 719 5172 fuit
741 5117 801 5171 in
820 5122 1135 5186 utramque
1157 5120 1384 5186 partem
1417 5112 1842 5168 fortunaJusta
1872 5115 2072 5167 autem

418 5223 618 5278 pugna
648 5206 1015 5262 decertatum
1061 5220 1366 5274 nunquam
1417 5206 1524 5269 est,
1560 5201 1717 5273 quod
1748 5202 2072 5272 imperator

418 5310 553 5349 cum
581 5296 773 5364 hoste,
801 5297 971 5376 cujus
994 5295 1182 5351 multo
1209 5299 1378 5350 erant
1399 5294 1839 5349 numerosiores
1862 5294 2066 5366 copim,

415 5385 695 5456 congredi
727 5387 851 5442 acie
884 5404 1003 5442 non
1035 5384 1310 5441 audebat.
1347 5385 1464 5440 Hoc
1508 5399 1704 5439 rerum
1736 5389 1894 5439 statu
1922 5387 2069 5440 Mor-

416 5477 592 5540 tagon
650 5475 1034 5549 Bulgarorum
1091 5491 1195 5530 rex
1249 5474 1406 5542 fana,
1439 5492 1569 5546 quas
1629 5480 1816 5530 totum
1861 5474 2068 5530 orbem

415 5567 710 5619 terrarum
766 5570 1122 5636 pervaserat,
1182 5567 1582 5621 Romanorum
1644 5565 2066 5636 imperatorem

413 5653 602 5716 muris
631 5653 932 5712 inclusum
953 5654 1237 5725 obsideri,
1260 5656 1504 5723 excitus,
1525 5653 1678 5710 clam
1705 5653 1780 5710 ad
1809 5653 2064 5710 Michae-

2194 4691 2328 4743 μναν
2387 4669 2444 4723 αἱ
2507 4675 2632 4738 νῆες
2694 4667 3016 4744 ἐκρούσαντο
3081 4672 3166 4725 καὶ
3235 4672 3371 4746 πρὸς
3448 4672 3550 4740 τήν
3637 4671 3836 4747 χέρσον

2185 4764 2512 4836 κατήγοντο,
2542 4761 2633 4815 καὶ
2682 4762 2732 4815 oi
2795 4762 2888 4834 μέν
2935 4767 3043 4817 τῶν
3078 4759 3280 4837 ἀνδρῶν
3315 4763 3668 4835 ηὐτομόλουν
3701 4766 3838 4838 πρὸς

2189 4849 2438 4927 βασιλέα,
2491 4850 2543 4903 οἱ
2593 4846 2649 4904 δὲ
2699 4851 2835 4924 πρὸς
2863 4852 2926 4906 τὸ
2959 4851 3158 4907 οῗκεῖον
3205 4849 3567 4926 στρατόπεδον
3604 4854 3668 4908 τὸ
3697 4856 3833 4909 κατὰ

2184 4943 2288 5016 γῆν
2339 4935 2756 5011 ἀπεδίδρασκον.
2815 4939 2920 4996 Καὶ
2980 4941 3123 4995 οὕτω
3184 4941 3278 5014 μὲν
3337 4941 3570 5013 ἀπονητὶ
3603 4941 3826 5015 διελύθη

2181 5032 2278 5083 τοῦ
2334 5027 2623 5102 τυράννονυ
2679 5027 2742 5082 τὸ
2809 5029 3080 5088 ναυτικόν.
3110 5030 3268 5086 Ὅθεν
3324 5030 3416 5086 καὶ
3447 5031 3772 5107 Γρηγόριος,
3804 5034 3832 5088 ὁ

2178 5123 2275 5174 τοῦ
2337 5115 2605 5194 βασιλέως
2663 5115 2988 5198 ἀδελφιδοῦς
3039 5121 3292 5188 Λέοντος,
3352 5123 3706 5196 συνεωρακὼς
3751 5122 3833 5178 εὖ·

2177 5203 2586 5281 καταφρόνητον
2641 5199 2771 5260 ὄντα
2821 5205 2915 5262 τὸν
2986 5210 3184 5279 Θωμᾶν
3243 5207 3570 5280 (ὅπετόπαζε
3628 5205 3687 5263 δὲ
3741 5211 3830 5264 καὶ

2177 5295 2462 5370 προϊόντος
2515 5297 2613 5348 τοῦ
2669 5295 2877 5369 χρόνου
2927 5297 3321 5370 γεννησόμενον
3371 5297 3459 5351 ἐπὶ
3495 5297 3714 5370 πλέον),
3746 5296 3834 5354 διὰ

2174 5404 2318 5445 τινος
2354 5387 2598 5462 μοναχοῦ
2627 5387 2735 5437 τῶν
2767 5382 2872 5438 ἀπὸ
2925 5390 3025 5452 τῆς
3077 5391 3248 5458 μονῆς
3275 5389 3384 5440 τῶν
3415 5383 3683 5441 Στουδίου
3714 5408 3831 5441 κοι-

2175 5473 2628 5549 νολογησάμενος
2692 5476 2772 5544 τῷ
2843 5469 3080 5547 βασιλεῖ,
3151 5475 3346 5548 μοῖράν
3405 5495 3523 5529 τινα
3581 5480 3678 5531 τοῦ
3739 5475 3826 5552 ὑφ’

2175 5563 2362 5618 ἑαυτὸν
2419 5559 2695 5638 τάγματος
2783 5560 3026 5639 εἰληφὼς
3110 5562 3262 5636 ῥῆξιν
3319 5563 3493 5618 ἑννοεῖ
3546 5563 3636 5619 καὶ
3688 5563 3825 5620 κατὰ

2173 5652 2347 5708 νώτου
2374 5651 2578 5727 γίνεται
2625 5653 2706 5724 τῷ
2765 5649 3038 5728 τυράννῳ,
3094 5652 3235 5729 ὁμοῦ
3287 5653 3382 5729 μὲν
3428 5657 3621 5710 τοῦτον
3650 5650 3827 5710 ἐκδει-
