4108 6300
242 407 366 469 969

1367 399 1913 463 HISTORIARUM
1957 397 2492 465 COMPENDIUM.

3532 384 3655 469 οπο

252 543 467 612 ματῶν,
529 539 676 611 ὁμοῦ
733 533 791 591 δέ
854 537 945 592 καὶ
1003 537 1095 592 τὸν
1177 534 1403 610 βασιλέα
1461 531 1901 606 ἐξιλασκόμενος,

2017 530 2134 588 lum
2172 534 2372 601 mittit,
2409 536 2584 608 eique
2616 537 2773 595 ultro
2803 538 3118 611 pollicetur
3137 556 3201 595 se
3227 540 3515 597 auxilium
3531 558 3662 615 sup-

251 629 397 703 ὁμοῦ
430 625 487 683 δὲ
525 628 618 683 καὶ
657 625 874 702 γυναικὶ
930 626 1020 680 καὶ
1077 623 1284 685 τέκνοις
1341 616 1559 697 (ἔτυχον
1614 621 1717 697 γὰρ
1773 620 1903 674 καθ·

249 718 537 794 ειργμένοι
569 716 768 772 τούτου
814 717 893 783 τῷ
932 718 1103 788 Θωμᾷ
1155 713 1677 787 προσχωρήσαντος)
1726 729 1904 777 σωτη-

249 807 377 879 ρίαν
479 803 1014 882 πραγματευόμενος.
1091 800 1252 858 Ἀλλ’
1346 798 1470 856 οὔτε
1543 801 1571 854 6
1650 796 1905 873 βασιλεὺς

255 889 461 973 ἔιρθασε
494 892 761 964 διοικοῦσι,
794 893 884 948 καὶ
917 893 945 948 6
972 896 1172 964 Θωμᾶς
1198 892 1259 946 τὸ
1311 892 1388 962 μὴ
1438 885 1613 943 πολὺν
1656 885 1907 963 ἐξαίφνης

252 989 454 1040 τοῦτον
491 982 733 1060 γενέσθαι
759 980 1146 1057 κατορῥωδῶν,
1197 980 1286 1035 καὶ
1335 974 1502 1058 φόϐον
1550 979 1667 1040 τοῖς
1716 976 1907 1031 ἐαυτοῦ

258 1071 568 1148 ἐμποιῆσαι
631 1070 992 1148 βουλόμενος,
1046 1072 1144 1140 τῆν
1199 1071 1292 1144 μὲν
1343 1063 1755 1145 στρατοπεδείαν
1811 1071 1911 1135 τῆς

238 1161 466 1226 πόλεως
508 1162 569 1218 οὗ
629 1160 966 1235 μετεκίνησε,
1012 1160 1075 1215 τὸ
1136 1160 1213 1233 μὴ
1272 1156 1578 1234 διωχθῆναι
1636 1154 1910 1226 ἐξόπισθεν

248 1248 545 1323 δεδοικὼς,
578 1250 742 1314 ὅσους
781 1249 839 1305 δὲ
891 1248 1012 1325 ᾔδει
1064 1249 1400 1323 ἀξιομάχους
1449 1248 1584 1302 εἶναι
1627 1252 1727 1314 τῆς
1772 1244 1907 1319 πρὸς

242 1341 345 1398 τὸν
410 1343 717 1419 Γρηγόριον
778 1338 1110 1413 συμπλοκῆς
1169 1331 1506 1415 παραλαϐών
1572 1335 1906 1412 στρατιώτας

248 1429 400 1506 ἐξῄει
426 1432 564 1507 πρὸς
596 1429 784 1497 αὐτὸν,
810 1428 902 1484 καὶ
937 1430 1095 1507 μάχῃ
1126 1428 1462 1503 τρεψάμενος
1519 1430 1783 1506 φεύγοντα
1808 1444 1911 1478 κα-

248 1516 512 1578 ταλαϐὼν
565 1519 798 1596 ἀναιρεῖ.
848 1519 956 1576 Καὶ
999 1515 1153 1582 αὖθις
1207 1513 1297 1571 διὰ
1348 1515 1562 1595 ταχέων
1617 1514 1753 1588 πρὸς
1809 1511 1907 1575 τὰς

248 1606 720 1684 προσεδριυούσας
779 1612 849 1682 τῇ
915 1604 1078 1662 πόλει
1161 1601 1416 1680 δυνάμεις
1482 1602 1740 1673 ἐπάνεισι,
1812 1616 1902 1670 καὶ

249 1697 574 1776 γράμμασιν
634 1690 973 1752 ἐπιστέλλων
1029 1693 1348 1768 ἁπανταχοῦ
1428 1691 1758 1767 ἐπεφήμιζεν
1831 1689 1909 1751 ὡς

255 1785 348 1858 εἷή
385 1784 697 1857 νενικηκὼς,
754 1783 885 1860 ὅπερ
954 1784 1057 1840 οὐκ
1109 1785 1199 1854 ῆν,
1257 1781 1348 1836 καὶ
1404 1778 1537 1857 ὅπερ
1595 1780 1715 1855 εἶχε
1769 1776 1909 1833 κατὰ

250 1875 356 1945 τήν
424 1872 668 1932 Ἐλλάδα
732 1874 981 1928 ναυτικὸν
1040 1872 1257 1951 ταχέως
1312 1869 1551 1926 ἐκέλευεν
1604 1868 1905 1943 ἀναχθῆναι

262 1965 342 2029 ὡς
373 1965 526 2027 αὗθις
575 1967 683 2020 τῶν
739 1962 875 2018 κατὰ
929 1958 1193 2026 θάλατταν
1247 1958 1594 2032 ἀνθεξόμενος
1651 1956 1908 2031 πραγμά-

254 2076 387 2111 των.
422 2053 525 2112 Καὶ
556 2055 618 2109 τὸ
651 2053 747 2127 μὶν
793 2052 1038 2107 ναυτικὸν
1100 2048 1480 2119 εὖθυπλοῆσαν
1536 2048 1751 2122 ταχέως
1814 2045 1909 2099 ἀν-

258 2144 449 2219 άγεται
479 2142 567 2197 καὶ
599 2146 679 2214 τῷ
707 2138 903 2216 χωρίῳ
931 2138 1357 2214 προσορμίζεται
1386 2141 1495 2192 τῶν
1553 2131 1816 2211 Βηρίδου,
1846 2131 1908 2187 ἐκ

255 2232 303 2286 ν’
360 2231 451 2286 καὶ
506 2230 549 2286 τ’
608 2228 992 2303 συνιστάμενον
1051 2225 1264 2281 πλοίων
1322 2224 1642 2298 πολεμικῶν
1698 2244 1756 2277 τε
1812 2238 1904 2290 καὶ

249 2323 600 2395 σιταγωγῶν’
640 2320 724 2393 [Ρ.
754 2318 882 2390 505]
913 2317 964 2371 οἱ
997 2313 1054 2372 δέ
1081 2319 1178 2371 τοῦ
1211 2313 1503 2391 βασιλικοῦ
1534 2311 1733 2367 στόλου
1773 2330 1905 2364 κατ-

251 2408 521 2483 άρχοντες
579 2408 678 2476 τήν
743 2406 949 2461 τούτων
1005 2401 1369 2479 ἐπεγνωκότες
1442 2396 1651 2456 ἔλευσιν
1710 2397 1900 2459 νυκτὸς

250 2498 589 2554 ἐπιτίθενται
618 2495 955 2571 ναυλοχοῦσι
984 2500 1100 2557 τοῖς
1150 2491 1427 2563 ἐναντίοις,
1457 2492 1545 2546 καὶ
1593 2494 1672 2562 τῷ
1720 2487 1902 2562 αἴφνι-

250 2585 359 2660 δίῳ
388 2585 863 2659 καταπληξάμενοι
921 2581 1138 2645 πολλᾶς
1200 2583 1294 2655 μὲν
1356 2576 1684 2654 αὐτάνδρους
1735 2575 1897 2652 ἔσχον

246 2681 361 2731 τῶν
410 2681 577 2748 νηῶν,
630 2675 777 2736 τινὰς
835 2671 892 2729 δὲ
944 2672 1035 2728 καὶ
1085 2676 1165 2744 τῷ
1224 2673 1499 2741 σκευαστῷ
1555 2664 1898 2739 πυρπολοῦσι

244 2767 407 2844 πυρὶ,
439 2766 645 2844 ὀλίγων
693 2761 977 2826 παντελῶς
1039 2758 1139 2836 ἔξω
1193 2762 1493 2838 γενομένων
1546 2761 1644 2814 τοῦ
1697 2756 1899 2816 πάθους

254 2856 509 2932 καὶπρὸς
533 2856 624 2911 τὸν
661 2853 871 2909 κόλπον
925 2856 1032 2907 τῶν
1088 2848 1416 2925 Βλαχερνῶν
1468 2850 1697 2920 κατᾶραι
1754 2844 1902 2899 ἐπει-

247 2942 519 3022 γομένων,
553 2944 627 3007 ὡς
659 2941 720 2998 ἄν
763 2944 871 2998 εἶεν
928 2939 1209 3013 ἡνωμέναι
1265 2942 1334 3012 τῇ
1391 2935 1526 2992 κατὰ
1557 2942 1685 3010 ,γῆν
1739 2952 1901 3007 στρα-

246 3040 360 3107 τιᾷ·
394 3035 424 3089 ὅ
459 3031 525 3104 δὴ
583 3033 673 3088 καὶ
732 3033 946 3107 γέγονε.
1006 3029 1112 3086 Καὶ
1167 3028 1236 3083 τὰ
1291 3027 1383 3100 μὲν
1436 3024 1571 3080 κατᾶ
1628 3022 1897 3087 θάλασσαν

252 3128 450 3180 τοῦτον
479 3123 598 3199 εἶχε
621 3124 711 3178 τὸν
744 3123 947 3196 τρόπον
1006 3119 1142 3174 κατὰ
1198 3120 1300 3191 γῆν
1360 3112 1417 3170 δὲ
1472 3107 1899 3188 ἀκροϐολισμῶν

257 3217 500 3289 συνεχῶν
532 3209 859 3289 γινομένων,
892 3213 984 3263 νῦν
1020 3208 1115 3282 μὲν
1146 3211 1243 3262 τοῦ
1290 3202 1548 3280 Μιχαὴλ,
1596 3200 1685 3255 νῦν
1719 3199 1775 3254 δὲ
1805 3202 1901 3253 τοῦ

258 3304 381 3358 υἱοῦ
439 3302 605 3357 αὐτοῦ
662 3298 952 3373 Θεοφίλουξ
1007 3296 1309 3366 ἐπεξιόντος
1344 3294 1355 3303 “
1389 3298 1508 3354 τοῖς
1574 3291 1902 3349 ἀποστάταις

261 3392 399 3466 μετὰ
426 3394 523 3446 τοῦ
553 3384 847 3448 Ὀλϐιανοῦ
875 3385 965 3442 καί
1000 3390 1098 3441 τοῦ
1145 3381 1465 3452 Κατακήλα,
1515 3380 1647 3466 ποτε
1703 3378 1796 3450 μὲν
1837 3375 1903 3431 τὰ

253 3465 355 3536 τοῦ
417 3479 687 3556 βασιλέως
753 3475 1170 3550 ἐπικρατέστερα
1225 3472 1316 3545 ἦν,
1386 3470 1518 3525 ποτὶ
1576 3465 1633 3523 δὲ
1685 3466 1752 3522 τὰ
1806 3468 1902 3521 τοῦ

253 3570 586 3637 ἀποστάτου,
621 3566 682 3622 οὔ
732 3568 839 3639 μὴν
894 3564 1100 3641 ἀγῶνές
1145 3581 1284 3623 τινες
1337 3558 1583 3633 λαμπροὶ
1642 3557 1733 3612 καὶ
1791 3575 1883 3610 νεα

256 3657 402 3713 νικοὶ
433 3656 494 3713 ἐκ
522 3656 873 3728 παρατάξεως
906 3651 1249 3721 συνέστησαν,
1305 3648 1398 3704 ἅτε
1443 3645 1509 3717 δὴ
1559 3644 1758 3716 πολλῷ
1803 3648 1903 3699 τοῦ

259 3745 533 3824 βασιλέως
566 3740 967 3818 ἐλαττουμένου
996 3744 1075 3813 τῷ
1103 3738 1304 3811 πλήθει
1343 3736 1433 3792 καὶ
1458 3737 1563 3824 ,μῆ
1611 3734 1748 3809 πρὸς

255 3822 354 3891 τοῦ
383 3836 646 3906 τυράννου
706 3830 933 3906 δύναμιν
992 3828 1390 3889 ἀντιτάττεσθαι
1452 3822 1766 3896 δυναμένου.
1820 3822 1905 3878 Ἐν

258 3924 474 3985 τούτοις
527 3919 693 3977 ὄντων
751 3920 949 3987 αὐτῶν,
1008 3918 1311 3992 Μορτάγων
1345 3916 1373 3969 ὁ
1402 3918 1508 3969 τῶν
1571 3910 1903 3987 Βουλγάρων

269 4010 528 4088 βασιλεὺς
587 4010 697 4080 (καὶ
746 4010 847 4084 γὰρ
902 4003 1121 4085 ἔφθασεν
1152 4008 1187 4075 ἡ
1238 4006 1398 4083 φήμη
1456 4000 1751 4076 πληρῶσαι
1794 3999 1907 4088 ,τὴν

269 4086 596 4170 οἰκουμένην
660 4097 732 4158 ὡς
766 4097 794 4150 6
829 4093 1082 4168 βασιλεὺς
1137 4097 1243 4146 τῶν
1304 4091 1595 4163 Ῥωμαίων
1656 4086 1905 4163 συγκλει-

268 4186 414 4249 σθεὶς
478 4187 749 4263 τειχήρης
806 4181 920 4238 ἐστὶ
971 4183 1061 4236 καὶ
1118 4177 1520 4254 πολιορκεῖται)
1576 4175 1753 4250 λάθρα
1788 4175 1909 4230 τινὰ

268 4276 576 4355 πεπομφὼς
634 4274 709 4336 ὡς
775 4272 933 4328 αὐτὸν
994 4268 1369 4340 ἐξαποστείλας
1430 4268 1683 4342 βοήθειαν
1742 4264 1911 4319 αὐτο-

270 4368 430 4442 μάτῳ
475 4349 861 4441 *ἐπηγγέλλετο
920 4360 1118 4436 γνώμῃ
1180 4357 1271 4412 καὶ
1338 4354 1678 4430 συμμαχίαν.
1737 4354 1798 4411 Ὀ
1852 4349 1908 4407 δέ

264 4449 523 4530 Μιχαὴλ,
574 4452 678 4509 εἴτε
735 4455 803 4525 τῇ
834 4447 1069 4521 άληοεῖᾳ
1116 4447 1180 4502 τὸ
1226 4449 1331 4500 τῶν
1375 4442 1673 4522 ὁμοφύλων
1714 4442 1911 4497 οἰκτεί-

267 4566 376 4621 ρων
409 4543 620 4613 πλῆθος
653 4541 760 4598 εἶ’τε
788 4540 879 4596 καὶ
936 4537 1245 4614 χρημάτων
1275 4530 1592 4611 φειδόμενος
1624 4530 1911 4607 (ἐτύγχανε

2013 622 2321 693 petiasque
2346 625 2690 682 missurum.
2723 630 3067 700 Imperator,
3101 629 3219 684 sive
3242 628 3402 702 quod
3431 646 3494 687 re
3526 646 3662 688 vera

2013 710 2215 767 civiles
2238 711 2623 771 miseraretur
2643 717 3077 788 multitudines,
3099 719 3219 774 sive
3238 721 3506 792 pecunias
3526 738 3661 793 par-

2013 817 2158 857 cens
2174 802 2387 873 (neque
2402 803 2560 859 enim
2587 820 2654 858 eo
2676 806 2828 861 alius
2849 806 3174 879 imperator
3191 808 3485 865 sordidior
3503 810 3661 884 fuit),

2012 889 2254 946 laudata
2278 891 2507 965 Bulgari
2539 893 2840 950 voluntate
2865 896 3194 952 subsidium
3209 900 3519 955 recusavit.
3549 899 3664 956 Sed

2014 979 2306 1051 Mortagon
2320 985 2386 1037 ut
2398 981 2497 1051 qui
2511 980 2732 1053 alioqui
2750 982 2919 1039 bellis
2932 984 3266 1056 praedisque
3279 1002 3386 1057 per
3397 1004 3465 1044 ea
3476 988 3661 1059 partis

2013 1066 2381 1138 gauderet,et
2396 1068 2468 1125 ἴω
2477 1068 2586 1125 dus
2599 1070 2927 1127 tricennale
2941 1072 3095 1127 886
3107 1088 3243 1128 cum
3258 1074 3448 1131 Leone
3461 1079 3662 1132 Arme-

2013 1156 2113 1210 nio
2126 1162 2365 1228 pactum
2385 1159 2740 1215 confirmare
2766 1168 3031 1231 cuperet,
3054 1159 3442 1219 nihilominus
3455 1169 3661 1221 contra

2012 1245 2296 1302 Thomam
2328 1248 2763 1322 expeditionem
2795 1250 3094 1321 suscepit;
3128 1266 3383 1322 cumque
3413 1253 3476 1306 in
3510 1253 3658 1309 lines

2014 1336 2419 1393 Romanorum
2450 1339 2834 1410 pervenisset,
2867 1339 2940 1395 ad
2971 1338 3170 1396 locum
3227 1341 3324 1396 cui
3371 1340 3659 1397 Cedoctus

2014 1442 2256 1492 nomen,
2271 1433 2464 1483 castra
2474 1428 2785 1500 posuit.Ibi
2798 1429 3258 1501 Thomas,quem
3272 1429 3660 1504 Bulgarorum

2015 1513 2300 1570 adventus
2334 1516 2581 1572 minime
2632 1516 2938 1587 fefellerat,
2970 1520 3243 1591 graviter,
3284 1525 3354 1575 ut
3379 1536 3488 1593 par
3513 1525 3660 1589 erat,

2016 1603 2216 1659 animo
2246 1605 2647 1676 perturbatus,
2679 1612 2745 1662 ut
2775 1624 2836 1663 se
2884 1624 2953 1662 ex
3006 1608 3353 1665 aastuatione
3399 1608 3660 1682 collegit,

2014 1708 2180 1748 arma
2210 1710 2346 1748 suos
2378 1712 2611 1751 sumere
2635 1695 2827 1767 jubet.
2853 1696 3116 1768 Cumque
3136 1696 3363 1754 videret
3387 1714 3451 1753 se
3475 1698 3664 1754 imbe-

2015 1780 2220 1837 cillum
2259 1782 2532 1854 victuque
2562 1783 2798 1840 facilem
2844 1783 2991 1855 fore,
3053 1784 3349 1856 siquidem
3405 1786 3470 1842 in
3517 1785 3664 1844 duas

2015 1876 2216 1942 partes
2250 1888 2387 1927 suas
2418 1872 2617 1945 copias
2662 1872 2993 1929 diduxisset
3044 1876 3208 1942 (nam
3266 1880 3326 1930 et
3379 1874 3453 1930 ad
3514 1875 3667 1948 Cpo-

2015 1958 2103 2015 lin
2162 1961 2623 2032 oppugnandam
2679 1962 2918 2018 nonnisi
2998 1964 3526 2020 numerosissimus
3607 1967 3668 2020 et

2013 2065 2242 2122 magna;
2272 2049 2503 2108 virtutis
2537 2053 2828 2108 exercitus
2861 2053 3296 2125 requirebatur,
3356 2069 3426 2109 eo
3478 2054 3665 2126 magis

2013 2137 2173 2208 quod
2195 2140 2322 2210 jam
2354 2139 2678 2212 imperator
2707 2140 2867 2197 haud
2901 2141 3406 2199 contemnendum
3458 2148 3518 2198 et
3561 2141 3665 2214 qui

2014 2226 2074 2281 in
2101 2227 2315 2284 faciem
2348 2228 2502 2284 hosti
2542 2230 2820 2287 resistere
2868 2237 3071 2303 posset
3124 2232 3451 2292 exercitum
3488 2247 3665 2304 para-

2012 2321 2194 2383 verat,
2227 2323 2286 2372 et
2314 2322 2521 2373 contra
2551 2318 2933 2391 Bulgarorum
2955 2320 3154 2392 copias
3175 2321 3418 2377 nonnisi
3449 2337 3661 2394 magno

2012 2404 2322 2475 validoque
2354 2424 2489 2462 cum
2521 2409 2783 2464 exercitu
2839 2409 3087 2482 pugnari
3146 2410 3419 2481 poterat),
3465 2410 3664 2481 potius

2012 2494 2310 2550 existimat
2341 2495 2412 2550 ab
2443 2496 2589 2552 urbe
2620 2498 2682 2552 in
2730 2497 3014 2570 Bulgaros
3064 2498 3302 2567 ducere,
3351 2497 3569 2569 quibus
3598 2511 3662 2551 se

2010 2599 2215 2654 parem
2252 2600 2381 2639 esse
2413 2586 2678 2656 putabat.
2721 2587 2922 2658 Itaque
2983 2586 3141 2658 apud
3198 2586 3520 2643 Cedoctum
3569 2586 3660 2642 in-

2009 2677 2235 2728 structa
2259 2673 2388 2728 acie
2414 2690 2549 2729 cum
2602 2675 2673 2731 iis
2731 2675 3128 2749 congreditur.
3199 2677 3415 2732 Verum
3471 2691 3540 2730 eo
3597 2672 3661 2730 in

2006 2759 2216 2830 prcelio
2250 2777 2462 2832 magna
2495 2778 2629 2818 cum
2661 2780 2902 2818 suorum
2956 2768 3147 2836 strage
3198 2769 3532 2836 superatur,
3586 2763 3661 2819 iis

2008 2848 2109 2918 qui
2143 2846 2280 2921 fuga
2301 2848 2548 2905 salutem
2564 2858 2912 2922 paraverant
2927 2852 2991 2908 in
3005 2852 3202 2908 locum
3221 2852 3537 2924 quemdam
3557 2868 3659 2908 ac-

2008 2951 2211 2991 cessus
2234 2937 2554 2994 habentem
2576 2940 2852 2996 difficiles
2871 2942 3326 3014 congregatis,et
3346 2941 3488 3011 quid
3504 2941 3659 2997 futu-

2007 3044 2140 3083 rum
2167 3037 2325 3085 esset
2355 3031 2816 3103 speculantibus.
2848 3033 3126 3104 Bulgarus
3157 3034 3398 3106 captivis
3429 3039 3488 3089 et
3515 3050 3659 3104 spo-

2009 3115 2106 3172 liis
2118 3118 2504 3189 amplissimis
2522 3120 2793 3177 abductis
2806 3122 3049 3178 domum
3070 3121 3439 3187 redit,elatus
3456 3138 3659 3193 super-

2006 3201 2297 3275 biensque
2319 3207 2578 3263 victoria.
2610 3209 2720 3264 Sed
2744 3210 3150 3281 classii,quam
3183 3209 3255 3265 ad
3288 3208 3661 3265 obsidionem

1936 3268 1978 3334 C
2022 3291 2170 3348 887
2200 3268 2558 3365 -reliquerat
2622 3297 2895 3363 Thomas,
2952 3268 3196 3355 suorum
3251 3297 3455 3354 audita
3500 3296 3665 3353 clade

2014 3386 2136 3435 tota
2166 3382 2238 3437 ad
2273 3384 2693 3454 imperatorem
2725 3386 2960 3443 defecit.
2996 3390 3070 3442 At
3118 3387 3400 3443 Thomam
3440 3385 3668 3442 daemo-

2015 3486 2143 3537 nes,
2178 3477 2341 3543 puto,
2376 3490 2523 3544 quos
2553 3474 2694 3530 belli
2721 3476 2894 3530 istius
2926 3476 3120 3531 socios
3150 3475 3428 3544 habebat,
3461 3481 3519 3530 et
3568 3490 3667 3530 re-

2017 3555 2114 3631 gni
2147 3560 2303 3631 quod
2335 3562 2529 3617 adhuc
2560 3564 2897 3620 somniabat
2926 3564 3199 3636 potiundi
3246 3564 3547 3636 cupiditas
3598 3578 3668 3620 eo

2015 3650 2301 3705 vecordia:
2343 3651 2690 3723 adegerunt,
2746 3658 2813 3708 ut
2854 3653 3119 3724 undique
3169 3654 3425 3720 attritus,
3476 3652 3669 3724 deque

2014 3738 2402 3809 amplissimis
2432 3740 2610 3796 rebus
2640 3741 2701 3796 in
2733 3742 3036 3814 angustias
3068 3742 3434 3814 compulsus,
3468 3747 3671 3799 tamen

2013 3828 2086 3884 ab
2119 3829 2429 3884 obsidione
2462 3847 2583 3886 non
2636 3830 2951 3887 desisteret
3023 3831 3283 3887 Tandem
3334 3830 3557 3887 frustra
3602 3847 3667 3888 se

2014 3917 2285 3973 laborare
2312 3919 2599 3987 sentiens,
2631 3919 2693 3975 in
2727 3936 3003 3992 campum
3034 3920 3354 3992 quemdam
3385 3919 3479 3975 cui
3528 3921 3667 3977 Dia-

2015 4004 2175 4061 basis
2206 4024 2450 4072 nomen,
2483 4025 2691 4064 omnes
2722 4025 2861 4065 suas
2887 4010 3088 4081 copias
3121 4009 3393 4077 traducit,
3439 4008 3667 4082 aliquot

2014 4094 2218 4150 multis
2247 4095 2319 4151 ab
2349 4096 2494 4151 urbc
2515 4096 2721 4152 stadiis
2751 4097 3046 4166 dissitum,
3080 4098 3184 4154 sed
3208 4098 3658 4166 excursionibus

2014 4187 2217 4254 aptum
2249 4189 2308 4238 et
2335 4183 2408 4238 ob
2439 4200 2728 4255 aquarum
2759 4185 3127 4242 afﬂuentiam
3148 4186 3659 4256 idoneum,ibique

2018 4277 2212 4328 castra
2236 4273 2425 4341 locat;
2458 4290 2494 4328 a
2523 4291 2637 4345 que
2670 4274 2805 4330 inde
2839 4275 3010 4331 factis
3053 4276 3503 4332 excursionibus
3534 4290 3663 4329 om-

2020 4377 2159 4416 nem
2190 4362 2610 4418 suburbiorum
2639 4364 2996 4437 elegantiam
3028 4365 3376 4436 corrumpit,
3416 4380 3560 4435 non,
3600 4367 3667 4419 ut

2019 4456 2177 4516 ante,
2210 4451 2272 4506 in
2303 4454 2926 4524 conspectumieorum
2959 4455 3060 4526 qui
3092 4454 3153 4510 in
3171 4454 3317 4510 urbe
3340 4459 3512 4510 erant
3530 4468 3670 4510 suos

2021 4539 2302 4595 educens.
2338 4541 2455 4596 lloc
2487 4541 2587 4596 ubi
2632 4542 2926 4598 intellexit
2974 4544 3319 4615 imperator,
3363 4542 3667 4614 egregium

268 4635 372 4712 γὰρ
400 4638 505 4688 τῶν
570 4633 796 4688 πώποτε
854 4626 1125 4704 βασιλέων
1186 4621 1749 4712 σμικρολογὼτατος),

2029 4630 2354 4685 exercitum
2386 4637 2709 4703 comparat,
2735 4632 2907 4703 eique
2925 4632 3254 4688 Catecelam
3275 4636 3334 4687 et
3351 4630 3671 4687 Olbianum

272 4707 370 4798 μὶν
399 4723 626 4800 γνώμην
656 4724 752 4776 τοῦ
784 4716 1102 4793 Βοὺλγάρου
1140 4713 1295 4784 ἠξίου
1349 4709 1664 4800 ἀποδοχῆς,
1714 4712 1813 4800 τήν
1862 4707 1920 4765 δέ

275 4798 531 4888 βοήθειαν
588 4813 909 4886 παρῃτεῖτο.
969 4803 1130 4863 ’Δλλ’
1160 4803 1189 4857 ’ὁ
1237 4821 1299 4877 γε
1351 4799 1654 4877 Μορτάγων
1710 4798 1922 4888 χαίρων

275 4885 373 4976 μὲν
403 4899 492 4956 καὶ
521 4897 711 4961 ἄλλως
760 4893 1031 4969 πολέμοις
1086 4892 1178 4947 καὶ
1242 4888 1337 4950 τὰς
1394 4888 1455 4943 ἐκ
1505 4887 1721 4976 τούτων
1772 4885 1921 4976 λείας

270 4973 616 5064 καρποῦσθαι
676 4984 876 5065 φιλῶν,
935 4982 1028 5038 καὶ
1083 4979 1180 5042 τάς
1237 4977 1373 5052 πρὸς
1429 4973 1811 5065 τδνᾼβασιλέα
1867 4974 1926 5031 δὶ

267 5061 708 5156 τριακοντούτεις
739 5071 974 5135 σπονδὰς
1022 5070 1171 5146 παρὰ
1217 5072 1312 5123 τοῦ
1360 5061 1923 5144 προϐεϐασιλευκότος

277 5154 512 5229 Λέοντος
556 5164 914 5242 γεγενημένας
974 5154 1365 5216 ἐπιϐεϐαιῶσαι
1422 5155 1510 5211 καὶ
1569 5154 1924 5234 ἰσχυροτέρας

278 5263 507 5325 ποιῆσαι
570 5257 768 5323 ζητῶν,
825 5254 925 5321 τὴν
976 5250 1113 5305 κατὰ
1175 5249 1272 5301 τοῦ
1355 5243 1616 5318 τυράννου
1675 5245 1925 5312 στρατιὰν

278 5346 597 5419 ηὐτρέπισε,
628 5341 722 5396 καὶ
753 5339 820 5409 δὴ
862 5344 970 5395 τῶν
1028 5334 1319 5410 Ῥωμαίων
1381 5337 1523 5410 ὅρων
1578 5329 1788 5389 ἔντοσθε
1838 5353 1928 5411 γε-

281 5433 461 5507 γονὼς
499 5430 632 5486 κατὰ
658 5430 749 5485 τὸν
782 5425 1095 5499 Κηδοόκτου
1155 5429 1340 5503 χῶρον
1401 5423 1549 5478 οῦτω
1597 5423 1931 5495 καλούμενον

284 5521 386 5589 τῆν
417 5512 779 5594 παρεμϐολὴν
836 5515 1089 5587 ἐπήξατο.
1149 5510 1409 5569 Ἰιγοόετο
1469 5507 1546 5577 δέ,
1604 5508 1695 5564 καὶ
1748 5508 1931 5574 λαθεῖν

275 5614 448 5667 ταῦτα
476 5609 569 5665 τὸν
603 5608 914 5677 ἀποστάτην
959 5605 1058 5660 οὐκ
1102 5605 1192 5673 ἦν.
1246 5601 1346 5657 Καὶ
1398 5598 1633 5671 ἐδυνήθη
1691 5600 1809 5673 μὲν,
1854 5602 1929 5665 ὡς

276 5700 446 5770 εἰκὸς,
507 5698 597 5755 καὶ
651 5697 745 5760 τὰς
806 5697 1000 5776 φρένας
1066 5692 1478 5762 κατεκτυπήθη,
1536 5688 1591 5745 ἐν
1648 5690 1825 5764 ὶαύτῷ
1883 5687 1930 5745 δ’

560 5821 821 5881 Pyram"
866 5819 981 5878 Gn.
1026 5813 1231 5876 CXXI.

2031 4719 2212 4775 duces
2241 4720 2573 4791 praeponit;
2607 4720 2853 4792 ipseque
2891 4721 3124 4777 scholas
3173 4738 3303 4793 qum
3350 4720 3580 4793 vigilias
3610 4720 3674 4776 in

2030 4806 2246 4879 palatio
2304 4808 2547 4877 obeunt,
2593 4808 3051 4882 sodalitatesque
3090 4826 3423 4876 assumens,
3468 4814 3679 4866 contra

2031 4899 2315 4956 Thomam
2366 4900 2548 4969 ducit,
2605 4917 2734 4955 rem
2791 4900 3023 4958 collatis
3069 4902 3254 4975 signis
3306 4900 3678 4956 decretums.

2032 4990 2284 5045 Fortiter
2314 5004 2448 5045 eum
2478 4989 2732 5046 Thomas
2763 4991 3064 5046 sustinuit.
3097 4991 3383 5061 Cumque,
3404 4992 3472 5042 ut
3499 4999 3681 5057 appa-

2032 5083 2144 5145 ret,
2176 5083 2302 5134 arte
2331 5077 2566 5134 vincere
2596 5079 2797 5134 hostes
2828 5078 3113 5145 studeret,
3145 5080 3338 5150 primo
3360 5088 3679 5147 congressu

2038 5172 2199 5239 terga
2227 5183 2366 5222 suos
2397 5167 2557 5236 dare,
2599 5184 2925 5239 rursusque
2955 5164 3453 5240 persequentibus
3494 5160 3683 5219 hosti-

2036 5254 2145 5310 bus
2177 5270 2307 5309 sese
2348 5253 2624 5310 adversos
2666 5253 2927 5326 objicere
2970 5254 3393 5325 inopinataque
3437 5266 3686 5307 conver-

2038 5343 2204 5399 sione
2234 5344 2297 5399 in
2327 5343 2525 5417 fugam
2555 5344 2852 5416 conjicere
2887 5343 3080 5415 jubet.
3132 5343 3250 5399 Hoc
3299 5340 3540 5412 quidem
3583 5338 3686 5397 ille

2037 5431 2460 5505 praecipiebat:
2491 5431 2594 5487 sed
2627 5448 2748 5487 non
2779 5436 2907 5487 erat
2934 5431 3199 5486 futurum
3229 5434 3296 5486 ut
3324 5430 3378 5485 ei
3410 5430 3523 5486 hoc
3543 5444 3690 5486 con-

2041 5520 2247 5576 silium
2285 5521 2651 5577 succederet.
2680 5518 2895 5575 Milites
2944 5519 3103 5574 enim
3152 5518 3303 5592 ejus,
3351 5519 3453 5591 qui
3501 5518 3690 5591 ipsius

2039 5609 2191 5666 888
2226 5627 2407 5665 causa
2429 5609 2528 5665 diu
2534 5610 2663 5681 jam
2684 5609 2967 5664 uxoribus
2986 5608 3308 5682 liberisque
3331 5610 3454 5665 suis
3478 5622 3689 5664 carue-

2039 5705 2193 5768 rant,
2225 5713 2559 5769 manusque
2589 5698 3220 5774 gentiliumLsanguine
3251 5698 3696 5755 contaminave-

3336 5817 3412 5877 31
