4054 6286
490 328 610 388 971

1856 321 2183 386 GEORGII
2227 317 2581 385 CEDHENI
3721 335 3820 394 972

494 471 653 530 rant,
687 462 860 519 simul
892 467 949 516 et
975 461 1260 533 temporis
1290 477 1457 517 mora
1495 462 1747 518 confecti
1789 461 1932 534 (jam
1985 458 2144 514 enim

2266 455 2418 526 ὅμως
2449 455 2616 511 πάλιν
2645 458 2934 531 γενόμενος
2965 457 3062 523 τὴν
3119 459 3309 512 ἑαυτοῦ
3365 463 3594 533 στρατιὰν
3643 462 3822 535 ἐξώπλι-

496 553 823 610 triennium
860 557 1128 605 exactum
1161 552 1314 618 erat)
1344 558 1403 605 et
1433 553 1592 606 exitu
1627 557 1929 606 carentem
1976 565 2160 604 cona-

499 648 624 697 tum
657 657 718 695 se
749 639 1079 709 suscepisse
1129 638 1474 705 sentientes,
1525 641 1623 709 qui
1679 639 1926 694 insaniae
1976 642 2154 706 atque

497 729 806 802 cupiditati
851 728 1029 782 unius
1080 727 1183 781 viri
1231 729 1540 794 servirent,
1595 735 1958 800 praeceptum
2009 724 2157 779 illud

497 819 781 876 divinitus
807 818 986 872 oblati
1009 817 1307 872 commodi
1330 818 1460 872 loco
1479 818 1789 882 ducentes,
1810 823 1873 871 ut
1898 816 2156 887 primum

499 909 659 965 tuba:
709 908 1062 963 cecinerunt
1119 908 1434 962 classicum
1491 908 1767 978 aciesque
1825 922 2156 978 congressae

499 1003 656 1066 sunt,
685 1015 806 1052 non
837 997 1153 1068 fingentes,
1190 1004 1253 1051 ut
1285 1003 1455 1052 erant
1480 997 1657 1068 jussi,
1690 997 1914 1069 fugam,
1971 996 2156 1049 elTuse

501 1088 787 1158 nullaque
819 1103 956 1141 cum
989 1087 1404 1142 convenientia
1452 1087 1692 1141 ordines
1741 1085 2044 1141 solverunt
2091 1099 2158 1138 ac

499 1176 771 1246 dissipati
807 1180 946 1230 sunt
970 1192 984 1240 ;
1009 1181 1186 1245 atque
1211 1175 1292 1229 ita
1313 1175 1484 1246 pauci
1509 1175 1710 1239 modo,
1737 1191 1870 1229 mox
1895 1172 2158 1243 complu-

499 1281 596 1320 res
626 1264 701 1319 ad
730 1264 1150 1334 imperatorem
1189 1264 1665 1336 transfugerunt.
1717 1263 1972 1317 Thomas
2021 1277 2156 1316 cum

500 1355 706 1426 paucis
739 1351 1095 1423 quibusdam
1119 1352 1551 1422 Adrianopolin
1573 1352 1768 1407 salvus
1782 1351 2047 1422 pervenit
2067 1368 2079 1416 ;
2102 1354 2160 1404 et

501 1443 752 1498 ﬁcticius
777 1442 878 1497 ille
901 1441 1028 1512 ejus
1052 1441 1209 1496 filius
1232 1442 1579 1496 Anastasius
1600 1459 1669 1496 ex
1687 1442 1821 1511 fuga
1843 1440 2154 1495 castellum

506 1533 724 1603 Bizyaaa
753 1531 1078 1602 occupavit.
1115 1532 1228 1585 Hos
1259 1531 1536 1602 evestigio
1569 1531 1920 1585 subsecutus
1969 1530 2156 1599 impe-

501 1630 664 1678 rator
694 1623 884 1694 primo
918 1621 1190 1676 obsidere
1220 1622 1502 1677 Thomam
1533 1621 1811 1676 decrevit.
1865 1622 2050 1684 Quam
2081 1619 2156 1673 ad

501 1713 872 1770 obsidionem
903 1730 1023 1767 non
1056 1713 1505 1780 machinas,non
1541 1716 1836 1766 tormenta
1865 1710 2155 1778 adhibuit,

503 1819 638 1858 cum
669 1800 828 1873 quod
870 1801 1013 1856 belli
1072 1801 1262 1855 civilis
1319 1801 1536 1856 damna
1583 1806 1825 1872 cuperet
1872 1799 2151 1866 devitare,
2182 1821 2230 1884 Β

505 1897 630 1946 tum
663 1890 821 1961 quod
853 1889 1229 1960 Adrianopoli
1259 1889 1478 1944 vicinos
1511 1889 1754 1958 Scythas
1785 1887 2028 1942 nolebat
2058 1888 2151 1941 in-

507 1985 972 2034 strumentorum
996 1978 1212 2048 quibus
1242 1979 1420 2033 urbes
1444 1984 1862 2050 oppugnantur
1882 1976 2154 2031 notitiam

504 2068 828 2139 consequi:
863 2067 966 2122 sed
997 2067 1149 2122 fame
1181 2084 1248 2121 ac
1299 2067 1551 2138 penuria
1604 2083 1801 2121 rerum
1854 2065 1927 2120 ad
1975 2065 2154 2118 vitam

504 2158 979 2213 necessariarum
1013 2162 1278 2211 statuens
1309 2173 1445 2210 eum
1477 2157 1538 2209 in
1585 2173 1752 2210 suam
1799 2159 2154 2226 potestatem

505 2247 793 2317 redigere,
828 2246 978 2300 vallo
1012 2260 1078 2300 ac
1109 2246 1263 2300 fossa
1287 2246 1757 2299 circumventum
1778 2243 1987 2298 urbem
2010 2242 2159 2297 acri—

508 2343 598 2390 ter
628 2335 878 2389 obsedit.
912 2335 1164 2388 Thomas
1195 2333 1386 2403 primo
1420 2350 1625 2388 omnes
1658 2334 1757 2403 qui
1790 2349 1896 2402 per
1921 2337 2154 2386 aetatem

508 2423 660 2478 bello
691 2423 893 2477 idonei
915 2439 1031 2476 non
1061 2429 1231 2476 erant
1260 2432 1318 2475 et
1339 2439 1515 2476 omne
1533 2421 1757 2476 animal
1781 2421 1991 2474 inutile
2010 2419 2156 2474 urbe

509 2511 751 2583 expulit.
785 2511 1006 2565 Deinde
1038 2509 1480 2582 ingravescente
1512 2511 1665 2564 fame
1697 2527 1764 2564 ac
1815 2509 2002 2562 salute
2054 2508 2158 2562 de-

511 2606 766 2672 sperata,
800 2599 900 2669 qui
927 2616 1061 2653 cum
1093 2600 1221 2670 ipso
1253 2607 1442 2668 erant,
1468 2616 1572 2670 per
1601 2598 1897 2670 portulam
1949 2612 2158 2666 quam-

513 2690 648 2745 dam
679 2687 884 2743 furtim
918 2688 1126 2758 elapsi,
1159 2688 1311 2743 889
1343 2687 1620 2742 nonnulli
1654 2687 1830 2742 etiam
1855 2693 2033 2741 noctu
2055 2701 2159 2756 per

511 2780 683 2834 funes
710 2778 782 2833 de
812 2794 982 2832 muro
1010 2777 1272 2842 demissi,
1309 2778 1408 2832 alii
1442 2777 1783 2848 imperatori
1831 2793 1960 2831 sese
1991 2775 2159 2830 dedi-

511 2865 852 2934 derunt,alii
877 2867 1107 2938 Bizyam
1131 2866 1203 2920 ad
1220 2866 1595 2921 Anastasium
1619 2865 1807 2920 ﬁlium
1823 2864 2158 2919 naturalem

515 2956 923 3028 profugerunt.
959 2955 1216 3010 Tandem
1275 2971 1408 3009 cum
1468 2954 1694 3008 obsessi
1749 2954 1949 3008 omnia
2005 2954 2160 3007 victu

513 3050 650 3115 apta
678 3044 1209 3114 consumpsissem,
1233 3043 1480 3114 jamque
1512 3042 1586 3097 ad
1644 3043 1959 3097 inusitatos
1996 3041 2160 3095 cibos

517 3139 575 3190 et
605 3149 791 3204 usque
824 3133 897 3186 ad
929 3133 1394 3203 putrefactorum
1425 3131 1722 3186 coriorum
1756 3147 1920 3185 esum
1953 3147 2155 3184 neces-

515 3224 658 3278 sitas
690 3221 1070 3292 perpulisset,
1105 3221 1333 3276 occulte
1365 3237 1498 3275 cum
1532 3219 1814 3275 Michaelo
1856 3219 2156 3285 collocuti,

514 3313 789 3384 pactique
821 3312 1169 3368 delictorum
1200 3311 1453 3375 veniam,
1476 3309 1758 3364 Thomam
1784 3310 1843 3363 in
1864 3308 2161 3380 compedi-

516 3403 627 3457 bus
658 3402 1002 3474 imperatori
1035 3399 1428 3454 tradiderunt.
1463 3399 1516 3452 ls
1547 3415 1775 3452 morem
1799 3399 1897 3468 qui
1913 3397 2160 3468 jampri-

518 3490 653 3545 dem
687 3488 1142 3561 imperatoribus
1173 3488 1474 3558 placuerat
1505 3491 1894 3557 receptusque
1917 3503 2159 3541 consue-

517 3579 724 3634 tudine
754 3583 902 3644 erat,
933 3578 1127 3650 primo
1158 3576 1426 3630 omnium
1454 3591 1711 3638 servans,
1737 3581 2072 3646 porrectum
2098 3576 2159 3630 in

514 3669 848 3739 pavimento
879 3669 1082 3740 jacere
1105 3665 1304 3736 jussit,
1327 3664 1734 3734 cervicemque
1764 3663 1890 3734 ejus
1911 3664 2159 3735 pedibus

514 3758 636 3813 suis
667 3757 910 3813 calcavit
934 3772 948 3822 ;
981 3761 1104 3810 tum
1132 3753 1380 3826 pedibus
1405 3753 1796 3823 manibusque
1818 3753 2158 3808 mutilatum

512 3853 572 3902 et
595 3848 763 3902 asino
795 3844 1139 3916 impositum
1173 3841 1492 3913 spectaculi
1525 3841 1652 3895 loco
1685 3857 1790 3912 per
1819 3848 2011 3895 castra
2041 3842 2158 3896 cir-

512 3935 786 3990 cumduci
809 3934 1012 4006 jussit,
1058 3932 1210 3986 nihil
1260 3931 1421 3985 aliud
1465 3929 1884 3984 vociferantem
1935 3946 2154 4000 quam:

510 4048 537 4074 ‹‹
572 4025 846 4078 Miserere
865 4021 1112 4091 mei,qui
1134 4037 1305 4074 verus
1327 4037 1388 4073 es
1411 4018 1544 4073 rex!
1569 4041 1596 4067 »
1616 4019 1879 4088 Cumque
1912 4035 2006 4072 res
2029 4035 2156 4089 per-

509 4117 852 4167 contaretur
882 4126 956 4164 an
980 4127 1048 4164 ex
1076 4108 1286 4163 aulicis
1309 4122 1544 4178 quoque
1577 4107 1844 4160 conscios
1867 4107 2154 4176 quosdam

505 4220 627 4260 suae
661 4201 971 4257 seditionis
1012 4206 1072 4254 et
1120 4200 1312 4254 socios
1366 4197 1691 4263 habuisset,
1750 4196 1941 4251 fuerat
1997 4197 2154 4251 haud

502 4293 678 4348 dubie
710 4291 930 4347 multos
960 4289 1291 4352 delaturus,
1353 4287 1467 4340 nisi
1527 4287 1786 4340 Joannes
1833 4287 2153 4341 Exabulius

498 4381 782 4453 patricius
813 4379 1143 4434 monuisset
1173 4377 1596 4446 imperatorem
1636 4391 1756 4428 non
1815 4377 2151 4454 convenire,

498 4471 602 4526 sed
631 4487 876 4541 prorsus
903 4468 1122 4523 rationi
1157 4481 1509 4537 repugnare,
1543 4463 1800 4517 inimicis
1834 4464 2010 4520 ﬁdem
2044 4465 2148 4522 ha-

2266 549 2370 612 ξεν,
2401 544 2550 600 Ἐπεὶ
2583 541 2640 598 δὲ
2693 544 2767 606 εἰς
2824 541 2918 599 δύο
2982 547 3335 620 μεριζόμενος
3391 544 3548 602 ἐδόκει
3595 552 3816 615 παντελῶς

2263 632 2484 702 ἀσθενής
2511 654 2569 688 τε
2607 633 2742 688 εἶναι
2774 634 2865 688 καὶ
2922 634 3250 708 εὐχείρωτος
3307 637 3359 706 (ἢ
3408 657 3462 690 τε
3512 639 3601 711 γὶρ
3653 640 3823 712 βασιλὶς

2258 718 2367 774 ¹τῶν
2425 721 2640 776 πόλεων
2692 722 2792 777 οὐκ
2846 723 3234 796 εὖαριθμήτου,
3291 722 3431 779 ἀλλᾶ
3491 723 3715 781 πλείστοῦ
3756 733 3821 785 καὶ

2264 809 2549 885 ἀξιολόγου
2609 815 2839 886 στρατοῦ
2899 809 3077 866 ἐδέετο
3119 811 3571 886 πολιορκουμένη,
3625 813 3714 885 ἤδη
3757 820 3824 872 καὶ

2260 901 2358 952 τοῦ
2419 897 2690 974 βασιλέως
2743 901 3128 976 συνειλοχότος
3205 899 3456 976 δυνάμεις
3501 903 3590 958 οὐκ
3643 905 3825 978 ἀγεννεῖς

2262 988 2352 1042 καὶ
2409 989 2544 1043 κατὰ
2601 988 2894 1063 πρόσωπον
2948 990 3196 1045 ’ἰστασθαι
3255 988 3562 1064 δυναμένας,
3595 994 3826 1063 καὶὴτῶν

2265 1080 2593 1156 Βουλγάρων
2629 1079 2685 1137 δέ
2715 1080 2943 1156 δύναμις
3012 1082 3073 1138 οὐ
3135 1089 3333 1158 μικρᾶς
3380 1105 3535 1154 τινος,
3586 1085 3828 1156 πολλῆςδὶ

2261 1169 2352 1224 καὶ
2415 1171 2475 1225 οὐ
2530 1176 2632 1235 τῆς
2688 1172 2968 1246 τυχούσης
3027 1170 3202 1228 ἐδέετο
3260 1175 3732 1249 ἂντιπαρατάξεως),
3778 1179 3830 1239 ὡς

2263 1258 2324 1312 ἅν
2357 1261 2432 1331 μή
2469 1259 2546 1321 εἰς
2588 1257 2683 1314 δύο
2714 1261 2831 1315 τινὰ
2862 1257 3247 1335 διαιρούμενος
3280 1261 3598 1340 εὐχείρωτος
3641 1265 3830 1336 γένηται,

2263 1347 2479 1421 ἀπαίρει
2531 1349 2626 1421 μὲν
2687 1356 2788 1418 τῆς
2844 1348 3062 1412 πόλεως
3127 1351 3262 1424 πρὸς
3318 1352 3410 1406 τὸν
3471 1353 3743 1427 Βούλγαρον
3787 1353 3829 1408 δὶ

2263 1435 2570 1510 ἀξιόμαχον
2600 1437 2786 1512 κρίνας
2822 1439 3007 1494 ἑαυτὸν
3069 1439 3208 1494 κατᾶ
3262 1440 3355 1494 τὸν
3413 1439 3678 1513 εἰρημένον
3723 1442 3830 1496 ἀντι·

2262 1529 2657 1601 παρατάσσεται
2699 1527 2890 1583 τόπον.
2949 1529 3035 1600 [Ρ.
3095 1530 3220 1601 506]
3276 1531 3377 1585 Καὶ
3432 1526 3562 1598 δῆτα
3608 1526 3830 1602 συμϐολῆς

2264 1614 2556 1691 γενομένης
2614 1617 2841 1684 ἡττᾶται
2923 1617 3058 1671 κατᾶ
3139 1637 3341 1691 κράτος
3399 1619 3427 1671 ὁ
3481 1620 3724 1693 τύραννος,
3767 1621 3828 1673 καὶ

2264 1705 2426 1780 φόνος
2457 1705 2658 1781 γίνεται
2691 1703 2873 1769 πολὺς
2928 1711 3037 1761 τῶν
3092 1707 3215 1781 περὶ
3272 1706 3454 1762 αὐτόν·
3498 1710 3548 1762 οἱ
3576 1705 3627 1762 δὲ
3653 1729 3831 1782 περισω-

2263 1792 2439 1855 θέντες
2471 1797 2617 1872 φυγῇ
2676 1796 2774 1863 τήν
2830 1795 3098 1868 σωτηρίαν
3160 1796 3495 1870 πορίζονται,
3550 1797 3630 1850 καὶ
3681 1792 3723 1850 ἔν
3757 1816 3830 1850 τινι

2261 1883 2435 1957 χώρῳ
2492 1877 2741 1955 δυσϐάτῳ
2827 1885 3184 1958 συναχθέντες
3239 1885 3301 1939 τὸ
3361 1883 3561 1956 μέλλον
3617 1885 3830 1940 ἐσκόπουν.

2260 1971 2321 2028 Ὀ
2354 1967 2412 2024 δὲ
2456 1975 2564 2025 τῶν
2622 1969 2947 2046 Βουλγάρων
3007 1972 3256 2047 ἀρχηγὸς
3313 1974 3379 2028 τά
3437 1994 3492 2028 τε
3539 1976 3750 2044 σώματα,
3785 1973 3832 2026 ὦν

2261 2058 2468 2134 ἐγένετο
2524 2061 2730 2135 κύριος,
2791 2061 2879 2115 καὶ
2935 2059 3084 2116 λείαν
3170 2061 3391 2131 πολλὴν
3463 2059 3835 2138 προσλαϐόμενος

2261 2150 2397 2224 πρὸς
2427 2152 2527 2220 τήν
2577 2151 2777 2206 οἶκείαν
2839 2153 3136 2227 ὑπέστρεψε
3193 2154 3403 2228 χώραν,
3462 2159 3528 2228 τῇ
3578 2155 3686 2227 νίκῃ
3731 2153 3831 2208 ἐπαι-

2265 2241 2487 2314 ρόμενός
2553 2261 2611 2296 τε
2694 2241 2784 2296 καὶ
2878 2247 3143 2318 γαυριῶν.
3239 2247 3316 2301 Τὸ
3415 2242 3470 2299 δὲ
3558 2245 3834 2322 καταλειφθὲν

2262 2329 2514 2384 ναυτικὸν
2583 2329 2635 2384 ἐν
2722 2334 2791 2403 τῇ
2879 2329 3178 2402 πολιορκίᾳ
3278 2339 3378 2401 τῆς
3477 2331 3695 2397 πόλεως,
3769 2354 3834 2386 zu.

2265 2420 2492 2490 θόμενον
2548 2420 2646 2488 τήν
2712 2420 2874 2488 ἧτταν
2939 2426 3036 2475 τοῦ
3104 2421 3441 2493 ἀποστάτου,
3509 2423 3834 2499 προσκεχώρη-

2263 2528 2349 2561 κεν
2381 2509 2516 2561 ὁίπαν
2565 2512 2642 2578 τῷ
2705 2507 2946 2582 βασιλεῖ.
3014 2511 3072 2566 Ὀ
3132 2507 3178 2564 δ’
3241 2512 3554 2582 ἀποστάτης
3612 2511 3678 2572 εἷς
3722 2514 3832 2564 τοῦτο

2263 2597 2456 2671 ἀφῖκτο
2519 2597 2710 2667 μανίας
2750 2597 2894 2672 παρᾶ
2948 2602 3055 2652 τῶν
3116 2600 3558 2674 συμμαχούντων
3614 2600 3751 2670 αύτῷ,
3787 2596 3834 2656 ὡς

2263 2680 2456 2752 ἔοικεν,
2517 2684 2816 2758 δαιμόνων,
2902 2686 2993 2741 καὶ
3043 2688 3143 2755 τὴν
3201 2696 3301 2756 τῆς
3384 2689 3654 2762 βασιλείας
3725 2686 3837 2742 εἰσέτι

2265 2773 2622 2848 ὠνειροπόλει
2654 2775 3002 2850 κατάσχεσιν,
3035 2775 3119 2831 ὅτι
3169 2777 3436 2841 πάντοθεν
3493 2773 3836 2850 συντριϐόμενος

2263 2863 2352 2918 καὶ
2391 2864 2581 2938 μικρὸς
2639 2863 2697 2918 ἐκ
2757 2863 2998 2938 μεγάλου
3055 2867 3343 2941 γινόμενος
3405 2865 3485 2922 ἔτι
3523 2866 3841 2941 προσελιπάρει

2262 2956 2331 3026 τῇ
2364 2952 2678 3028 πολιορκίᾳ.
2742 2953 2838 3015 Ὠς
2897 2951 2944 3007 δ’
3003 2954 3220 3028 ἐγνώκει
3281 2957 3460 3028 μάτην
3519 2960 3706 3022 πονῶν,
3752 2955 3844 3027 ἄρας

2264 3041 2422 3096 παντὶ
2455 3045 2535 3112 τῷ
2567 3047 2776 3115 στρατῷ
2808 3041 2883 3104 sic
2927 3064 2979 3096 τι
3026 3041 3226 3098 πεδίων
3285 3039 3545 3100 Διάϐασιν
3604 3062 3849 3112 κατονομα-

2269 3129 2520 3200 ζόμενον,
2582 3129 2833 3191 σταδίους
2902 3130 3109 3206 ἀπέχον
3195 3139 3295 3200 τῆς
3375 3133 3594 3195 πόλεως
3666 3129 3846 3195 ἱκανοὺς,

2267 3217 2476 3283 εὐφυῶς
2505 3216 2632 3292 ἕχον
2682 3220 2819 3294 πρός
2877 3241 2936 3275 τε
2992 3220 3162 3292 νομὰς
3200 3221 3289 3274 καὶ
3348 3219 3557 3276 ὑδάτων
3612 3218 3847 3294 ὓπορῥοᾶς,

2266 3305 2676 3380 στρατοπεδείαν
2739 3305 3000 3378 ἐπήξατο,
3087 3311 3325 3364 κάκεῖθεν
3388 3311 3707 3382 ποιούμενος
3751 3326 3848 3380 προ-

2263 3398 2432 3467 νομάς
2495 3401 2604 3450 τῶν
2659 3405 2761 3466 τῆς
2827 3397 3045 3459 πόλεως
3101 3400 3445 3472 προαστείων
3529 3400 3620 3460 τὰς
3672 3396 3850 3472 ἆγλαῒας

2263 3485 2562 3560 ἀπέκειρεν.
2597 3487 2967 3566 Ἐνεφανίζετο
3023 3485 3079 3542 δὲ
3126 3494 3242 3551 τοῖς
3290 3491 3430 3544 κατὰ
3471 3491 3568 3559 τὴν
3617 3488 3754 3543 πόλιν
3799 3484 3850 3543 ὡς

2264 3575 2324 3628 όὸ
2372 3575 2634 3650 πρότερον
2693 3575 2969 3648 οὐδαμῶς.
3029 3583 3201 3633 Τοῦτο
3262 3576 3318 3632 δὲ
3376 3573 3848 3650 συνεέςὸΜιχαὴλ,

2263 3662 2552 3738 ἀξιολογον
2600 3665 3004 3736 συστησάμενος
3061 3668 3365 3740 στράτευμα
3421 3669 3509 3723 καὶ
3570 3661 3846 3740 στρατηγοὺς

2261 3751 2550 3822 ἐπιστήσας
2582 3753 2730 3826 αύτῷ
2770 3755 2859 3808 τὸν
2922 3754 3241 3826 Κοτάκηλαν
3297 3756 3386 3810 καὶ
3446 3756 3539 3811 τὸν
3597 3750 3844 3816 Ὀλὸιανὸν,

2261 3841 2424 3902 αὐτός
2451 3862 2510 3895 τε
2543 3842 2638 3903 τὰς
2697 3841 3073 3916 φυλαττούσας
3131 3843 3183 3898 ἐν
3237 3849 3319 3916 τῷ
3381 3844 3634 3916 παλατίῳ
3686 3838 3846 3915 σχολᾶς

2261 3929 2504 4005 εἰληφὼς
2559 3931 2650 3984 καὶ
2701 3931 2798 3990 τὰς
2855 3933 3117 4006 ἑταιρείας
3175 3936 3284 4006 (76)
3359 3929 3522 4003 ἔξεισι
3595 3932 3718 3987 κατᾶ
3781 3925 3848 3980 τοῦ

2259 4023 2544 4096 τυράννου,
2615 4020 2702 4076 διὰ
2767 4021 3021 4085 σταδαίας
3094 4026 3283 4103 μάχης
3375 4032 3560 4100 κρῖναι
3658 4025 3714 4078 τὸ
3774 4023 3847 4074 πᾶν

2261 4109 2576 4185 βουληθείς.
2639 4113 2803 4167 Ἔνθα
2860 4110 2926 4182 δὴ
2985 4113 3077 4167 καὶ
3135 4114 3163 4168 ὁ
3218 4115 3479 4189 τύραννος
3553 4127 3848 4185 κατεστρατηο

2258 4200 2584 4274 πεδευμένος
2644 4200 2929 4276 εὒρώστως
2995 4202 3282 4274 ὑπεδέξατο
3337 4205 3430 4258 τὸν
3509 4201 3741 4279 βασιλέα,
3784 4195 3849 4250 καὶ

2259 4289 2585 4362 συμπλοκῆς
2642 4292 2945 4366 γενομένης
2999 4299 3510 4367 καταστρατηγῆσαι
3580 4293 3710 4368 τάχα
3754 4283 3847 4343 τοὺς

2258 4378 2587 4440 ἀντιπάλους
2659 4379 2996 4455 βουλόμενος
3064 4382 3091 4434 ὁ
3161 4385 3357 4452 Θωμᾶς
3456 4382 3572 4454 όίμα
3632 4384 3695 4453 τῇ
3746 4395 3846 4445 συμο

2258 4461 2400 4541 ϐολῇ
2433 4472 2576 4522 νῶτα
2606 4466 2792 4523 δοῦναι
2839 4475 2956 4530 τοῖς
3003 4469 3126 4544 περὶ
3176 4469 3335 4524 αὐτὸν
3393 4469 3718 4545 προσέταξεν,
3765 4463 3846 4517 εἶτα

495 4561 635 4616 bere
667 4560 890 4614 amicos
921 4555 1355 4612 accusantibus.
1418 4555 1543 4618 Qua
1595 4553 1696 4608 ille
1746 4571 1884 4609 voce
1934 4555 2138 4610 multis

2259 4560 2354 4610 τῶν
2387 4554 2641 4613 ἐναντίων
2691 4557 2766 4620 είς
2826 4555 3074 4632 διωγμὸν
3120 4529 3442 4634 τραπέντωνι
3495 4560 3555 4614 ἐκ
3604 4551 3847 4612 παλινδιώ-

495 4649 848 4704 miserorum
879 4646 1093 4701 civium
1123 4645 1572 4712 amicorumque
1603 4642 1978 4714 imperatoris
2007 4662 2140 4715 sup-

493 4738 689 4810 pliciis
720 4753 895 4792 ansas
947 4733 1237 4807 praecidit.
1292 4733 1546 4788 Thomas
1603 4731 1776 4786 lentis
1833 4734 2137 4790 confectus

397 4839 434 4874 ’μ
491 4827 799 4900 suppliciis
829 4825 1067 4880 tandem
1101 4824 1359 4878 animam
1394 4820 1702 4886 exhalavit,
1738 4821 1932 4876 medio
1964 4824 2134 4877 Octo-

488 4917 578 4972 bri
611 4915 1037 4983 mense,homo
1071 4913 1169 4982 qui
1191 4911 1360 4964 initio
1385 4908 1624 4979 quidem
1659 4926 1870 4980 magna
1891 4917 2136 4967 conatus

489 5008 910 5075 animosusque
943 5009 1000 5058 et
1029 4999 1312 5073 propositi
1346 5004 1625 5053 strenuus
1679 5005 2038 5068 persecutor,
2074 5001 2134 5056 in

487 5111 802 5169 progressu
831 5092 1020 5147 multo
1053 5107 1113 5144 se
1146 5106 1273 5160 ipso
1304 5087 1564 5142 deterior
1586 5086 1950 5158 minimeque
1980 5089 2136 5144 890

485 5183 854 5256 respondens
878 5177 1302 5252 exspectationi
1330 5177 1401 5232 de
1426 5193 1486 5230 se
1515 5182 1814 5247 conceptae
1841 5177 1999 5233 visus
2022 5185 2128 5234 est.

485 5276 639 5338 Quos
673 5274 894 5344 Bizyam
929 5268 1268 5340 pervenisse
1301 5265 1579 5332 diximus,
1615 5265 1653 5319 ii
1687 5282 1922 5338 quoque
1977 5270 2131 5339 peri-

484 5361 601 5416 culi
633 5367 796 5416 metu
847 5358 1205 5414 sententiam
1262 5359 1603 5422 mutarunt;
1657 5360 1714 5408 et
1760 5362 2000 5426 accepto
2060 5359 2130 5415 de

2247 4645 2380 4716 ξεως
2429 4645 2818 4724 ἐπιστραφῆναι
2863 4647 3090 4709 τούτους
3147 4649 3235 4702 καὶ
3291 4653 3370 4720 τῷ
3429 4645 3712 4722 παραδόξῳ
3758 4636 3844 4714 τεῦξ’

2247 4737 2445 4808 ψασθαι
2472 4742 2573 4804 τῆς
2604 4737 2975 4813 ὑποστροφῆς.
3031 4737 3127 4791 Καὶ
3193 4737 3260 4806 ἦν
3324 4737 3422 4811 μὲν
3486 4738 3631 4807 αὐτῷ
3665 4731 3842 4794 τοιαύτη

2246 4823 2606 4898 παραγγελία,
2639 4822 2738 4879 οὒκ
2788 4823 2990 4896 ἔμελλε
3053 4823 3110 4880 δὲ
3168 4827 3270 4896 ἄρα
3323 4827 3398 4888 εἷς
3456 4823 3611 4902 ἔργον
3667 4817 3844 4886 ἐκϐῆναι

2245 4912 2309 4967 τά
2369 4911 2807 4986 μεμελετημένα.
2869 4914 2936 4971 Οἱ
2991 4915 3095 4992 γὰρ
3161 4914 3252 4969 σὺν
3341 4915 3489 4987 αὖτῷ
3573 4915 3846 4988 στρατιῶται

2243 5001 2417 5057 πολὺν
2471 5005 2667 5076 χρόνον
2729 5008 3002 5078 γυναικῶν
3049 5003 3139 5058 καὶ
3196 5005 3393 5059 τέκνων
3450 5005 3746 5079 στερόμενοι
3795 4993 3846 5048 δι’

2243 5091 2403 5144 αὐτὸν
2433 5090 2650 5150 καὶτὰς
2683 5097 2874 5166 χεῖρας
2932 5092 3245 5168 χραίνοντες
3305 5093 3586 5169 ὁμογνίοις
3639 5089 3844 5163 αἵμασιν,

2244 5177 2354 5255 ἅμα
2404 5178 2460 5235 δὲ
2524 5181 2618 5236 καὶ
2674 5186 2753 5254 τῷ
2817 5183 3008 5257 χρόνῳ
3065 5185 3412 5256 πεπιεσμένοι
3505 5182 3694 5259 (τρίτον
3766 5175 3842 5250 γὰρ

2242 5270 2492 5344 έεηνιςετο
2562 5265 2705 5339 ἔτος,
2772 5271 2862 5325 καὶ
2932 5269 3220 5341 ἀνηνύτοις
3292 5269 3514 5327 ἐδόκουν
3594 5267 3846 5347 ἐπιχειρεῖν

2241 5355 2437 5434 ἀνδρὸς
2470 5357 2584 5422 ἑνὸς
2631 5356 2865 5431 ἀπονοίᾳ
2920 5359 3010 5415 καὶ
3051 5359 3314 5433 ἐπιθυμίᾳ
3371 5359 3747 5430 δουλεύοντες),
3797 5350 3842 5405 τδ

1680 5478 2044 5538 XYLANDRI
2086 5483 2169 5540 ET
2206 5484 2422 5540 GOARI
2462 5485 2684 5541 ΝΟΤᾹΞ.

553 5580 665 5653 (76)
694 5583 928 5635 Exteros
953 5581 1082 5636 belli
1108 5583 1299 5636 socios.
1334 5578 1508 5632 Gou.
