4054 6286
251 317 369 379 973
1381 309 1745 372 HISTORIA
1759 310 1935 372 RUM
1980 312 2532 381 OOMPENDIUM.
3547 316 3674 378 974

256 447 507 505 κελευθεν
557 446 634 508 ὦς
689 440 918 519 ιρμαιόν
976 463 1030 498 τι
1087 436 1374 514 λαϐόντες,
1431 445 1532 512 τῆς
1602 441 1857 519 σάλπιγγι

2068 446 2250 504 home
2284 450 2888 519 calamitate‘nuntio,
2914 450 3130 506 imitati
3168 450 3669 523 Adrianopolitas.

257 536 553 612 ἠχησάσης
583 535 647 590 τὸ
677 530 927 589 ἐνυάλιον
959 531 1048 587 καὶ
1082 531 1159 595 εἰς
1198 537 1390 606 χεῖρας
1438 530 1766 603 συμπλοκῆς
1796 533 1858 587 τι]

2068 536 2400 594 nastasium
2459 555 2671 595 manus
2702 538 3004 610 pedesque
3033 537 3296 594 vinctum
3324 537 3668 609 imperatori

253 626 551 703 ταγμάτων
606 621 878 687 ἐλθόντων
911 664 926 691 ,
986 622 1054 675 οὑ
1103 617 1353 690 δοικήσει
1400 623 1499 690 τήν
1560 623 1793 695 τροπὴν,
1824 621 1854 674 ἁ

2071 623 2371 682 Ltulerunt.
2406 628 2580 698 Isque
2607 626 2817 683 eodem
2840 644 2960 698 quo
2989 632 3159 698 pater
3186 626 3364 683 modo
3385 630 3672 683 tractatus

259 712 743 790 παρηγγέλθησαν,
773 710 1084 782 ἐποιοῦντο,
1113 708 1242 765 ἀλλ’
1273 710 1517 773 ἀτάκτως
1561 710 1650 765 καὶ
1700 709 1860 773 κόσμι

2069 714 2467 770 .olentamorte
2524 716 2721 786 periit.
2788 716 3081 787 Tyrannis
3124 717 3396 783 sublatis,
3426 715 3670 771 Parium

264 806 446 887 χωρὶς
496 807 596 874 τήν
644 804 792 873 τάξιν
852 800 1237 864 διαλελυκότες
1319 799 1698 857 ἐσκεδάννυντο
1734 847 1747 859 .
1809 805 1865 858 Κι

2085 842 2091 855 .
2137 803 2421 859 Heraclea
2475 805 2804 859 maritimas
2840 805 3019 861 urbes
3074 805 3333 860 Thraciae
3389 805 3686 861 adhuctiis

263 897 443 956 οὕτως
473 895 565 949 νῦν
596 895 686 960 μὶν
716 891 924 969 ὀλίγοι,
983 890 1133 951 αὖθις
1193 887 1251 945 δὲ
1306 890 1532 953 πλείους
1587 894 1668 962 τῷ
1700 889 1861 966 βασιλ

2080 897 2288 947 .ventes
2342 892 2702 948 resistebant
2760 893 3136 964 imperatori,
3168 910 3303 949 cum
3360 893 3497 949 odio
3530 893 3681 966 ejus,

254 987 711 1063 προσχωροῦσιν.
751 983 810 1035 Ὀ
869 979 926 1035 δὲ
955 984 1157 1054 Θωμᾶς
1219 978 1312 1034 σὺν
1373 976 1591 1057 ὀλίγοις
1644 979 1786 1033 τισὶν
1838 1000 1855 1034 ε

2087 997 2159 1035 ιω
2193 981 2352 1052 quod
2384 996 2582 1036 sacras
2609 998 2902 1053 reponere
2963 982 3253 1054 imagines
3311 982 3570 1038 nolebat.
3607 985 3688 1037 Ac

260 1070 722 1149 Ἀδριανούπαλιν
784 1069 1142 1144 περισώζεται
1184 1111 1196 1126 .
1268 1069 1329 1125 Ὁ
1385 1065 1444 1122 δὲ
1498 1068 1695 1124 τούτου
1744 1087 1861 1143 παρε

2087 1070 2270 1125 arium
2304 1070 2546 1141 quidem
2594 1075 2833 1142 captum
2891 1076 3003 1138 est,
3066 1072 3253 1125 muris
3315 1076 3486 1125 terra)
3517 1076 3688 1126 motu

255 1183 504 1241 γραπτος
565 1160 656 1215 καὶ
711 1159 867 1220 νόθος
916 1158 1032 1219 υἱὸς
1115 1159 1225 1241 (⁸77)
1287 1157 1647 1219 Ἀναστάσιος
1702 1158 1766 1212 τὸ
1822 1179 1856 1213 τ

2086 1164 2237 1213 )orto
2276 1160 2609 1230 prostratis.
2648 1159 2931 1216 Heraclea
2960 1165 3160 1215 autem
3192 1177 3228 1215 a
3254 1160 3523 1231 partibus
3555 1160 3687 1231 qui-

258 1239 469 1318 Βιζύης
528 1244 743 1322 φεύγων
802 1242 1038 1316 κατέσχε
1093 1240 1373 1318 φρούριον.
1439 1243 1529 1316 [Ρ.
1591 1245 1718 1317 507]
1779 1243 1839 1300 Ὀ

2049 1247 2148 1302 bus
2178 1247 2251 1303 ad
2281 1264 2446 1303 mare
2477 1253 2725 1320 spectat,
2757 1256 3093 1322 expugnata
3112 1253 3220 1304 est.
3648 1262 3650 1265 '

263 1334 521 1414 βασιλεὺς
563 1333 623 1388 ἐκ
678 1329 845 1390 ποδὸς
901 1330 1119 1390 τούτοις
1189 1330 1453 1403 ἑπόμενος
1515 1336 1732 1406 πρῶτον
1792 1329 1936 1406 ἓγνω
1990 1332 2306 1409 πολιορκεῖν
2356 1336 2448 1390 τὸν
2508 1340 2728 1408 Θωμᾶν.
2786 1337 2941 1393 Ὅθεν
2997 1335 3186 1413 ἐπάγει
3241 1335 3389 1408 αὐτῷ
3453 1335 3688 1411 πολιορ-

256 1426 404 1497 κίαν,
463 1424 526 1480 ού
594 1419 684 1477 διὰ
737 1423 997 1496 μηχαιῶν
1056 1419 1147 1473 καὶ
1197 1416 1512 1475 ἐλεπόλεων
1571 1418 1897 1491 σπουδάζων
1954 1421 2116 1476 αὐτὸν
2166 1422 2414 1487 καθελεῖν
2451 1468 2465 1493 ,
2516 1425 2629 1498 ἅμα
2692 1425 2784 1497 μὲν
2845 1426 2938 1480 τὸν
3013 1423 3282 1504 ἐμφύλιον
3342 1420 3688 1497 εὐλαϐούμε-

265 1537 361 1579 νος
424 1512 656 1586 πόλεμν,
714 1512 829 1584 ἅμα
887 1506 940 1563 δὲ
998 1508 1089 1564 καὶ
1154 1506 1281 1570 τοὺς
1338 1507 1764 1583 προσοικοῦντας
1822 1515 1885 1584 τῇ
1943 1507 2395 1579 Ἀδριανουπὸλει
2459 1512 2668 1574 Σκύθας
2757 1515 2832 1586 μή
2892 1512 3093 1578 ἐθέλων
3151 1517 3258 1569 τῶν
3320 1513 3685 1587 πολιορκητι-

264 1608 380 1662 κῶν
429 1601 671 1677 ὀργάνων
729 1603 920 1672 πεῖραν
1004 1591 1216 1666 λαϐεῖν,
1273 1595 1419 1652 ἆλλά
1477 1596 1632 1671 λιμῷ
1686 1600 1774 1654 καὶ
1827 1599 2032 1675 ἀνάγκῃ
2092 1605 2198 1655 τῶν
2250 1600 2571 1671 ἐπιτηδείων
2632 1600 2956 1677 ἐπιγόμενος
3005 1603 3099 1657 τὸν
3156 1601 3449 1658 ἀντίπαλον
3510 1622 3684 1679 παρα-

258 1696 588 1765 στήσασθαι’
647 1687 738 1744 καὶ
798 1685 866 1756 δὴ
923 1686 1294 1762 παρακαθίσας
1345 1687 1446 1755 τήν
1523 1687 1971 1762 ’Λοριανούπολιν
2048 1690 2139 1744 καὶ
2227 1691 2428 1765 χάρακι
2484 1690 2572 1745 καὶ
2631 1690 2982 1766 σταυρώμασι
3052 1691 3401 1765 στεφανώσας
3454 1690 3688 1769 ἐνεργῶς

263 1781 606 1854 ἐπολιόρκει.
640 1778 699 1834 ‘0
742 1773 800 1831 δὲ
848 1778 1047 1848 Θωμᾶς
1078 1779 1294 1849 πρῶτον
1356 1778 1451 1848 μὲν
1500 1779 1671 1831 πᾶσαν
1730 1775 2013 1853 ἅρχηστον
2081 1778 2301 1847 ἡλικίαν
2358 1778 2448 1833 καὶ
2506 1784 2608 1834 πᾶν
2672 1785 2810 1849 ζῶον
2869 1777 3250 1850 ἀνεπιτήδειον
3306 1786 3407 1850 τῆς
3466 1779 3685 1842 πόλεως

261 1871 476 1943 ἐξωθεῖ,
506 1865 711 1936 ἔπειτα,
737 1866 812 1926 ὡς
843 1861 951 1934 ἤδη
993 1861 1234 1935 ἤκμαζεν
1267 1865 1296 1919 6
1329 1861 1495 1936 λιμὸς
1547 1863 1637 1919 καὶ
1695 1866 1971 1939 σωτηρίας
2034 1864 2191 1927 ἐλπῖς
2257 1864 2525 1941 οὐδαμοῦ,
2588 1869 2640 1922 οἱ
2692 1868 2787 1941 μὶν
2820 1872 2926 1923 τῶν
2986 1868 3258 1923 συνόντων
3319 1866 3469 1939 αύτῷ
3500 1866 3680 1942 λάθρα

266 1957 358 2015 διά
384 1978 547 2015 τινων
600 1951 849 2010 πυλίδων
906 1952 1234 2013 κλέπτοντες
1289 1953 1388 2022 τήν
1434 1951 1723 2024 ἐξέλευσιν,
1775 1955 1827 2008 οἱ
1886 1951 1943 2009 δὲ
1999 1951 2089 2009 διὰ
2140 1958 2249 2009 τῶν
2298 1959 2502 2033 τειχῶν
2562 1954 2942 2029 καθιμώμενοι
3012 1956 3227 2030 νύκτωρ
3281 1958 3530 2031 φέροντες
3562 1957 3690 2011 ἐαυ-

261 2048 392 2111 τοὺς
419 2052 498 2119 τῷ
532 2045 749 2122 βασιλεῖ
801 2038 1187 2118 παρεδίδοσαν,
1239 2039 1407 2096 ἄλλοι
1463 2038 1522 2097 δὲ
1549 2042 1686 2116 πρὸς
1744 2043 1835 2097 τὸν
1891 2048 1988 2098 τοῦ
2046 2044 2354 2099 ἀποστάτου
2410 2044 2565 2099 νόθον
2626 2044 2742 2100 υἱὸν
2803 2045 3149 2103 Ἀναστάσιον
3209 2045 3285 2108 εἷς
3329 2046 3393 2100 τὸ
3478 2043 3684 2116 Βιζύης

264 2137 591 2209 πτολίεθρον
647 2130 1082 2207 ἀπεδίδρασκον.
1141 2131 1293 2188 Ἐπεὶ
1352 2128 1409 2186 δὲ
1462 2137 1580 2195 τοῖς
1634 2130 2123 2206 πολιορκουμένοις
2183 2131 2292 2204 ἤδη
2351 2134 2421 2188 τὰ
2476 2134 2740 2211 ἀναγκαῖα
2796 2132 3155 2206 κατεδήδοτο,
3211 2132 3424 2209 ἥψαντο
3485 2132 3543 2189 δὲ
3612 2154 3685 2207 κα

261 2248 421 2285 τινων
483 2225 668 2295 ἀήθων
731 2220 1060 2297 βρωμάτων,
1118 2220 1322 2296 ἐχώρει
1354 2218 1413 2274 δὲ
1470 2223 1506 2290 ἡ
1536 2220 1741 2296 ἀνάγκη
1799 2222 1891 2276 καὶ
1952 2220 2117 2297 μέχρι
2174 2226 2281 2277 τῶν
2343 2222 2695 2297 σεσημμένων
2784 2229 2990 2279 σκυτῶν
3083 2225 3172 2279 καὶ
3249 2228 3356 2279 τῶν
3408 2226 3687 2297 καττυμά-

260 2339 399 2389 των,
430 2314 524 2371 καὶ
554 2313 770 2373 τούτοις
826 2311 1255 2387 ἀναγκαζόμενοι
1319 2308 1622 2379 ἐσιτοῦντο,
1685 2310 1856 2384 λάθρα
1911 2311 2048 2386 πρὸς
2101 2309 2304 2387 λόγους
2348 2310 2597 2375 ἐλθόντες
2663 2317 2743 2385 τῷ
2796 2310 3055 2391 Μιχαὴλ,
3110 2314 3198 2367 καὶ
3257 2317 3368 2368 τῶν
3424 2315 3681 2386 ἡμαρτη-

273 2405 444 2477 μένων
500 2401 854 2477 συγχώρησιν
939 2399 1310 2469 ἐξαιτήσαντες
1388 2398 1481 2453 καὶ
1566 2392 1844 2468 λαϐόντες,
1899 2399 1991 2453 τὸν
2044 2405 2244 2472 Θωμᾶν
2300 2396 2544 2470 πεδήτην
2602 2400 2934 2476 προσάγουσι
2984 2399 3064 2471 τῷ
3118 2399 3322 2475 ἐχθρῷ.
3374 2401 3435 2457 Ὁ
3514 2395 3571 2455 δὲ
3624 2399 3688 2453 τὸ

271 2493 429 2565 δόξαν
489 2489 660 2547 πάλαι
718 2494 834 2550 τοῖς
897 2487 1180 2561 βασιλεῦσι
1240 2488 1329 2541 καὶ
1388 2486 1467 2550 εἷς
1534 2488 1816 2565 συνήθειαν
1873 2485 1984 2557 ἤδη
2046 2487 2200 2543 ἐλθὸν
2262 2493 2481 2564 πρῶτον
2537 2486 2780 2554 τελέσας,
2848 2489 2938 2543 καὶ
2986 2485 3072 2543 ἐπ’
3129 2485 3359 2566 ἐδάφους
3424 2485 3687 2552 ἀπλώσας

278 2582 439 2636 αὐτὸν
507 2580 597 2635 καὶ
677 2584 794 2640 τοῖς
896 2578 1024 2632 ποσὶ
1104 2576 1196 2631 τὸν
1250 2575 1455 2650 αὐχένα
1530 2576 1729 2631 τούτου
1801 2578 2064 2647 πατήσαι,
2125 2577 2522 2651 ἀκρωτηριάζει
2581 2574 2764 2632 ποδῶν
2825 2577 2984 2632 αὐτὸν
3043 2577 3132 2632 καὶ
3187 2575 3412 2651 χείρῶν,
3471 2575 3578 2651 ὄνῳ
3632 2597 3692 2633 τε

280 2669 601 2728 ἐπικαθίσας
631 2667 893 2741 θεατρίζει
924 2662 1012 2720 διὰ
1041 2668 1138 2720 τοῦ
1172 2662 1560 2737 στρατοπέδου,
1616 2661 1766 2718 οὐδὲν
1832 2661 1974 2720 ἄλλο
2045 2659 2418 2737 ἐπιϐοώμενον
2480 2663 2608 2721 ἀλλ’
2660 2665 2717 2735 ἢ.
2770 2690 2797 2717 ιι
2832 2663 3096 2736 Ἐλέησόν
3159 2687 3246 2739 με,
3279 2663 3501 2735 ἀληθῶς
3534 2666 3689 2740 βασι-

281 2755 382 2813 λεῦ
417 2758 430 2812 l
468 2780 499 2808 ››
528 2757 820 2831 Ἐρομένου
853 2752 913 2809 δὲ
940 2758 1037 2808 τοῦ
1071 2751 1341 2828 βασιλέως
1372 2750 1584 2814 εἷ’τινες
1615 2757 1724 2807 τῶν
1775 2751 1926 2825 αὐτῷ
1955 2753 2221 2808 συνόντων
2279 2754 2371 2809 καὶ
2421 2751 2595 2830 ἕτεροι
2652 2757 2759 2809 εἷεν
2817 2756 2885 2809 τὰ
2913 2754 3080 2809 αὐτοῦ
3138 2757 3485 2831 φρονοῦντες,
3542 2756 3691 2830 τάχα

287 2845 347 2901 ἂν
380 2850 602 2901 κατεῖπε
627 2842 880 2912 πολλῶν,
913 2842 1070 2916 εἰμὴ
1138 2844 1168 2897 6
1222 2861 1507 2917 πατρικιος
1566 2842 1818 2911 Ἰωάννης
1876 2842 1906 2896 6
1953 2836 2328 2910 Ἑξαϐούλιος.
2390 2867 2418 2894 ιι
2452 2844 2533 2900 Ού
2592 2840 2730 2913 δέον,
2787 2838 2913 2919 ἔφη,
2969 2843 3015 2896 ὧ
3086 2841 3333 2916 βασιλεῦ,
3389 2841 3535 2898 ἀλλὰ
3598 2844 3689 2899 καὶ

273 2933 392 2991 λίαν
428 2932 755 3008 ἀλογιστον,
787 2933 1011 3008 ἐχθροῖς
1064 2930 1334 2987 πιστεύειν
1388 2930 1524 2985 κατὰ
1568 2933 1677 2985 τῶν
1739 2929 1934 3006 φίλων,
1970 2953 1998 2981 ››
2055 2929 2146 2984 καὶ
2200 2929 2381 3003 τούτῳ
2426 2935 2508 3003 τῷ
2560 2929 2709 3005 λόγῳ
2742 2927 2957 2986 διέλυσε
2984 2930 3080 2992 τὰς
3111 2929 3247 2985 κατά
3280 2935 3388 2986 τῶν
3419 2931 3696 2987 ταλαιπώ-

271 3045 380 3098 ρων
454 3020 699 3078 πολιτῶν
755 3021 845 3076 καὶ
909 3019 1087 3093 φίλων
1144 3019 1315 3074 αὐτοῦ
1375 3017 1684 3092 μελλούσάς
1741 3017 2039 3093 ἐγείρεσθαι
2094 3018 2386 3093 τιμωρίας,
2437 3019 2541 3075 Καὶ
2597 3020 2625 3074 6
2682 3019 2990 3090 ἀποστάτης
3044 3016 3102 3074 δὲ
3153 3015 3414 3076 κατέλυσε
3451 3020 3541 3076 τὸν
3576 3020 3696 3096 βίον

279 3111 592 3188 ἀπορρήξας
645 3112 708 3167 τὸ
755 3114 967 3182 πνεῦμα
1020 3114 1140 3171 ταῖς
1196 3100 1333 3164 κατά
1393 3107 1584 3183 μικρὸν
1667 3112 1899 3175 ποιναῖς,
1997 3111 2289 3180 μεσοῦντος
2346 3103 2694 3181 Ὀκτωϐρίου
2779 3108 2969 3182 μηνὸς,
3016 3110 3154 3164 κατά
3214 3109 3310 3182 μὲν
3364 3108 3461 3171 τὰς
3509 3109 3689 3185 ἀρχὰς

289 3195 753 3276 μεγαλεπήϐολος
814 3196 987 3253 δοκῶν
1047 3197 1293 3272 γενέσθαι
1349 3198 1438 3251 καὶ
1490 3195 1774 3270 τολμηρὸς
1829 3195 1920 3250 καὶ
1975 3200 2074 3250 τοῦ
2129 3196 2484 3270 προτεθέντος
2543 3196 2940 3275 ἐξεργαστικὸς,
2993 3192 3306 3273 προϐαίνων
3363 3195 3421 3253 δὲ
3475 3196 3564 3254 ἐπὶ
3622 3199 3691 3255 τὰ

266 3290 572 3365 ἔμπροσθεν
621 3287 769 3344 πολὺ
828 3284 1241 3360 καταδεέστερος
1306 3286 1495 3341 ἑαυτοῦ
1546 3286 1730 3361 φανεὶς
1784 3286 1872 3339 καὶ
1960 3292 2059 3353 τῆς
2095 3289 2205 3339 τῶν
2254 3286 2408 3346 ἐκτὸς
2468 3285 2823 3361 προσδοκίας,
2891 3287 2994 3343 Καὶ
3056 3288 3109 3341 οἱ
3158 3285 3219 3341 ἐκ
3276 3286 3478 3356 Βιζύης
3510 3284 3569 3342 δὲ
3593 3291 3693 3343 τοῦ

282 3379 551 3455 φρουρίου
610 3376 793 3452 ἐτέρας
849 3376 1065 3450 ταχέως
1124 3373 1371 3448 ἐγένοντο
1435 3374 1684 3449 γνώμης,
1743 3374 1833 3428 τὸν
1890 3372 2268 3449 ἐπηρτημένον
2344 3375 2687 3452 ὑφορώμενοι
2743 3373 3012 3431 κίνδυνον·
3072 3377 3185 3449 ἅμα
3238 3376 3343 3450 γὰρ
3397 3380 3477 3447 τῷ
3531 3377 3695 3442 πυθέ-

272 3471 404 3524 σθαι
478 3467 547 3523 τά
629 3467 764 3521 κατὰ
833 3465 926 3519 τὸν
1004 3468 1200 3537 Θωμᾶν
1263 3464 1618 3539 ἀτυχήματα,
1673 3463 1740 3516 τὰ
1814 3461 1982 3536 ὅμοια
2037 3463 2400 3532 πεποιηκότες
2444 3465 2535 3518 καὶ
2575 3465 2669 3519 τὸν
2724 3465 3069 3521 Ἀναστάσιον
3128 3465 3425 3538 συσχόντες
3483 3461 3699 3538 δεδεμέ-

265 3578 365 3613 νον
437 3561 629 3632 χεῖρας
683 3556 774 3610 καὶ
834 3550 1005 3614 πόδας
1079 3554 1452 3627 προσήνεγκαν
1511 3556 1591 3624 τῷ
1653 3552 1885 3626 βασιλεῖ.
1975 3553 2126 3625 [508]
2213 3551 2462 3617 Πάπςνθε
2549 3551 2607 3608 δὲ
2688 3553 2781 3608 καὶ
2870 3555 3029 3615 οὗτος
3076 3553 3144 3608 τὰ
3201 3552 3565 3625 παραπλήσια
3615 3555 3698 3624 τῷ

266 3667 363 3701 νον
398 3650 589 3724 χεῖρας
616 3642 827 3698 καὶτὸν
876 3641 992 3716 βίον
1056 3642 1250 3716 βιαίως
1310 3639 1641 3714 μετήλλαξε.
1696 3646 1794 3724 Και
1846 3644 1954 3695 τῶν
2007 3640 2278 3714 τυράννων
2310 3639 2368 3695 δὲ
2422 3643 2843 3716 καθαιρεθέντων
2897 3644 2954 3696 αἱ
3004 3642 3267 3717 παράλιοι
3325 3647 3424 3711 τῆς
3479 3641 3694 3716 Θρᾴκης

267 3722 485 3803 πόλεις,
551 3733 615 3787 τό
685 3753 745 3788 τε
814 3732 1014 3804 Πάριον
1099 3730 1189 3810 καὶ
1239 3732 1275 3799 ἡ
1335 3728 1647 3803 Ἡράκλεια,
1700 3722 1778 3784 ἔτι
1834 3728 1904 3784 τά
1953 3732 2051 3783 τοῦ
2107 3729 2370 3804 τυράννου
2423 3734 2717 3805 φρονοῦσαι
2773 3731 3047 3805 ἀντεῖχον,
3111 3728 3253 3801 μίσει
3308 3749 3367 3783 τε
3421 3733 3501 3800 τῷ
3557 3727 3695 3803 πρὸς

274 3821 510 3898 Μιχαὴλ
562 3820 654 3876 καὶ
715 3818 805 3875 διὰ
852 3819 916 3874 τὸ
986 3820 1062 3893 μὴ
1121 3818 1298 3875 θέλειν
1363 3822 1554 3873 τοῦτον
1607 3821 1703 3880 τὰς
1763 3817 1909 3879 θείας
1959 3815 2341 3887 ἇνιοστηλῶσαι
2400 3818 2631 3883 εἰκόνας.
2691 3820 2795 3876 Καὶ
2844 3819 2906 3873 τὸ
2970 3830 3064 3892 μὲν
3129 3820 3332 3893 Πάριον
3389 3815 3536 3873 ἑάλω
3592 3821 3690 3873 τοῦ

271 3912 496 3986 τείχους
527 3904 962 3979 καταϐληθέντος
1011 3907 1119 3963 ἀπό
1172 3928 1322 3971 τινος
1375 3908 1670 3980 γενομένου
1728 3908 1977 3978 σεισμοῦ,
2044 3908 2077 3974 ἡ
2120 3903 2167 3959 δ’
2221 3905 2519 3980 Ἡράκλεια
2577 3906 2862 3982 ἐκυριεύθη
2921 3907 3029 3962 ἀπὸ
3086 3911 3194 3962 τῶν
3262 3912 3362 3976 τῆς
3413 3902 3691 3978 θαλάσσης

354 4020 485 4074 ρων.

387 4022 433 4054 ω
471 4041 485 4056 .

282 4022 547 4144 “iraira:
580 4087 675 4161 μὲν
732 4086 869 4141 κατά
929 4089 1126 4158 Θωμᾶν
1168 4089 1418 4140 τοιοῦτον
1480 4079 1610 4161 ἔσχε
1637 4083 1700 4139 τὸ
1749 4080 1877 4138 τέλο

2113 4085 2213 4140 [lic
2243 4102 2444 4141 rerum
2500 4087 2741 4142 Thomm
2800 4086 2934 4142 finis
2991 4087 3124 4156 fuit,
3157 4092 3217 4143 et
3270 4084 3593 4141 Michaelus
3624 4099 3695 4139 ex

271 4179 365 4235 καὶ
397 4175 580 4238 οὕτως
637 4177 666 4230 6
725 4174 985 4251 βασιλεὺς
1050 4174 1452 4249 τροπαιοφόρος
1514 4172 1573 4227 ἐκ
1626 4176 1734 4226 τῶν
1788 4192 1872 4227 και

2082 4177 2239 4232 racia
2269 4178 2645 4249 triumphans
2674 4178 2736 4232 in
2765 4177 2977 4233 urbem
3007 4176 3202 4231 rediit.
3241 4174 3310 4230 In
3358 4175 3550 4230 socios
3577 4189 3683 4230 au-

275 4267 490 4343 Θράκην
558 4261 782 4342 ἔρχεται
838 4259 1055 4320 πόλεων
1092 4308 1106 4333 ,
1165 4261 1320 4319 οὐδὲν
1394 4261 1577 4336 ἕτερον
1624 4261 1762 4316 κατά
1815 4265 1876 4316 τᾶ

2094 4282 2159 4319 rm
2190 4265 2540 4321 defectionis
2563 4267 2797 4321 Thomas
2828 4271 2885 4320 et
2911 4271 3114 4337 captos
3144 4263 3303 4319 bello
3332 4262 3484 4319 nihil
3528 4260 3695 4317 aliud

281 4354 871 4424 συναποστατησάντων
931 4358 1011 4426 τῷ
1105 4356 1277 4424 Θωμᾷ
1357 4349 1613 4421 ἐννοήσας
1703 4349 1794 4404 καὶ
1852 4370 1882 4403 τ

2094 4355 2251 4410 atuit
2279 4371 2457 4425 quam
2489 4355 2649 4426 quod
2678 4356 2864 4412 asinis
2897 4371 2997 4410 eos
3029 4353 3341 4425 impositos
3372 4351 3530 4407 ludis
3560 4350 3695 4406 Cir-

279 4440 515 4517 πολέμῳ
541 4442 807 4512 ἁλόντων,
838 4440 965 4497 ἀλλ’
1026 4438 1399 4517 ἱπποδρομίας
1465 4439 1757 4514 γενομένης
1788 4438 1878 4493 ὅνο

2095 4443 2319 4499 :nsibus
2340 4443 2703 4499 circumduci
2729 4443 3042 4514 solumque
3067 4441 3260 4498 exsilii
3281 4444 3696 4497 causavertere

277 4534 693 4611 ἐποχουμένους
725 4535 1091 4609 περιαχθῆναι
1140 4532 1232 4587 καὶ
1299 4529 1482 4604 ἐξορίᾳ
1533 4525 1878 4604 παραδοθῆναι

2090 4533 2237 4588 issit.
2275 4532 2636 4604 Supererant
2691 4533 2884 4589 adhuc
2942 4531 3292 4587 defectionis
3322 4530 3492 4585 istius
3522 4527 3691 4600 quasi

278 4626 507 4698 ’Έμεινε
536 4621 593 4679 δὲ
638 4622 885 4697 ζώπυρον
944 4628 1046 4691 τῆς
1103 4622 1434 4683 ἀποστασίας
1490 4619 1553 4672 τὸ
1598 4616 1861 4694 φρούριον

2092 4621 2278 4676 νηιὶιεε
2308 4621 2424 4676 duo
2457 4622 2719 4690 castella,
2753 4621 2970 4677 Cabala
3001 4625 3060 4677 et
3090 4619 3386 4687 Saniana;
3437 4632 3693 4689 quorum

286 4709 514 4772 Καϐάλα
562 4714 651 4767 καὶ
701 4715 738 4782 ἡ
770 4712 1030 4782 Σανίανα,
1080 4712 1153 4766 ὧν
1182 4713 1285 4780 τὴν
1342 4709 1436 4782 μὲν
1464 4710 1493 4764 6
1527 4706 1758 4785 Χοιρέας
1800 4729 1887 4763 κατ

2095 4711 2300 4765 lterum
2321 4710 2868 4776 Cbaereas,alterum
2882 4712 3214 4767 Gazarenus
3232 4707 3696 4776 tenebat,iisque

287 4802 430 4881 εἶχε,
461 4802 525 4856 τὸ
556 4800 602 4856 δ’
632 4803 659 4856 6
689 4802 1022 4877 Γαζαρηνὸς,
1063 4798 1115 4870 ἐξ
1180 4797 1253 4854 ὧν
1308 4798 1625 4873 ὁρμώμενοι
1682 4796 1888 4871 λῃστείι

2095 4816 2116 4853 ι
2154 4798 2389 4854 arcibus
2437 4798 2834 4870 prmdationes
2864 4815 2932 4854 ac
2964 4797 3278 4854 latrocinia
3320 4794 3696 4853 exercebant.

290 4890 583 4946 ἐποιοῦντο
641 4891 732 4946 καὶ
788 4888 1088 4965 προνομάς.
1150 4886 1329 4945 Ἀλλά
1400 4886 1492 4941 καὶ
1551 4885 1702 4940 οὗτοι
1734 4885 1808 4948 ὡς
1838 4886 1891 4941 ού

2089 4887 2159 4942 ed
2189 4888 2249 4942 bi
2281 4904 2516 4959 quoque
2548 4904 2683 4943 cum
2714 4888 3085 4959 impunitatis
3116 4892 3289 4959 pacta
3319 4885 3391 4940 ab
3423 4884 3690 4953 impera-

284 4978 535 5050 ἐδέξαντο
566 4979 660 5042 τὰς
713 4978 993 5041 ἀθωουσας
1047 4976 1243 5038 αὐτοὺς
1312 4972 1601 5052 βασιλικάς
1657 4970 1885 5030 συλλαϐἐ

2096 4993 2175 5031 »τε
2198 4976 2793 5047 missa,obldtamque
2814 4976 3161 5048 dignitatem
3188 4974 3349 5046 (nam
3374 4977 3697 5039 utrumque

276 5070 366 5126 καὶ
412 5070 481 5125 τὰ
526 5069 836 5149 πεμφθέντα
888 5068 1169 5141 ἀξιώματα
1227 5065 1339 5140 (καὶ
1392 5064 1560 5143 ἄμφω
1614 5065 1715 5138 γὰρ
1777 5086 1877 5140 μαγ

2095 5068 2398 5139 ιειεὶειινυω
2446 5066 2593 5122 891
2641 5067 2965 5137 imperator
3003 5064 3266 5130 creabat)
3322 5062 3696 5132 respuerent,

280 5180 427 5234 στρω
478 5159 776 5229 πεποίηκεν
836 5158 863 5213 6
926 5154 1205 5232 βασιλεὺς)
1239 5199 1253 5226 ,
1326 5154 1746 5233 ὑποφθαρέντων
1830 5157 1881 5207 τε

2101 5157 2343 5228 irruptis
2373 5154 2750 5211 castellorum
2781 5153 3098 5226 praesidiis,
3140 5167 3276 5208 cum
3308 5149 3383 5206 ad
3414 5150 3702 5204 consueta

284 5244 455 5318 ἔνδον,
492 5248 566 5310 ὡς
591 5244 818 5317 ἐξῆλθον
851 5246 1003 5301 οὗτοι
1056 5245 1193 5320 πρὸς
1248 5243 1345 5305 τάς
1404 5243 1651 5312 συνήθεις
1711 5238 1885 5316 διαρπι

2093 5245 2367 5300 itrocinia
2404 5244 2743 5311 exivissent,
2776 5243 2963 5314 portis
3011 5238 3393 5298 castellorum
3446 5235 3694 5307 objectis

282 5337 416 5414 γάς,
476 5334 830 5408 ἐκλείσθησαν
884 5339 991 5391 τῶν
1051 5332 1327 5414 φρουρίων
1384 5331 1439 5386 αἱ
1494 5329 1665 5386 πύλαι
1715 5328 1883 5385 αύτοῖι

2109 5333 2302 5403 mimi,
2344 5349 2599 5404 cumque
2624 5332 2687 5386 in
2737 5331 2965 5403 Syriam
3022 5329 3160 5403 fuga
3188 5327 3644 5392 contenderent,
3674 5340 3710 5383 α

1506 5485 1868 5543 XYLANDRI
1909 5487 1997 5542 ET
2032 5486 2251 5545 GOARI
2290 5486 2512 5542 ΝΟΤιΕ.

359 5640 478 5714 (77)
510 5638 808 5709 "legitima
836 5634 1138 5706 adoption:
1172 5636 1395 5691 Thema
1432 5632 1720 5703 ascriptus.
1751 5632 1927 5690 Goan.
