4108 6300
468 263 587 322 9Ἷ5

1819 265 2140 329 GEORGII
2185 264 2522 326 GEDRENI

3774 275 3900 336 976

461 399 755 474 Ρτωΐθοιὶε
782 401 1040 458 limitum
1071 404 1484 477 Comprehensi
1509 406 1694 480 inque
1724 419 1960 462 crucem
1991 403 2094 460 acti

2217 401 2306 455 καὶ
2339 399 2626 479 φεύγοντες
2661 400 2798 472 πρὸς
2835 402 3037 475 Συρίαν
3069 401 3175 456 ὐπὸ
3207 406 3314 458 τῶν
3346 405 3441 468 τὰς
3462 404 3636 479 ἄκρας
3667 405 3902 464 διεπόν-

465 499 622 548 sunt.

533 583 620 636 Ita
648 581 886 637 demum
945 583 1196 640 defectio
1261 587 1510 642 omnino
1563 587 1876 642 exstincta.
1907 586 2108 653 Neque

467 684 606 725 vero
651 672 945 726 malorum
1001 674 1257 745 impetus
1306 677 1414 731 hoc
1473 677 1712 732 cardine
1774 679 2108 730 cessaturus

471 765 638 814 erat:
688 760 790 815 sed
835 777 966 816 cum
1017 762 1146 818 dum
1196 767 1591 831 continentes,
1635 768 1930 836 Europam
1978 763 2108 817 dico

467 854 644 920 atque
675 849 891 919 Asiam,
923 852 1100 906 veluti
1134 860 1311 925 caput
1349 861 1406 910 et
1458 855 1666 924 cauda,
1699 854 1976 908 divinitus
2009 867 2108 905 ca-

467 938 1088 1010 ctigarentur,tamets'i
1114 942 1171 996 id
1201 960 1320 998 non
1352 945 1868 1016 intelligerent,ira
1899 943 1998 997 Dei
2023 941 2109 995 eis

461 1028 670 1094 caedes,
698 1027 1172 1094 incendia,terras
1197 1040 1411 1098 motus,
1436 1033 1969 1100 latrocinia,civiles
1988 1037 2108 1085 tur-

460 1114 822 1183 bas,urbium
843 1117 1140 1188 insperata
1157 1122 1386 1176 excidia
1399 1123 1566 1194 signa
1589 1123 1646 1176 in
1663 1122 1808 1177 caelo
1828 1121 1955 1175 etin
1971 1135 2106 1173 aere

461 1203 844 1273 immittente,
872 1207 1111 1262 tandem
1136 1210 1381 1265 miseras
1408 1227 1642 1281 quoque
1667 1209 2104 1277 insulas,veluti

456 1293 752 1348 medicum
778 1297 1059 1366 corporis,
1087 1315 1160 1352 ne
1182 1299 1306 1354 ulla
1327 1300 1454 1370 ejus
1483 1316 1617 1371 pars
1641 1300 1827 1372 plagis
1851 1303 2101 1362 careret,

453 1382 815 1436 invaserunt.
852 1383 959 1438 Sed
984 1385 1266 1442 nimirum
1292 1390 1504 1460 corrigi
1538 1403 1660 1442 non
1696 1385 2101 1459 poterant,qui

456 1469 557 1523 Dei
581 1470 838 1525 hominis
860 1472 1113 1528 formam
1135 1475 1502 1531 adorandam
1517 1481 1820 1548 negarent.
1842 1475 1965 1538 Quo
1983 1479 2101 1527 tem

453 1572 596 1628 pore
628 1575 808 1614 novas
840 1577 932 1614 res
965 1562 1160 1616 moliri
1205 1565 1456 1620 Thomas
1508 1566 1700 1636 cmpit,
1736 1564 1893 1618 fama
1922 1564 2006 1616 rei
2039 1563 2100 1615 in

457 1661 665 1702 omnes
703 1656 900 1720 partes
951 1651 1267 1724 divulgata,
1329 1655 1622 1725 Agaremi,
1656 1653 1754 1725 qui
1789 1653 2098 1707 occiduum

458 1738 661 1795 lberiie
695 1742 892 1798 sinum
949 1745 1222 1800 accolunt
1278 1748 1508 1803 Oceano
1570 1747 1827 1812 finitimi,
1863 1761 2010 1815 quos
2042 1749 2100 1798 et

459 1827 747 1900 Hispanos
776 1833 1106 1902 nominant,
1138 1836 1292 1890 aucti
1343 1837 1654 1892 hominum
1697 1834 2097 1900 multitudiue,

457 1933 742 1990 suamque
767 1925 983 1977 terram
1016 1941 1222 1994 parum
1257 1925 1510 1980 fertilem
1551 1931 1726 1996 atque
1760 1923 2100 1994 opulentam

453 2007 778 2064 sentientes
800 2010 1052 2082 ideoque
1078 2013 1222 2084 ipsis
1245 2013 1475 2069 alendis
1497 2031 1615 2070 non
1638 2011 2102 2082 sufﬁcere,prin-

451 2095 644 2167 cipem
665 2115 836 2153 suum
850 2102 1262 2173 Apochapsum
1282 2103 1415 2174 (ipsi
1432 2119 1537 2158 sua
1556 2104 1754 2175 lingua
1769 2113 2098 2156 amerinum

448 2199 588 2240 nem
639 2186 864 2257 dicunt)
909 2197 1309 2254 accesserunt.
1346 2198 1526 2263 utque
1585 2193 1819 2247 colonia
1850 2190 2099 2245 deduce-

447 2279 615 2329 retur
644 2292 988 2348 poposcere,
1020 2279 1161 2348 quia
1183 2285 1239 2335 et
1269 2279 1341 2334 ob
1373 2281 1817 2335 multitudinem
1855 2284 2098 2350 anguste

448 2362 785 2419 habitarent
842 2370 900 2419 et
987 2367 1166 2421 rebus
1214 2369 1567 2423 necessariis
1611 2369 2096 2422 destituerentur.

451 2450 603 2508 892
626 2453 927 2526 Princeps,
960 2455 1052 2510 cui
1087 2457 1136 2510 is
1169 2472 1362 2510 sermo
1394 2462 1701 2531 pergratus
1725 2461 1867 2516 erat.
1893 2455 2097 2527 longas

451 2540 765 2596 confestim
796 2559 970 2598 naves
1019 2544 1264 2615 paravit,
1317 2562 1531 2616 easque
1583 2546 1920 2606 instructas,
1958 2560 2096 2598 con-

453 2630 584 2686 silio
617 2647 722 2686 suo
757 2632 1086 2688 etiamnum
1145 2633 1357 2701 celato,
1391 2634 1718 2704 praedatum
1767 2633 1840 2688 ad
1871 2633 2098 2688 insulas

451 2719 728 2787 Orientis,
763 2737 894 2790 quae
917 2727 1134 2776 nostris
1168 2727 1338 2777 erant
1368 2723 1634 2787 ditionis,
1661 2723 1880 2784 emisit,
1917 2721 2096 2776 simul

451 2813 511 2862 et
540 2825 664 2864 rem
687 2809 939 2865 subditis
962 2817 1187 2884 gratam
1209 2812 1494 2881 facturus,
1530 2829 1781 2883 quorum
1815 2812 2097 2884 cupidita-

447 2902 565 2952 tem
599 2898 813 2954 alienis
843 2901 1058 2971 opibus
1089 2901 1350 2965 satiaret,
1391 2907 1448 2955 et
1479 2902 1914 2972 exploraturus,
1940 2905 2097 2955 esset

446 3004 521 3043 ne
552 2989 753 3059 aliqua
782 2990 943 3045 ferax
968 2991 1179 3061 insula,
1215 2994 1274 3046 in
1298 3009 1472 3062 quam
1507 2992 1816 3047 commode
1849 3007 2093 3047 suorum

441 3084 644 3148 posset
674 3079 966 3134 deducere
997 3081 1313 3136 coloniam.
1344 3082 1720 3154 Navigatione
1781 3082 1925 3135 inito
1957 3097 2088 3135 vere

443 3172 736 3235 suscepta,
788 3167 991 3220 multis
1039 3169 1322 3239 appulsus
1372 3169 1583 3224 insulis
1641 3170 1942 3224 neminem
1974 3167 2086 3222 sibi

443 3253 822 3308 resistentem
853 3255 1111 3309 invenit:
1138 3274 1345 3312 omnes
1378 3258 1534 3312 enim
1561 3258 1836 3327 praesidio
1870 3257 2090 3311 orbata)

450 3345 621 3393 erant
649 3341 806 3410 quod
833 3341 1041 3396 classis
1074 3349 1195 3398 tota
1225 3347 1296 3398 iis
1345 3346 1753 3400 custodiendis
1801 3346 2094 3401 destinata

448 3428 732 3485 Thomam
755 3435 895 3485 tunc
915 3430 1250 3504 adjuvabat.
1275 3435 1579 3504 Ingentem
1602 3435 1800 3506 itaque
1831 3434 2093 3506 praedam

451 3533 520 3572 ex
553 3518 832 3574 omnibus
865 3537 1011 3591 quas
1034 3521 1227 3594 attigit
1258 3522 1470 3577 insulis
1500 3523 1722 3578 retulit.
1759 3523 1876 3578 Hoc
1918 3523 2092 3579 modo

451 3611 509 3662 et
537 3607 598 3662 in
629 3609 860 3664 Cretam
883 3610 1080 3678 venit;
1115 3628 1291 3681 quam
1325 3629 1457 3667 cum
1509 3611 1804 3684 praedatus
1842 3612 2092 3684 popula-

449 3703 661 3770 tusque
694 3706 852 3754 esset
880 3716 983 3771 pro
1016 3701 1193 3769 virili,
1227 3701 1437 3757 insulas
1471 3709 1780 3774 perspecta
1827 3701 2090 3756 bonitate

449 3793 626 3858 atque
658 3789 1016 3858 amoenitate,
1048 3791 1169 3846 suis
1201 3792 1311 3847 hoc
1343 3808 1531 3847 unum
1554 3791 1796 3846 dicens:
1824 3810 1849 3842 ι
1875 3793 1958 3845 En
1983 3797 2093 3846 ter-

446 3891 572 3930 ram
599 3876 749 3931 lacte
772 3894 838 3932 ac
859 3878 1035 3934 melle
1058 3879 1364 3948 ﬂuentem,
1382 3903 1408 3929 »
1436 3880 1682 3936 navibus
1705 3881 1901 3936 omnis
1923 3895 2093 3952 gene-

443 3963 525 4018 ris
555 3963 757 4034 praada
795 3967 1054 4040 oneratis
1089 3967 1330 4023 domum
1362 3970 1620 4040 repetiit.
1655 3970 1846 4024 Finita
1875 3968 2091 4024 deinde

442 4049 638 4108 hieme
669 4069 735 4108 ac
762 4071 892 4110 vere
925 4055 1167 4111 ineunte
1199 4073 1375 4112 naves
1407 4058 1798 4130 quadraginta
1828 4058 2095 4114 oneravit

440 4141 579 4197 viris
611 4142 950 4212 bellicOsis;
986 4145 1410 4218 observatoquc
1444 4147 1703 4202 secundo
1735 4154 1928 4214 vento,
1954 4147 2092 4202 reli-

441 4248 585 4303 quas
609 4233 834 4288 insulas
852 4234 972 4289 fere
995 4235 1221 4306 absque
1245 4237 1533 4291 maleficio
1553 4236 2094 4308 praetervehensad

439 4321 666 4377 Cretam
685 4323 914 4394 appulit
928 4330 1238 4395 castraque
1253 4326 1321 4380 ad
1343 4327 1811 4397 promontorium
1827 4327 1918 4380 cui
1942 4325 2089 4380 Cha-

439 4426 542 4481 ray
562 4427 777 4466 nomen
793 4412 1096 4482 imposuit.
1115 4413 1256 4467 Cum
1273 4419 1469 4468 autem
1491 4415 1795 4469 neminem
1811 4431 2003 4485 neque
2029 4413 2089 4467 in

2213 509 2320 542 των
2360 493 2678 564 στρατηγῶν
2709 491 3130 568 κατασχεθέντες
3163 492 3739 565 ἀνεσκολοπίσθησαν.

2288 577 2390 634 Καὶ
2422 576 2566 631 οὕτω
2602 578 2694 649 μὲν
2755 579 2820 631 τὰ
2876 585 2978 647 τῆς
3043 579 3376 643 ἀποστασίας
3435 582 3655 654 ἀπέσϐη
3691 587 3896 641 τέλεον

2212 667 2300 719 καὶ
2343 663 2546 744 ᾤχετο,
2580 666 2680 720 οὐκ
2709 661 2910 738 ἔμελλε
2954 665 3010 721 δὲ
3067 667 3200 746 ἄχρι
3265 671 3475 725 τούτων
3508 676 3826 742 στήσεσθαι
3861 680 3894 740 ἡ

2213 755 2352 832 φορά
2380 759 2487 808 τῶν
2541 758 2744 824 κακῶν,
2801 753 2948 809 ἀλλὰ
3003 761 3111 810 τῶν
3174 755 3270 811 δύο
3327 761 3599 833 ἡπειρων,
3663 764 3894 830 Ἀσίας,

2212 844 2404 921 φαμὶν,
2455 842 2545 896 καὶ
2627 843 2918 918 Εὐρώπης,
2967 843 3020 898 ἐν
3083 852 3243 919 θυμῷ
3303 849 3507 921 Κυρίου
3567 852 3696 904 οἷόν
3741 875 3893 916 τινος

2211 931 2454 1010 κεφαλῆς
2487 932 2574 986 καὶ
2621 931 2806 1004 οὐρᾶς,
2841 933 2886 986 εί
2916 934 3005 987 καὶ
3041 936 3117 1006 μὴ
3175 936 3438 1004 συνίεσαν,
3472 937 3890 995 παιδευθεισῶν

2212 1021 2421 1098 φόνοις,
2481 1019 2858 1094 ἐμπρησμοῖς,
2922 1029 3188 1095 σεισμοῖς,
3247 1025 3543 1102 ἁρπαγαῖς,
3576 1027 3899 1108 ἐμφυλίοις

2211 1108 2582 1182 καταδρομαῖς
2615 1153 2629 1177 ,
2687 1109 2905 1165 πόλεων
2973 1109 3318 1176 ἀνελπίστοις
3392 1121 3842 1187 μεταναστάσεσι
3878 1166 3891 1188 ,

2211 1199 2464 1270 σημείοις
2504 1197 2554 1268 ἐξ
2614 1199 2873 1270 οὐρανοῦ,
2933 1202 3188 1272 σημείοις
3241 1203 3289 1275 ἐξ
3348 1203 3528 1277 ἀέρος,
3581 1207 3758 1269 τέλος
3795 1212 3888 1263 καί

2207 1293 2326 1348 ταῖς
2349 1287 2722 1362 ταλαιπώροις
2777 1291 2987 1358 νήσοις,
3020 1291 3139 1344 οἷόν
3167 1313 3284 1346 τινα
3319 1295 3511 1364 μέσην,
3543 1296 3622 1348 ἶν’
3657 1297 3886 1351 ὀλοσώ-

2213 1377 2381 1448 μάτος
2414 1375 2808 1451 ε’ίηήπληγὴ,
2869 1377 3138 1453 ἆπέδραμε
3192 1382 3258 1434 τὰ
3318 1379 3480 1438 δεινά.
3543 1385 3711 1439 Ἀλλ’
3781 1389 3884 1442 οὐκ

2207 1464 2274 1532 ἦν
2302 1462 2660 1534 παιδευθῆναι
2716 1466 2843 1527 τοὺς
2901 1468 3002 1535 τὴν
3059 1468 3400 1544 θεάνθρωπον
3456 1470 3879 1546 ἐξηρνημένους

2212 1555 2429 1627 μορφὴν
2483 1561 2823 1629 προσκυνεῖν.
2875 1563 3033 1629 ⁶Δρτι
3065 1557 3168 1633 γάρ
3198 1563 3294 1612 τοῦ
3324 1559 3457 1614 κατᾶ
3517 1562 3614 1616 τὸν
3671 1569 3881 1636 Θωμᾶν

2207 1643 2463 1714 ἄρξαντος
2503 1642 2912 1716 νεωτερισμοῦ,
2964 1643 3078 1699 ἐπεὶ
3144 1651 3310 1700 ταῦτα
3372 1649 3609 1716 ἠκούετο
3670 1672 3883 1706 παντα-

2209 1735 2337 1807 χοῦ,
2371 1733 2422 1787 οἱ
2451 1733 2542 1787 τὸν
2591 1731 2838 1808 ἰσπέριον
2879 1732 3086 1789 κόλπον
3120 1742 3220 1804 τῆς
3278 1731 3523 1808 Ἰϐηρίας
3583 1739 3887 1806 οἷκοῦντες

2212 1822 2532 1897 Ἀγαρηνοὶ,
2575 1821 2894 1896 πρόσχωροι
2935 1827 3014 1894 τῷ
3072 1825 3302 1895 Ὠκεανῷ
3358 1824 3505 1888 ὅιτες
3565 1830 3885 1898 (Ἰσπάνους

2203 1910 2430 1973 τούτους
2487 1915 3005 1984 κατονομαζουσιν),
3057 1912 3134 1974 εἷς
3187 1911 3463 1988 εὐανδρίαν
3496 1914 3873 1986 ἐληλακότες,

2203 2001 2292 2054 καὶ
2323 2000 2389 2068 ﬁn
2418 1998 2594 2072 ᾤκουν
2626 2007 2728 2075 γῆν
2760 2000 2968 2076 λυπρὰν
3027 2001 3193 2054 οὖσαν
3250 2003 3340 2056 καὶ
3401 2005 3651 2078 μετρίως
3687 2007 3879 2062 εὐδαί-

2209 2109 2342 2161 μονα
2372 2088 2606 2162 ἀρῶντες
2637 2089 2726 2144 καὶ
2778 2086 2866 2144 διὰ
2922 2093 3084 2144 τοῦτο
3141 2091 3352 2166 τρέφειν
3415 2094 3492 2164 μή
3556 2091 3872 2169 δυναμῶην

2203 2176 2421 2247 αὐτοὺς,
2465 2175 2861 2252 προσελθόντες
2915 2183 2995 2249 τῷ
3052 2179 3244 2233 ὶαυτοῦ
3307 2182 3537 2254 ἄρχοντι
3600 2184 3872 2260 Ἀπόχαψ

2203 2270 2616 2342 (αμερμουμνῆν
2673 2270 2783 2340 (78)
2840 2264 2955 2322 οἶδε
3009 2271 3199 2322 τοῦτον
3233 2270 3267 2336 ἡ
3301 2267 3578 2344 ἐγχώριος
3642 2273 3870 2348 γλῶσσα

2202 2354 2412 2429 καλεῖν)
2498 2355 2749 2410 ἀποικίαν
2839 2357 2929 2410 καὶ
3001 2363 3102 2431 γῆς
3164 2359 3553 2429 μετανάστασιν
3615 2363 3870 2436 ἀπῄτουν

2201 2447 2436 2517 γενέσθαι
2495 2444 2682 2506 αὐτοῖς
2781 2442 2984 2514 πλήθει
3051 2465 3110 2499 τε
3166 2449 3722 2521 στενοχωρουμένοις
3775 2455 3868 2506 καί

2203 2538 2310 2588 τῶν
2372 2534 2671 2608 ἀναγκαίων
2723 2534 3092 2603 σπανίζουσιν.
3154 2537 3238 2607 [Ρ.
3301 2537 3426 2609 509]
3486 2539 3552 2594 Ὀ
3602 2536 3666 2594 δὲ
3701 2541 3876 2594 ἀσπα-

2204 2623 2332 2685 σίως
2361 2625 2448 2678 νὸν
2493 2623 2654 2698 λόγον
2717 2621 3023 2696 δεξάμενος,
3081 2623 3253 2678 πλοῖα
3312 2621 3507 2687 εὐθέως
3569 2625 3870 2683 ἐπισκευά-

2203 2733 2296 2774 σας
2327 2713 2507 2784 μακρὰ
2546 2711 2635 2766 καὶ
2679 2709 2906 2785 δύναμιν
2960 2712 3176 2774 τούτοις
3208 2712 3259 2785 ἐξ
3292 2713 3465 2768 αὐτῶν
3526 2711 3867 2787 ὶμϐιϐάσας,

2201 2797 2288 2853 ἐπὶ
2321 2797 2575 2873 λῃστείαν
2633 2800 2790 2867 τέως,
2848 2799 3212 2854 λανθάνουσαν
3267 2797 3411 2874 ἔχων
3467 2803 3573 2869 τήν
3639 2803 3866 2876 ἔννοιαν,

2198 2893 2306 2942 τῶν
2367 2889 2504 2962 πρὸς
2585 2893 2653 2962 τῇ
2721 2886 2795 2960 ἕῳ
2851 2887 3111 2961 κειμένων
3177 2891 3356 2959 νήσων
3416 2892 3510 2944 καὶ
3573 2895 3866 2966 ἡμετέρων

2201 2977 2482 3053 ἐτράπετο,
2507 2979 2648 3050 ὁμοῦ
2682 2981 2777 3051 μὲν
2807 2979 2869 3032 τὸ
2898 2984 3016 3039 τοῖς
3063 2978 3328 3048 ὑπηκόοις
3393 2980 3618 3054 ὀρεκτὸν
3655 2983 3873 3053 ἐκπλη-

2207 3071 2313 3141 ρῶν
2345 3067 2436 3121 καὶ
2497 3066 2555 3121 ἐκ
2611 3071 2716 3121 τῶν
2778 3065 3088 3142 ἀλλοτρίων
3147 3067 3341 3127 αὐτοὺς
3399 3070 3690 3143 κορεννῦς,
3728 3073 3865 3141 ὁμοῦ

2152 3153 2258 3209 ⁴δὲ
2315 3157 2402 3210 καὶ
2469 3156 2935 3230 μετασκεψόμενος
2990 3154 3038 3210 έί
3097 3156 3179 3217 τίς
3258 3155 3396 3210 ἐστιν
3454 3158 3699 3234 εὑιρορος
3757 3167 3868 3215 τῶν

2195 3247 2373 3314 νήσων
2407 3246 2494 3299 καὶ
2542 3245 2680 3319 πρὸς
2739 3246 3014 3317 μετοικίαν
3080 3243 3362 3313 ἐπιτηδεία
3418 3247 3633 3309 αὐτοῖς.
3673 3251 3861 3320 Ποιη-

2198 3335 2428 3406 σάμενος
2459 3331 2514 3388 δὲ
2569 3335 2660 3388 τὸν
2716 3333 2996 3389 ἀπόπλουν
3057 3331 3213 3405 ἔαρος
3282 3329 3417 3409 ὥρᾳ,
3478 3336 3573 3389 καὶ
3631 3338 3860 3401 πολλάς

2197 3421 2363 3476 ἐπιὼν
2391 3427 2498 3478 τῶν
2529 3425 2732 3493 νήσων,
2803 3422 2996 3478 οὐδένα
3062 3421 3275 3498 εὕρισκε
3329 3426 3419 3478 τὸν
3455 3425 3865 3498 εἰιντιπαρατατ⁶

2194 3511 2441 3583 τόμενον⁶
2479 3512 2745 3590 έχήρευον
2777 3514 2882 3588 γάρ
2928 3517 3096 3567 πᾶσαι
3155 3511 3437 3586 βοηθείας,
3499 3519 3601 3568 τοῦ
3662 3519 3867 3572 εἰωθό-

2195 3621 2289 3664 τος
2345 3600 2630 3678 φυλάττειν
2691 3601 2890 3658 στόλου
2948 3602 3150 3663 παντὸς
3209 3605 3720 3677 συστρατευομένου
3779 3612 3858 3678 τῷ

2199 3697 2388 3763 Θωμᾷ.
2426 3693 2517 3746 Διὸ
2546 3695 2634 3747 καὶ
2674 3693 2910 3769 μεγάλας
2944 3691 3210 3769 ὡφελείας
3272 3693 3330 3747 ἐκ
3371 3699 3583 3762 πασῶν,
3645 3698 3740 3756 αἶς
3771 3699 3858 3751 καὶ

2198 3784 2582 3858 προσώρμιζεν
2619 3826 2632 3852 ,
2693 3783 3015 3858 ἐκαρποῦτο.
3098 3786 3231 3840 Ἤκε
3307 3781 3362 3838 δέ
3438 3805 3574 3840 ποτε
3629 3789 3726 3840 καὲ
3787 3788 3864 3849 εἰς

2199 3873 2442 3944 Κρήτην,
2471 3873 2560 3927 καὶ
2620 3871 2820 3943 ταύτην
2877 3870 3240 3946 καταδραμὼν
3299 3873 3389 3926 καὶ
3446 3871 3862 3946 ἀνδραποδισάο

2203 3981 2360 4032 μενος
2427 3962 2501 4024 ὡς
2560 3961 2683 4030 ἐνῆν
2719 4005 2733 4032 ,
2815 3962 2904 4016 καὶ
2963 3963 3060 4030 τήν
3127 3968 3228 4030 τῆς
3293 3964 3464 4031 νήσου
3522 3966 3861 4036 καταμαθὼν

2200 4049 2393 4122 ἀρετὴν
2435 4051 2523 4105 καί
2555 4052 2742 4129 χάριν,
2773 4055 2935 4104 τοῦτο
2979 4045 3080 4129 ἔφη
3143 4051 3279 4125 πρὸς
3344 4052 3474 4112 τοὺς
3541 4052 3860 4121 ὑπηκόους,

2199 4164 2224 4192 ‹‹
2260 4137 2400 4195 Ἰδοὺ
2449 4142 2518 4214 γῆ
2579 4138 2769 4209 ρέουσα
2827 4137 2968 4213 γάλα
3009 4139 3098 4192 καὶ
3164 4137 3312 4211 μέλι.
3351 4162 3378 4189 ι)
3436 4138 3539 4194 Καὶ
3597 4140 3728 4195 τότε
3764 4144 3858 4214 μὲν

2198 4229 2298 4307 ἔφη
2331 4228 2498 4284 πλέον
2533 4225 2707 4293 οὐδὲν,
2739 4226 3009 4281 παντοίων
3066 4224 3122 4280 δὲ
3175 4228 3268 4281 τὸν
3327 4228 3521 4282 στόλον
3553 4229 3859 4301 ἐμπεπληο

2195 4321 2304 4379 κὼς
2336 4319 2546 4393 ἀγαθῶν
2597 4321 2704 4372 τῶν
2743 4315 2822 4371 ἐπ’
2874 4319 3024 4370 οἶκον
3051 4315 3254 4370 νόστων
3288 4315 3588 4388 ἐμέμνητο.
3624 4320 3719 4379 Ὡς
3755 4317 3804 4373 δ’
3826 4322 3852 4374 ὁ

2196 4407 2412 4480 χειμὼν
2448 4403 2685 4480 ὐπέληγε
2735 4405 2824 4458 καὶ
2857 4405 2917 4458 τὸ
2955 4402 3048 4478 ἔαρ
3102 4402 3404 4475 ἐπέλαμπε,
3448 4407 3858 4478 τεσσαράκοντα

443 4501 1018 4571 excensione,neque
1041 4501 1180 4556 dum
1205 4519 1342 4557 suos
1367 4503 1927 4559 deducerethostem
1945 4505 2094 4558 inve.

2204 4501 2332 4558 ναῦς
2370 4494 2668 4570 πληρώσας
2699 4491 2905 4569 ἀνδρῶν
2943 4494 3206 4569 μαχίμων
3263 4493 3352 4548 καὶ
3409 4493 3602 4569 οὔριον
3657 4497 3858 4568 ἄνεμον

428 4579 618 4651 ΪιίΓΕῐ,
647 4588 799 4644 898
834 4591 1042 4645 castris
1086 4593 1472 4647 communitis
1503 4610 1603 4648 eos
1635 4595 1735 4664 qui
1769 4593 1843 4647 ad
1872 4597 2086 4647 excur-

442 4676 672 4732 sionem
706 4680 824 4750 apti
861 4686 1030 4734 erant
1062 4681 1296 4735 emisit:
1331 4682 1455 4753 ipse
1489 4699 1623 4737 cum
1649 4683 1915 4753 reliquis,
1949 4697 2084 4737 cum

439 4765 536 4820 isti
569 4767 642 4822 ad
677 4766 880 4822 decem
905 4769 1033 4840 jam
1057 4775 1157 4824 aut
1187 4770 1463 4826 undecim
1496 4771 1686 4826 stadia
1717 4771 2000 4826 abiissent
2029 4777 2088 4827 et

436 4863 646 4914 ventus
678 4857 1042 4927 invaluisset,
1076 4876 1252 4915 naves
1300 4860 1373 4915 ad
1414 4877 1598 4916 unum
1631 4877 1836 4916 omnes
1867 4861 2084 4932 injecto

2196 4587 2530 4662 ἐπιτηρήσας
2587 4587 2723 4661 πρὸς
2784 4587 3007 4660 Κρήτην
3068 4583 3322 4653 ἀπέπλει,
3375 4584 3470 4646 τὰς
3519 4584 3702 4646 ἄλλας
3753 4593 3856 4641 τῶν

2195 4681 2374 4750 νήσων
2435 4679 2794 4752 παρατρέχων
2890 4673 3163 4736 ἐπιεικῶς.
3243 4671 3581 4730 Καταλαὸὼν
3649 4675 3711 4731 δὲ
3762 4681 3855 4748 τήν

2195 4775 2359 4837 νῆσον
2387 4772 2465 4839 τῷ
2492 4765 2822 4841 ἂκρωτηρίῳ
2878 4765 2957 4834 τῷ
3016 4764 3305 4838 λεγομένῳ
3334 4765 3542 4839 Χάρακι
3603 4786 3852 4840 προσορ-

2200 4859 2429 4932 μίζεται.
2473 4857 2560 4917 Ὠς
2610 4853 2830 4910 δὀὐδὶν
2892 4855 3037 4927 αὐτῷ
3077 4855 3201 4909 οὕτε
3251 4854 3385 4908 κατὰ
3441 4857 3546 4924 τήν
3577 4853 3853 4911 ἀπόϐασιν

2890 4673 3163 4736 ἐπιεικῶς.

1641 5041 2003 5096 XYLANDHI
2041 5041 2129 5096 ET
2157 5037 2370 5095 GOARI
2411 5037 2634 5093 NOTIE.

435 5261 443 5269 ,
500 5193 611 5269 (78}
671 5194 1054 5269 beunclavius
1111 5195 1582 5252 Onomastico3:
1639 5199 1797 5252 Emir
1826 5197 2082 5266 Mumini,

431 5263 642 5330 inquit,
677 5266 931 5339 dominus
960 5273 1036 5322 est
1068 5270 1519 5324 caerimoniarum
1561 5277 1660 5324 aut
1699 5273 1961 5339 princeps
1989 5263 2084 5327 sa?-

429 5347 644 5387 crorum
693 5336 849 5392 inter
905 5340 1248 5393 Saracenos.
1308 5342 1346 5393 Α
1405 5341 1608 5397 Graecis
1666 5336 2083 5398 Amermumnes

427 5402 688 5458 scribitur
716 5411 775 5461 in
804 5425 990 5463 eorum
1029 5411 1318 5471 historiis,.
1377 5410 1537 5466 Idem
1570 5412 1712 5467 alibi
1739 5429 1750 5467 :
1786 5417 2082 5470 Amermu-

428 5487 596 5556 mnes,
636 5476 947 5556 Graeco-rum
978 5483 1053 5556 _i_n
1093 5480 1347 5556 historiis
1395 5481 1812 5556 (inspira-3px;“,
1864 5488 2080 5552 factum

429 5548 507 5624 εξε
561 5559 629 5624 ein
668 5547 821 5624 Emir
867 5552 1251 5624 et-Mumini;
1305 5547 1551 5620 quorum
1596 5547 1757 5608 ἱίίίιίί⁷
1794 5547 2080 5615 dominum

426 5613 706 5683 signiﬁcat
736 5625 832 5674 aut
854 5621 1185 5689 principem,
1227 5613 1336 5675 Ἰιοὲ
1394 5627 1534 5680 ritus
1585 5629 1696 5681 sive
1734 5613 2080 5688 cazrimonias

2188 5201 2300 5253 sive
2357 5195 2536 5250 cultus
2595 5201 2646 5248 et
2704 5191 3015 5266 Θρησ-ιιείας.
3067 5196 3206 5250 Nam
3257 5197 3508 5265 proximi
3555 5199 3859 5252 secundum

2188 5268 2456 5339 Haliphas
2481 5271 2565 5321 ita
2595 5267 3032 5335 nomnabantur,
3073 5266 3221 5321 velut
3247 5268 3533 5337 principes
3564 5284 3860 5324 sacrorum

2188 5347 2283 5396 aut
2313 5355 2463 5408 reges
2492 5354 2796 5410 sacrorum,
2833 5341 3296 5410 moreRomano.
3331 5341 3516 5393 Jovius
3567 5342 3858 5410 interpre-

2187 5419 2342 5467 tatur
2379 5412 2581 5482 optime
2612 5408 2959 5482 credentium
2991 5409 3050 5464 in
3080 5411 3350 5478 religione
3391 5412 3683 5482 piincipes
3715 5408 3860 5482 {sed

2181 5483 2373 5553 potius
2407 5477 2591 5536 dicere
2627 5480 2836 5548 debuit,
2894 5488 3056 5535 recte
3108 5477 3412 5550 religionis—
3454 5489 3556 5536 nut
3582 5477 3866 5554 ’ὀρθοδοσ

2187 5555 2296 5624 Eia;
2329 5561 2426 5609 aut
2455 5555 2702 5607 virorum
2731 5567 3016 5607 sacrorum
3039 5555 3342 5622 principes.
3375 5554 3554 5608 ϐολῇ.
