4054 6286
271 397 390 458 97Ἰ

1421 393 1963 456 HISTORIARUM
2009 394 2554 456 COMPENDIUM.

3574 393 3691 456 978

254 528 380 587 οὕτε
409 530 546 587 κατὰ
578 530 679 598 τὴν
721 527 1052 604 καταγωγὴν
1108 524 1277 604 ἐφάνη
1337 525 1646 601 πολέμιον,
1705 547 1913 603 παρεμ-

2042 528 2163 601 igni
2189 527 2535 586 combussit.
2593 531 2718 596 Quo
2777 529 2971 586 subito
3039 527 3303 584 incendii
3361 527 3697 600 spectaCuJo

255 615 434 690 ϐολήν
470 619 786 692 πηξάμενος
819 617 1046 690 ὀχυρὰν,
1104 615 1230 679 τοὺς
1291 616 1384 691 μὲν
1439 613 1782 687 ἐπιτηδείους
1836 618 1914 680 εἰς

251 710 546 785 προνομήν
582 703 986 778 ἐξαπέστειλεν,
1017 705 1179 767 αὐτὸς
1211 702 1269 760 δὲ
1309 703 1435 768 τοὺς
1484 703 1715 769 λοιποὺς
1769 704 1914 785 ἔχων

257 797 386 873 ἄρτι
465 795 530 866 δὴ
611 800 708 851 τοῦ
773 794 1079 869 πνεύματος
1170 794 1602 868 ἐπακμάζοντος,
1661 795 1919 850 κάκείνων

251 885 601 962 πορῥωτέρω
634 883 871 940 σταδίων
903 883 1034 939 δέκα
1078 884 1115 954 ἢ
1167 885 1260 940 καί
1322 886 1378 940 ιε’
1431 884 1756 958 γενομένων,
1812 889 1918 959 πῦρ

253 972 525 1050 ἐμϐαλὼν
556 980 676 1036 ταῖς
716 974 872 1029 ναυσὶ
904 973 999 1037 τὰς
1055 975 1227 1035 πάσας
1283 973 1592 1052 κατέφλεξε,
1653 975 1918 1049 φεισάμε-

256 1087 350 1128 νος
379 1068 443 1123 τὸ
474 1068 729 1140 παράπαν
776 1062 1057 1137 οὐδεμιᾶς.
1116 1066 1178 1122 Ὀ
1247 1062 1307 1120 δὲ
1359 1066 1589 1140 στρατὸς
1647 1067 1760 1139 (καὶ
1817 1067 1923 1142 γὰρ

251 1159 651 1214 ἐπαλινόστουν
713 1159 912 1221 εὐθέως
1000 1155 1514 1230 ἐκδειματωθέντες,
1596 1163 1674 1230 τῷ
1738 1180 1921 1234 παρα-

260 1246 406 1320 δόξῳ
437 1252 533 1303 τοῦ
579 1247 861 1308 θεαθέντος
922 1247 1247 1323 πράγματος
1305 1245 1767 1325 καταπλαγέντες)
1822 1250 1921 1316 τήν

256 1337 440 1391 αἰτίαν
474 1337 834 1390 ἐπυνθάνοντο
865 1335 953 1389 καὶ
987 1335 1060 1395 εἷς
1093 1334 1294 1410 λόγους
1323 1335 1494 1404 ἦλθον
1545 1337 1923 1412 νεωτερικοὺς.

259 1426 415 1482 Ἐπεὶ
449 1423 506 1480 δὲ
536 1425 736 1493 ἢνονον
769 1425 802 1479 ἅ
832 1423 1001 1480 πάλαι
1033 1422 1251 1492 ὢδινον,
1285 1426 1360 1486 ὡς
1389 1451 1413 1477 (ι
1452 1426 1616 1482 Αυτοί
1641 1448 1698 1481 τε
1719 1427 1924 1483 τούτων

253 1515 413 1586 ὑμεῖς
449 1512 634 1582 αἴτιοι,
705 1513 956 1568 ἀποικίαν
1021 1518 1308 1583 ζητοῦντες
1369 1515 1460 1569 καὶ
1517 1523 1618 1589 γῆν
1687 1516 1922 1590 ἀγαθὴν,

250 1604 382 1676 ἐμοὶ
448 1601 506 1658 δὲ
563 1604 766 1672 ταύτης
826 1601 1079 1676 οὐδετέρα
1137 1604 1454 1677 νενόμισται
1511 1605 1788 1680 κρείττων,
1850 1607 1928 1670 εἷς

249 1693 458 1762 ταύτην
487 1690 662 1759 ἦλθον
690 1695 789 1761 τὴν
825 1689 968 1761 ὁδὸν,
1000 1693 1069 1746 τὰ
1100 1693 1228 1762 ὑμῖν
1281 1713 1339 1747 τε
1391 1695 1612 1767 θυμήρη
1669 1695 1921 1766 πράττων

259 1780 353 1834 καὶ
381 1779 615 1852 ἐμαυτὸν
644 1787 744 1849 τῆς
801 1779 851 1853 ἐξ
913 1781 1065 1852 ὑμῶν
1127 1779 1496 1836 ἀπαλλάττων
1548 1781 1860 1856 ὀχλήσεως.
1891 1807 1921 1836 »

255 1875 350 1930 Ὠς
386 1866 563 1923 δὲκαὶ
623 1874 897 1943 γυναικῶν
954 1871 1043 1923 καὶ
1101 1868 1308 1924 παίδων
1367 1869 1696 1943 ἐμέμνηντο,
1757 1898 1784 1924 ‹‹
1817 1872 1995 1963 ΚαὶΒ

260 1963 538 2032 γυναῖκες,
572 1956 673 2035 ἔφη
719 1959 746 2013 6
789 1959 1069 2033 Ἀπόχαψ,
1124 1956 1252 2028 ὧδε,
1313 1961 1576 2033 ἡμέτεραι
1625 1960 1922 2035 αἰχμάλω-

276 2067 388 2113 τοι,
422 2045 512 2100 καὶ
562 2043 752 2107 παῖδες
820 2046 954 2117 μετὰ
1009 2047 1200 2119 μικρὸν
1257 2047 1308 2117 ἐξ
1366 2049 1568 2105 αὐτῶν.
1605 2073 1632 2099 n
1697 2050 1926 2114 Τούτοις

256 2140 376 2196 τοῖς
449 2131 637 2207 λόγοις
718 2134 1212 2208 κατασιγασθέντες,
1302 2137 1392 2191 καὶ
1452 2135 1740 2212 ἀποδοχῆς
1802 2137 1923 2208 ἄξια

278 2223 556 2296 κρίναντες
586 2223 653 2278 τὰ
683 2221 972 2298 λεγόμενα,
1031 2226 1234 2302 τάφρον
1294 2227 1388 2296 μὲν
1429 2228 1652 2300 ἤγειραν
1708 2231 1923 2300 πρῶτον

281 2312 639 2386 βαθεῖαν,καὶ
677 2313 922 2390 χάρακας
982 2312 1032 2367 ἐν
1090 2312 1260 2388 ταύτῃ
1314 2316 1740 2385 καταπήξαντες,
1799 2315 1922 2373 ἔνθα

270 2401 360 2456 καὶ
393 2405 480 2454 νῦν
511 2398 698 2456 λαϐὼν
756 2404 854 2468 τήν
915 2403 1222 2475 ἐπωνυμίαν
1277 2406 1305 2459 6
1364 2405 1535 2466 τόπος
1605 2407 1766 2476 σώζει
1818 2409 1919 2477 τήν

262 2490 664 2564 προσηγορίαν,
749 2489 965 2564 Χάνδαξ
1049 2495 1162 2565 (79)
1259 2493 1684 2568 ὀνομαζόμενος.
1747 2495 1916 2551 ἐκεῖσε

253 2575 677 2649 διενυκτέρευον.
749 2580 957 2654 Χρόνος
1029 2581 1130 2636 οὐκ
1201 2581 1364 2657 ἐῤῥύῃ
1445 2585 1645 2654 πολὺς,
1701 2585 1791 2639 καὶ
1850 2586 1917 2641 τὰ

256 2667 871 2747 πραττόμεναὴφήμη
921 2671 1014 2725 τὸν
1074 2669 1300 2744 βασιλέα
1367 2670 1633 2728 ἐδίδασκε.
1695 2674 1794 2730 Καὶ
1859 2675 1918 2736 ὅς

266 2759 349 2826 τῷ
380 2758 850 2831 πρωτοσπαθαρίῳ
908 2765 1168 2831 Φωτεινῷ
1226 2763 1338 2835 (80)
1393 2766 1501 2816 τῶν
1553 2762 1920 2819 Ἀνατολικῶν

267 2848 664 2921 στρατηγοῦντι
723 2848 786 2900 τὰ
850 2854 950 2915 τῆς
1021 2851 1240 2923 Κρήτης
1300 2851 1503 2904 ἃπαντα
1588 2851 1916 2921 ἀνατίθησιν.

266 2935 351 3005 [Ρ.
388 2936 514 3006 510]
547 2935 720 2996 Οὗτος
771 2935 943 2992 ἐκεῖσε
999 2938 1431 3012 παραγενόμενος
1483 2939 1572 2994 καὶ
1623 2939 1689 2993 τὰ
1746 2939 1918 2994 πάντα

259 3023 586 3091 καταμαθὼν
627 3023 718 3077 τὸν
778 3023 1006 3097 βασιλέα
1062 3024 1371 3081 ἀνεδίδασκε
1427 3028 1493 3082 τὰ
1549 3029 1914 3102 πραττόμενα,

258 3111 345 3163 καὶ
421 3107 644 3182 δύναμιν
696 3112 852 3182 ἠξίου
903 3115 1134 3187 πέμπειν
1191 3117 1290 3185 τὴν
1351 3116 1546 3171 ἐκεῖθεν
1634 3112 1916 3188 ἀποσοϐή-

259 3219 460 3254 σουσαν
515 3202 641 3262 τοὺς
724 3201 974 3274 ἐχθρούς.
1064 3206 1332 3276 Δαμιανὸν
1405 3207 1532 3279 γοῦν
1601 3227 1716 3261 τινα
1783 3206 1910 3263 ὄντα

264 3286 484 3360 κόμητα
512 3294 609 3344 τοῦ
636 3291 925 3363 βασιλικοῦ
971 3293 1334 3348 ἱπποστασίου
1388 3296 1498 3366 (81)
1547 3295 1636 3349 καὶ
1689 3315 1909 3370 πρωτο-

255 3375 556 3449 σπαθάριον
609 3381 741 3451 μετά
800 3379 1022 3449 πολλῆς
1080 3379 1360 3455 δυνάμεως
1416 3385 1506 3438 καὶ
1564 3392 1906 3457 παρασκευῆς

253 3467 281 3520 6
317 3465 577 3538 βασιλεὺς
633 3467 951 3523 ἀπέστειλεν
992 3470 1066 3531 εἰς
1127 3472 1384 3540 βοήθειαν
1445 3476 1542 3526 τοῦ
1601 3478 1908 3547 στρατηγοῦ

252 3559 554 3622 Φωτεινοῦ,
613 3555 666 3610 οτί
721 3557 814 3610 καὶ
871 3557 1161 3620 ἐνωθέντες
1218 3560 1353 3614 κατὰ
1411 3565 1519 3614 τῶν
1581 3561 1902 3635 ’Λγαρηνῶν

263 3640 597 3712 ὡπλίζοντο.
632 3645 728 3708 Εἰς
761 3643 913 3701 οὐδὲν
956 3645 1013 3702 δὲ
1068 3651 1346 3723 χρήσιμον
1397 3649 1585 3711 αὐτοῖς
1631 3651 1692 3705 τὸ
1749 3649 1909 3716 τέλος

251 3733 598 3806 ἐνεπεράνθη·
658 3735 820 3797 αὐτός
876 3757 934 3791 τε
990 3738 1092 3812 γὰρ
1151 3741 1180 3793 6
1238 3740 1508 3810 Δαμιανὸς
1593 3742 1726 3796 κατᾶ
1803 3743 1905 3810 τήν

260 3821 485 3895 πρώτην
519 3819 839 3895 προσϐολὴν
888 3825 1096 3900 καιρίαν
1156 3825 1392 3902 πληγεὶς
1451 3829 1539 3883 καὶ
1594 3831 1762 3893 θανὼν
1817 3832 1907 3885 καὶ

248 3916 367 3972 τοῖς
401 3909 620 3972 λοιποῖς
654 3919 865 3986 τροπῆς
923 3912 1138 3989 γέγονεν
1193 3913 1386 3982 α’ίτιος,
1451 3917 1542 3971 καὶ
1577 3919 1604 3972 ὁ
1637 3921 1909 3982 Φωτεινὸς

260 3997 426 4072 μόλις
460 3998 512 4054 ἐν
573 3997 815 4074 δρόμωνι
873 4000 1194 4073 διασώζεται
1252 4007 1340 4060 καὶ
1397 4011 1476 4078 τῷ
1533 4007 1750 4081 βασιλεῖ
1803 4015 1908 4064 τῶν

253 4089 611 4161 πραχθέντων
680 4090 1023 4165 αὐτάγγελος
1074 4093 1299 4166 γίνεται.
1354 4092 1512 4151 Ἀλλ’
1578 4097 1733 4158 οὗτος
1790 4099 1907 4169 μὲν,

247 4175 362 4230 ἐπεὶ
403 4173 492 4231 διὰ
519 4180 691 4250 τιμῆς
735 4179 899 4252 ἤγετο
955 4185 1034 4251 τῷ
1095 4180 1308 4255 βασιλεῖ
1365 4184 1596 4253 πάντως,
1655 4185 1754 4252 τήν
1809 4193 1912 4256 τῆς

245 4263 501 4326 Σικελίας
532 4267 870 4342 στρατηγίαν
908 4270 1063 4332 αὗθις
1112 4278 1212 4339 τῆς
1273 4274 1491 4345 Κρήτης
1554 4271 1907 4330 ἀλλάσσεται·

243 4349 450 4412 τοῖςδέ
490 4359 832 4426 Σαρακηνοῖς
861 4360 973 4427 (82)
1004 4356 1056 4411 ἐν
1108 4363 1328 4434 ταραχῇ
1381 4360 1471 4414 καὶ
1533 4361 1766 4436 μερίμνῃ
1822 4359 1910 4418 δι-

2040 619 2388 692 perterritus
2411 621 2704 676 exercitus
2730 637 2866 677 cum
2897 619 3058 676 illico
3085 618 3160 675 ad
3177 623 3371 675 castra
3397 618 3694 690 rediisset,

2038 724 2400 780 causamque
2433 715 2709 765 crematas
2744 710 2950 766 classis
2981 709 3236 764 ferocius
3269 709 3448 764 etiam
3478 713 3684 780 postu-

2028 785 2202 867 laret,
2235 798 2351 853 dux
2384 799 2694 870 respondit
2725 815 2794 854 ea
2823 815 2984 854 nunc
3016 802 3254 869 peracta
3283 814 3414 868 quas
3434 799 3545 869 ipsi
3577 798 3683 855 diu

2033 888 2316 944 ardenter
2359 886 2842 943 desiderassent:
2887 889 3046 958 ipsos
3104 887 3242 942 huic
3299 888 3386 942 rei
3443 903 3687 944 causam

2035 977 2383 1048 praebuisse,
2418 979 2517 1048 qui
2549 977 2843 1032 coloniam
2891 978 2954 1034 in
3012 978 3211 1033 locum
3267 979 3496 1035 felicem
3549 977 3686 1043 duci

2040 1067 2406 1139 ﬂagitassent
2423 1084 2436 1121 :
2452 1067 2684 1138 se,quia
2703 1067 3018 1123 meliorem
3040 1067 3224 1124 alium
3243 1067 3472 1124 nullum
3493 1069 3694 1133 sciret,

2041 1156 2157 1212 huc
2188 1156 2458 1224 duxisse,
2488 1163 2556 1211 ut
2588 1161 2646 1210 et
2675 1156 2940 1228 ipsorum
2986 1155 3275 1212 voluntati
3332 1156 3700 1213 satisfaceret

2043 1252 2102 1301 et
2156 1245 2743 1316 interpellationibus
2800 1261 2930 1300 sese
2987 1245 3254 1316 ipsorum
3323 1249 3694 1302 exoneraret.

2044 1337 2308 1406 Cumque
2337 1351 2587 1390 uxorum
2627 1341 2685 1388 et
2738 1333 3058 1389 liberorum
3099 1333 3390 1389 inferrent
3441 1333 3698 1390 mentio-

2043 1441 2205 1487 nem,
2238 1423 2548 1494 respondit
2573 1424 2959 1494 Apochapsus
2991 1423 3053 1478 in
3080 1428 3360 1495 promptu
3391 1439 3522 1478 esse
3553 1439 3691 1494 cap-

2042 1515 2192 1568 tivas
2222 1513 2527 1579 mulieres,
2563 1513 2779 1584 quibus
2810 1529 2915 1583 pro
2947 1511 3228 1568 uxoribus
3258 1517 3588 1578 uterentur,
3623 1529 3691 1570 ac

2041 1602 2221 1674 paulo
2253 1608 2386 1672 post
2407 1603 2630 1657 liberos
2659 1601 2954 1656 tollerent.
2987 1602 3088 1656 His
3119 1600 3204 1656 illi
3231 1601 3424 1657 verbis
3483 1601 3691 1670 sedati,

2042 1696 2100 1745 et
2129 1691 2559 1762 approbatione
2595 1689 2774 1763 digna
2807 1690 2936 1756 rati,
2970 1691 3150 1746 altam
3181 1695 3430 1762 egerunt
3457 1692 3703 1758 fossam,

2040 1779 2241 1850 ibique
2272 1779 2488 1834 vallum
2516 1780 2816 1851 jecerunt,
2851 1778 3009 1834 unde
3041 1780 3233 1835 adhuc
3261 1779 3390 1834 loco
3412 1780 3692 1836 Chandax

2044 1886 2265 1926 nomen
2297 1876 2581 1937 servatur,
2616 1874 2792 1939 atque
2847 1869 2919 1923 iis
2977 1869 3184 1924 castris
3242 1873 3690 1939 pernoctarunt.

2029 1959 2196 2016 Brevi
2228 1959 2550 2014 admodum
2595 1964 2860 2029 tempore
2891 1959 3047 2014 fama
3075 1959 3160 2014 rei
3200 1958 3514 2015 certiorem
3544 1957 3686 2015 fecit

2030 2051 2473 2121 imperatorem,
2510 2050 2610 2119 qui
2642 2048 2893 2104 Photino
2916 2048 3389 2120 protospathario
3421 2048 3680 2104 orienta-

2030 2141 2104 2195 lis
2135 2139 2428 2194 exercitus
2453 2138 2589 2192 duci
2613 2154 2907 2192 summam
2929 2138 3014 2192 rei
3037 2137 3112 2193 ad
3137 2138 3368 2193 Cretam
3387 2137 3684 2208 pertinen-

2031 2231 2104 2283 tis
2127 2228 2444 2283 commisit.
2478 2228 2581 2282 Hic
2613 2243 2681 2282 eo
2707 2227 3009 2298 profectus
3036 2227 3321 2298 omnique
3351 2243 3416 2281 re
3448 2230 3682 2298 cognita

2028 2320 2447 2388 imperatorem
2481 2316 2734 2383 edocuit,
2789 2315 3106 2386 copiasque
3155 2315 3230 2370 ad
3278 2315 3679 2385 proﬂigandos

2028 2424 2097 2462 ex
2154 2406 2351 2462 insula
2409 2407 2608 2461 hostes
2688 2407 2880 2476 petiit.
2939 2405 3094 2461 894
3142 2407 3471 2477 Imperator
3541 2421 3678 2478 ergo

2025 2496 2380 2552 Damianum
2404 2495 2492 2549 sui
2508 2494 2722 2564 equilis
2744 2494 3021 2549 comitem
3044 2511 3112 2549 ac
3133 2494 3675 2565 protospatharium

2025 2585 2258 2655 magnis
2286 2600 2418 2639 cum
2444 2584 2630 2654 copiis
2653 2589 2829 2653 atque
2842 2583 3048 2654 grandi
3073 2588 3360 2654 apparatu
3375 2583 3677 2654 suppetias

2024 2675 2277 2729 Photino
2321 2672 2522 2733 mittit,
2585 2672 2743 2742 iique
2803 2672 3140 2743 conjunctis
3198 2672 3422 2726 viribus
3474 2676 3682 2727 contra

2028 2769 2328 2833 Agarenos
2361 2777 2422 2815 se
2453 2767 2707 2815 armant.
2734 2761 2846 2814 Sed
2868 2761 3020 2814 nihil
3042 2766 3131 2814 est
3161 2759 3679 2830 profectum,quod

2024 2869 2158 2907 cum
2194 2851 2513 2904 Damianus
2544 2851 2737 2920 primo
2769 2850 2830 2902 in
2862 2865 3186 2920 congressu
3215 2849 3378 2903 letali
3436 2848 3680 2902 vulnere

2025 2946 2264 3010 accepto
2295 2939 2590 3010 periisset,
2625 2937 2840 3006 reliqui
2872 2954 3002 2992 eam
3031 2937 3182 3009 fugin
3203 2953 3441 2993 causam
3464 2937 3681 2992 habue-

2020 3034 2162 3084 runt
2191 3045 2204 3093 ;
2239 3027 2599 3082 etPhotinus
2632 3042 2785 3097 aegre
2813 3025 3010 3081 celoce
3038 3027 3222 3081 evasit
3250 3025 3324 3081 ad
3354 3026 3678 3096 imperato-

2020 3135 2168 3184 rem,
2194 3117 2366 3187 eique
2388 3115 2575 3171 eladis
2597 3115 2873 3170 nuntium
2895 3115 3304 3180 attulit.Quem
3329 3116 3672 3186 imperator,

2021 3209 2177 3279 quod
2207 3224 2440 3262 summo
2472 3206 2628 3277 apud
2658 3223 2719 3261 se
2753 3211 2910 3260 esset
2938 3205 3000 3261 in
3048 3206 3296 3274 honore,
3347 3223 3452 3278 pro
3503 3208 3674 3261 Creta

2019 3297 2232 3352 Sicilia:
2268 3295 2548 3368 praefecit.
2611 3296 2933 3350 Saracenos
2989 3301 3208 3362 autem,
3263 3294 3456 3350 adhuc
3506 3296 3666 3352 inter

2015 3404 2188 3442 curas
2219 3403 2286 3441 ac
2318 3385 2519 3441 turbas
2549 3391 2872 3452 versantes,
2923 3385 3250 3441 monachus
3305 3383 3549 3455 quidam
3600 3401 3670 3440 ex

2017 3475 2227 3531 insula;
2261 3475 2561 3530 montibus
2593 3474 2906 3546 degressus
2937 3474 3139 3532 docuit
3187 3490 3404 3541 errare,
3457 3474 3508 3530 si
3553 3474 3665 3531 hoc

2017 3565 2145 3621 loco
2178 3571 2302 3620 tuto
2335 3581 2397 3620 se
2428 3563 2767 3620 consedisse
2827 3564 3185 3630 crederunt;
3229 3563 3525 3636 simulque
3557 3564 3647 3620 eis

2017 3656 2391 3712 Chandacem
2423 3655 2870 3722 demonstravit,
2907 3659 3306 3726 opportunum
3367 3653 3566 3710 locum
3596 3655 3670 3710 ad

2020 3745 2253 3816 quasvis
2284 3743 2756 3799 commoditates.
2790 3743 2875 3797 lbi
2906 3743 2993 3797 illi
3025 3742 3233 3798 urbem
3276 3741 3672 3798 condiderunt

2017 3835 2195 3889 veluti
2231 3833 2410 3887 totius
2440 3832 2651 3887 insulae
2705 3847 2923 3897 arcem,
2985 3849 3055 3886 ex
3114 3847 3300 3902 eaque
3356 3831 3418 3885 in
3476 3836 3662 3886 totam

2016 3923 2269 3978 insulam
2302 3922 2673 3977 incursiones
2703 3921 2992 3988 fecerunt,
3053 3938 3120 3976 ac
3176 3920 3399 3977 vicinas
3460 3921 3662 3987 etiam,

2019 4013 2164 4067 actis
2204 4013 2263 4065 in
2295 4011 2635 4065 servitutem
2667 4009 2901 4078 incolis,
2936 4009 3302 4080 ubribusque
3332 4011 3518 4064 Cretas
3549 4026 3670 4066 una

2019 4101 2256 4170 dempta
2280 4099 2466 4170 captis
2487 4099 2787 4153 omnibus.
2811 4099 2957 4152 Tum
2981 4099 3264 4169 temporis
3287 4098 3465 4153 etiam
3489 4098 3672 4169 Cyril-

2019 4189 2111 4243 lus
2142 4188 2414 4259 Gortynis
2437 4188 2750 4258 episcopus
2775 4187 3041 4256 martyrii
3065 4203 3346 4241 coronam
3371 4185 3664 4256 supplicio

2023 4283 2113 4333 est
2143 4281 2517 4342 consecutus,
2553 4275 2712 4347 quod
2741 4275 3040 4330 Christum
3073 4273 3316 4329 difﬁteri
3358 4274 3667 4332 noluisset.

2023 4367 2141 4421 Hoc
2173 4364 2348 4420 modo
2382 4366 2554 4419 Creta
2583 4365 2644 4419 in
2677 4363 3018 4419 servitutem
3057 4362 3312 4418 devenit.

244 4439 476 4528 άγουσιν
498 4439 576 4496 ἔτι
610 4443 876 4528 ,μοναχός
929 4465 1011 4507 τις
1073 4446 1132 4500 ἐκ
1187 4453 1295 4502 τῶν
1356 4449 1523 4518 ὀρέων
1579 4457 1681 4520 τῆς
1735 4453 1904 4522 νήσου
1960 4445 2286 4516 ἐπικαταϐὰς
2343 4450 2667 4525 ἁμαρτάνειν
2724 4445 2943 4528 ἔφησεν,
3020 4449 3068 4504 εἰ
3127 4447 3386 4524 ἀσφαλῶς
3445 4447 3659 4510 οἷόνται

243 4524 379 4597 ’ἐξειν
438 4527 739 4602 ἱδρυθέντες
798 4531 850 4587 ἐν
908 4531 1050 4604 τῷδε
1100 4540 1182 4607 τῷ
1236 4535 1414 4608 τόπῳ,
1473 4537 1564 4592 καὶ
1631 4537 1746 4612 ἃμα
1805 4539 1981 4615 λέγων
2040 4542 2134 4596 τὸν
2206 4524 2467 4597 Χάνδακα
2507 4540 2725 4601 τούτοις
2765 4524 3046 4608 τὺπέδειξε,
3121 4535 3289 4608 δεξιὸν
3346 4539 3515 4593 τόπον
3572 4559 3644 4594 κα

248 4615 424 4692 εὐφυῆ
455 4619 594 4692 πρὸς
651 4627 825 4676 πᾶσαν
886 4623 1193 4698 εὐετηρίαν.
1251 4626 1340 4682 Ἐν
1397 4628 1576 4698 τούτῳ
1625 4629 1789 4682 πόλιν
1845 4626 2158 4705 ἱδρύσαντες
2216 4628 2306 4683 καὶ
2369 4629 2484 4684 οἶόν
2543 4649 2661 4685 τινα
2713 4628 2895 4698 πάσης
2958 4625 3258 4700 ἀκρόπολιν
3307 4633 3409 4696 τῆς
3467 4629 3662 4700 νήσου,

251 4703 428 4760 nisi:
460 4709 661 4779 ταύτης
695 4711 1014 4784 ὁρμώμενοι
1043 4715 1145 4781 τήν
1187 4713 1324 4784 ὅλην
1383 4714 1708 4790 κατέτρεχον
1767 4724 1932 4786 νῆσον
1987 4717 2074 4772 καὶ
2128 4720 2224 4782 τὰς
2279 4715 2499 4780 λοιπάς.
2558 4715 2972 4774 Ἐδουλώσαντο
3031 4713 3090 4772 δὲ
3145 4718 3272 4781 τοὺς
3330 4712 3666 4792 αὐτόχθονας

249 4793 469 4857 καὶτὰς
501 4795 552 4851 ἐν
584 4801 651 4871 τῇ
687 4802 869 4874 Κρήτῃ
902 4800 1091 4863 πόλεις
1120 4801 1268 4870 πλὴν
1305 4807 1450 4876 μιᾶς.
1493 4806 1630 4860 Τότε
1683 4804 1748 4874 δὴ
1805 4807 1894 4860 καὶ
1953 4808 1981 4861 6
2040 4807 2318 4881 Κύριλλος
2377 4809 2404 4862 ὁ
2472 4798 2745 4881 Γορτύνης
2801 4803 3069 4881 πρόεδρος
3127 4810 3307 4881 στέφει
3359 4805 3663 4863 τελειοῦται

250 4889 590 4959 μαρτυρικῷ,
624 4888 700 4958 μὴ
733 4891 969 4959 θελήσας
1001 4891 1334 4964 ἀρνήσασθαι
1363 4891 1454 4947 τὸν
1487 4895 1744 4967 Χριστόν.
1773 4895 1878 4952 Καὶ
1907 4897 2099 4968 Κρήτη
2133 4896 2229 4969 μὲν
2263 4895 2409 4952 ἑάλω
2438 4901 2628 4952 τοῦτον
2659 4895 2752 4952 τὸν
2784 4895 3014 4971 τρόπον.

1462 5030 1815 5086 XYLANDRI
1856 5032 1942 5086 ET
1981 5033 2196 5088 GOARI
2236 5033 2437 5088 ΝΟΤίΕ

314 5143 432 5226 (79)
463 5145 631 5226 Idem
667 5149 974 5226 modernis
1022 5151 1245 5226 Gracia
1288 5148 1605 5224 χανδάκιον,
1655 5162 1712 5210 et
1762 5172 1894 5210 cor-

241 5216 464 5294 rectius
496 5215 719 5294 χάνδαξ,
775 5238 841 5294 ac
884 5220 1054 5294 χάραξ
1115 5215 1398 5294 antiquis,
1444 5215 1672 5281 scilicet
1720 5229 1893 5294 fossa,

243 5241 464 5271 rccuus
496 5241 719 5290 χανοαζ,
776 5241 841 5277 ac
884 5241 1054 5294 χαραις
1115 5241 1238 5278 anu
1287 5241 1398 5286 llis,
1444 5241 1672 5281 scmcet
1720 5241 1893 5294 fossa,

238 5286 469 5356 vallum,
503 5290 661 5345 unde
686 5293 976 5348 universa
1009 5293 1220 5349 insula)
1245 5241 1464 5350 gandiae
1487 5314 1706 5352 nomen
1733 5298 1895 5352 dein-

240 5373 380 5430 ceps
417 5366 506 5413 est
536 5361 809 5418 inditum.
847 5365 1022 5420 GOAR.

245 5431 427 5556 G
457 5432 638 5488 Locus
669 5441 796 5489 erat
814 5437 1080 5492 mutilus.
1105 5437 1514 5508 Supplevimus
1530 5456 1599 5493 ex
1614 5439 1885 5510 Scylitze.

325 5574 823 5650 (8l)§uncgnullo
853 5580 1088 5650 negotio
1119 5581 1373 5634 com-item
1413 5582 1633 5646 stabuli,
1686 5587 1751 5636 ut
1799 5599 1896 5637 ve-

253 5647 409 5697 teres
455 5647 659 5702 Franci
712 5647 1125 5719 loquebantur,
1178 5651 1508 5724 intelligere
1556 5669 1895 5725 possumus,

2006 5172 2183 5227 quem
2245 5155 2635 5227 posteriorem
2696 5154 2880 5210 Graeci
2964 5148 3382 5218 κοντεσταῦλον,
3420 5150 3657 5227 _nostri

2004 5223 2384 5283 c‘onstabiilum
2415 5232 2473 5282 et
2504 5227 2972 5282 constabularinm
3004 5228 3374 5278 vocaverunt.
3409 5223 3582 5278 Goaa.

2071 5299 2184 5369 (82)
2218 5298 2577 5365 Promiscue,
2607 5303 2673 5351 ut
2702 5304 2759 5351 et
2786 5296 3247 5369 a_lii,_Agar_enos
3299 5295 3658 5369 Saracenos-

2004 5364 2117 5438 qu‘e
2149 5364 2332 5438 ponit.
2369 5369 2532 5433 Quod
2565 5374 2759 5423 autem
2795 5367 2866 5421 de
2907 5364 3216 5420 Chandace
3240 5436 3247 5438 _
3269 5367 3579 5438 praecessit,
3598 5371 3660 5421 et

2003 5436 2292 5510 sequitur,
2323 5440 2569 5494 omnino
2603 5439 2760 5493 inter
2791 5454 2851 5493 se
2884 5443 3142 5510 pugnat;
3174 5436 3306 5510 nisi
3352 5439 3416 5492 in
3458 5437 3655 5494 media

2004 5509 2253 5566 historia
2283 5511 2508 5580 aliquid
2541 5510 2780 5575 excidit,
2807 5515 2911 5565 aut
2939 5509 2998 5563 in
3023 5509 3366 5565 nominibus
3390 5515 3652 5565 erratum

2005 5588 2112 5637 est.
2147 5583 2253 5647 Qui
2287 5583 2442 5638 enim
2468 5582 2800 5652 jubeuntur
2829 5585 3021 5653 castra
3051 5580 3126 5653 in
3173 5581 3480 5638 Chandace
3534 5597 3650 5653 po-

2005 5670 2167 5724 nere,
2203 5655 2299 5709 uhi
2335 5671 2400 5710 ea
2428 5654 2552 5725 jam
2584 5659 2720 5710 ante
2743 5652 3067 5725 jacebant?
3098 5653 3234 5708 ΧΠ..
