4054 6286
455 379 574 439 979

1815 370 2139 432 GEORGII
2182 371 2523 432 CEDHENI

3712 386 3811 447 980

531 520 805 579 Ceterum
865 515 1191 587 imperator
1241 510 1568 569 Michaelus
1623 509 1798 566 bellis
1841 507 2113 564 civilibus

2298 511 2422 565 Τῶν
2452 507 2734 590 ἐμφυλίων
2760 508 2818 566 δὲ
2854 510 3117 585 πολέμων
3168 510 3498 589 ἀπαλλαγεὶς
3529 517 3555 571 ὁ
3593 517 3811 593 βασιλεὺς

400 637 405 642 ·
459 608 746 666 liberatus
776 621 897 660 non
934 606 1068 675 Deo,
1101 603 1205 659 sed
1228 619 1349 658 suae
1372 601 1705 675 prudentia;
1726 605 1903 671 atque
1926 598 2110 653 soler-

460 697 560 753 tia:
589 695 894 751 victoriam
926 693 1257 765 imputavit.
1306 691 1508 763 Itaque
1558 695 1617 745 et
1670 691 1826 745 fastu
1870 693 2111 759 turgens

462 785 788 844 eﬁrenibus
845 783 1031 839 animi
1088 782 1390 838 ferebatur
1445 779 1787 851 impetibus.
1859 776 2113 832 Proinde

459 891 646 931 uxore
677 878 933 940 mortua,
966 871 1118 927 895
1172 870 1466 925 simulans
1524 884 1586 923 se
1642 867 1821 923 vitam
1879 865 2115 920 viduam

463 961 765 1035 amplecti,
800 960 1032 1018 occulte
1072 976 1208 1015 cum
1266 958 1637 1031 principibus
1694 960 1935 1011 senatus
1990 969 2117 1008 rem

462 1052 828 1125 composuit,
857 1057 971 1118 ut;
1022 1050 1064 1104 ii
1098 1049 1210 1105 sibi
1270 1048 1515 1103 alterius
1571 1047 1774 1102 uxoris
1831 1042 2117 1100 ducendae

466 1147 743 1199 auctores
775 1144 999 1206 essent,
1033 1155 1102 1194 ac
1130 1138 1248 1193 nisi
1280 1141 1582 1209 pateretur
1602 1134 1946 1208 persuaderi
1979 1133 2116 1198 sibi,

465 1233 583 1288 vim
607 1229 1121 1296 minarentur,hoc
1138 1228 1388 1283 honesto
1409 1232 1647 1281 utentes
1661 1228 1974 1296 praetextu,
2001 1239 2121 1278 non

466 1320 787 1376 convenire
830 1324 919 1387 ut,
976 1318 1122 1389 ipsis
1178 1315 1522 1387 imperatori
1577 1313 1854 1381 subditis,
1911 1327 2122 1366 uxores

467 1425 674 1465 eorum
696 1408 940 1464 domina
960 1411 1137 1477 atque
1161 1404 1535 1477 imperatrice
1559 1407 1821 1459 careant.
1867 1401 1952 1456 lta
1983 1417 2121 1472 ergo

472 1497 623 1554 ﬁctis
655 1513 861 1553 eorum
894 1494 1272 1551 sermonibus
1302 1494 1376 1549 ad
1408 1498 1739 1548 extremum
1794 1489 1991 1547 cessit.
2042 1492 2125 1544 Ac

471 1586 731 1659 primum
754 1585 997 1657 quidem
1018 1583 1287 1640 subditos
1310 1599 1493 1638 manu
1515 1598 1621 1637 sua
1643 1581 1754 1652 ipsi
1776 1597 1837 1635 se
1869 1578 2125 1651 obligare

471 1674 795 1743 mandavit,
827 1673 1090 1730 futuram
1130 1670 1509 1743 imperatoris
1556 1685 1824 1736 uxorem,
1875 1673 1932 1723 et
1976 1684 2126 1739 quos

474 1768 632 1819 esset
661 1779 730 1817 ea
756 1760 988 1817 editura
1006 1760 1247 1827 liberos,
1283 1775 1516 1814 summo
1546 1758 1608 1813 in
1636 1758 1862 1813 honore
1887 1756 1958 1812 ab
1983 1755 2126 1827 ipsis

2212 596 2445 671 Μιγαήλ
2477 598 2539 653 οὐ
2569 604 2650 672 τῷ
2687 604 2804 673 Θεῷ
2857 602 2958 670 τήν
3011 601 3165 672 νίκην
3225 601 3542 679 ἐπέγραψεν,
3586 605 3714 662 ἀλλά
3754 614 3809 679 τῇ

2215 687 2408 742 ἑαυτοῦ
2437 690 2694 766 φρονήσει
2719 692 2811 745 καῖ
2866 690 3181 765 στρατηγίᾳο
3230 672 3452 747 διὸ-καί
3499 694 3596 750 ὑπὸ
3639 672 3811 770 φρονήί

2220 796 2390 848 ματος
2412 780 2670 854 φυσηθεὶς
2692 777 2987 842 ἀκάθεκτος
3005 779 3073 848 ἦν
3096 781 3194 850 τήν
3219 781 3318 850 τήν
3338 778 3533 855 ὁρμήν.
3559 785 3665 851 Τῆς
3679 806 3820 859 γαμε-

2217 871 2318 934 τῆς
2377 866 2468 921 οὖν
2527 868 2932 939 τελευτησάσης
3016 868 3180 924 αὐτοῦ
3267 870 3547 926 ὑπεποέίτο
3603 872 3690 946 μὶν
3736 875 3811 929 τὸν

2221 955 2392 1035 ἄζυγα
2434 959 2580 1034 βίον,
2640 958 2812 1031 λάθρα
2868 957 2926 1015 δὲ
2981 961 3118 1037 πρὸς
3176 960 3306 1023 τοὺς
3364 960 3690 1040 προῦχοντας
3737 972 3815 1033 τῆς

2222 1047 2537 1126 συγκλήτου
2593 1050 2825 1122 πέμπων
2880 1046 3128 1105 ἀνέπεισε
3199 1052 3329 1125 παρ’
3381 1050 3558 1107 αὐτῶν
3611 1067 3819 1128 παρακα-

2224 1137 2438 1202 λεῖσθαι
2498 1141 2653 1213 ἑτέρᾳ
2709 1144 3073 1218 συζέυχθῆναι
3132 1140 3373 1214 γυναικὶ,
3403 1140 3449 1196 εἰ
3483 1143 3556 1213 μὴ
3608 1144 3814 1213 πεισθείη

2224 1224 2282 1283 δὲ
2345 1228 2437 1282 καὶ
2521 1227 2638 1303 βίαν
2722 1226 3026 1303 ἐπενεγκεῖν
3118 1226 3510 1296 ἀπειλούντων,
3601 1231 3820 1311 πρόρασιν

2225 1314 2385 1386 δῆθεν
2443 1314 2729 1390 εὔσχημον
2789 1318 3242 1391 προτεινομένων,
3302 1317 3376 1380 ὡς
3409 1317 3470 1372 οὐ
3504 1315 3618 1372 δέον
3660 1319 3818 1381 αὐτοὺς

2230 1404 2323 1477 μὲν
2361 1405 2466 1459 ὑπὸ
2499 1405 2715 1480 βασιλεῖ
2760 1405 3069 1477 τάττεσθαι,
3126 1405 3221 1467 τάς
3275 1401 3333 1459 δὲ
3389 1405 3562 1461 αὐτῶν
3616 1412 3817 1483 γυναῖκας

2229 1491 2518 1564 δεσποίνης
2549 1495 2849 1569 στερεῖσθαι
2873 1493 2964 1548 καὶ
3034 1491 3346 1569 βασιλίδος.
3407 1495 3702 1551 Ἐπέπειστο
3746 1498 3817 1551 οὗν

2228 1582 2328 1657 ὀψέ
2363 1603 2491 1637 ποτε
2521 1579 2610 1637 διὰ
2637 1587 2745 1638 τῶν
2779 1581 3126 1639 ἐπιπλάστων
3157 1582 3366 1658 λόγων,
3405 1584 3498 1638 καὶ
3542 1590 3712 1659 πρῶτα
3751 1587 3823 1659 μὲν

2229 1669 2426 1744 ἀπῄτει
2459 1671 2803 1749 χειρόγραφα
2833 1672 2958 1732 τοὺς
2991 1671 3270 1740 ὑπηκόους
3302 1671 3538 1741 εὐνοίας,
3593 1672 3659 1735 ὡς
3697 1673 3824 1744 αὐτήν

2230 1779 2290 1814 τε
2343 1761 2444 1829 τήν
2501 1759 2760 1833 ἐσομένην
2820 1759 2970 1833 αὐτῷ
3024 1766 3253 1835 γυναῖκα
3328 1760 3422 1814 καὶ
3477 1762 3545 1815 τὰ
3597 1760 3643 1833 ἐξ
3694 1761 3825 1831 αὐτῆς

473 1850 744 1908 habitum
775 1850 869 1919 iri,
902 1851 983 1905 ita
1012 1855 1078 1905 ut
1103 1866 1233 1905 eam
1256 1850 1383 1921 ipso
1408 1852 1639 1903 mortuo
1661 1845 2121 1918 imperatricem,

2240 1853 2614 1927 τεχθησόμενα
2648 1853 2785 1921 μετᾶ
2813 1853 2905 1907 τὸν
2936 1853 3105 1907 αὐτοῦ
3162 1854 3390 1909 Θάνατον
3426 1848 3823 1929 ὑπερϐαλλόντως

475 1940 549 1998 de
581 1940 720 1996 ﬁliis
749 1956 939 1997 unum
979 1941 1402 2011 imperatorem
1431 1941 1772 2010 agnoscant.
1807 1935 1981 2005 Adeo
2001 1949 2122 1989 non

476 2030 540 2085 in
571 2030 683 2085 hoc
710 2028 888 2085 modo
918 2047 1063 2097 mvo,
1089 2028 1193 2083 sed
1225 2033 1359 2099 post
1389 2033 1642 2082 mortem
1673 2040 1909 2097 quoque
1955 2039 2122 2079 suam

475 2135 538 2175 se
559 2119 988 2190 imperaturum
1020 2117 1414 2172 existimabat.
1449 2114 1672 2171 Deinde
1702 2111 2124 2169 commentitiis

474 2207 604 2262 istis
635 2212 877 2262 senatus
903 2205 1182 2278 precibus
1235 2219 1554 2277 persuasus
1605 2202 1832 2257 scilicet
1875 2215 2123 2255 uxorem

474 2295 640 2352 ducit
660 2295 1024 2367 jampridem
1058 2293 1414 2365 desponsam
1445 2291 1702 2359 Christo,
1731 2294 1789 2345 et
1836 2287 2125 2345 monasti-

474 2402 613 2441 cum
644 2385 979 2456 amplexam
1009 2384 1141 2438 vita)
1171 2399 1381 2455 genus,
1416 2382 1598 2453 inque
1629 2380 1918 2452 principis
1968 2378 2123 2433 dicto

474 2473 841 2531 monasterio
900 2473 961 2527 id
1018 2488 1053 2527 a
1108 2471 1364 2543 pueritia
1427 2473 1821 2534 exercentem,
1883 2467 2123 2523 nomine

476 2560 953 2632 Euphrosynam.
994 2558 1316 2616 Ferebatur
1345 2574 1413 2613 ea
1443 2557 1569 2612 filia
1594 2571 1723 2610 esse
1755 2554 2123 2609 Constantini

474 2651 875 2723 imperatoris,
908 2650 1039 2722 ejus
1068 2665 1245 2721 quem
1276 2653 1468 2703 mater
1503 2648 1677 2701 Irena
1731 2660 1839 2700 sua
1884 2649 2128 2716 propter

478 2734 707 2798 scelera
727 2740 892 2811 juste
924 2739 1111 2795 oculis
1142 2738 1518 2810 spoliaverat.

503 2934 508 2941 ·
549 2919 743 2975 Aliam
765 2934 1003 2991 quoque
1023 2918 1278 2974 classem
1300 2916 1620 2973 Michaelus
1649 2921 1856 2971 contra
1883 2915 2127 2970 Sarace-

478 3025 591 3066 nos
618 3010 851 3065 Cretam
881 3008 1220 3064 obtinentes
1250 3006 1468 3075 emisit,
1501 3006 1650 3061 duce
1670 3007 1909 3061 Cratero
1931 3003 2126 3074 Cibyr-

478 3104 798 3155 rmotarum
838 3099 1136 3170 prmfecto.
1189 3099 1245 3153 Is
1293 3113 1428 3152 cum
1473 3096 1847 3169 septuaginta
1896 3093 2020 3149 suis
2071 3097 2130 3147 et

478 3188 759 3245 omnibus
786 3187 1157 3258 reliquarum
1195 3186 1529 3242 insularum
1584 3184 1915 3240 biremibus
1962 3182 2127 3238 ferox

480 3276 800 3333 admodum
833 3274 988 3331 896
1042 3276 1276 3330 Cretam
1325 3273 1632 3346 applicuit,
1683 3271 2012 3342 inciditque
2062 3270 2124 3324 in

478 3370 781 3439 Agarenos
800 3378 1179 3435 nequaquam
1200 3378 1457 3435 pugnam
1484 3360 2005 3434 subterfugientes,
2023 3356 2128 3413 sed

480 3456 716 3512 fortiter
745 3453 1067 3510 admodum
1095 3469 1226 3508 eam
1253 3451 1663 3507 subsistentes.
1701 3453 1747 3506 A
1778 3451 1971 3523 prima
1998 3448 2128 3505 luce

482 3559 674 3615 usque
705 3542 780 3599 ad
811 3540 1124 3598 meridiem
1146 3540 1433 3596 acerrime
1457 3540 1733 3611 utrinque
1755 3539 1868 3594 fuit
1890 3537 2130 3593 dimica-

485 3639 634 3702 tum,
665 3638 879 3688 neutra
906 3635 1072 3703 parte
1102 3629 1410 3701 inclinata,
1440 3629 1543 3685 sed
1566 3629 1832 3700 utrisque
1863 3629 2129 3684 animose

485 3720 965 3795 perdurantibus.
1023 3720 1151 3775 Jam
1215 3723 1483 3792 vergente
1542 3719 1615 3774 ad
1673 3733 1979 3790 vesperam
2037 3716 2131 3771 die

487 3811 747 3884 superati
778 3809 1018 3865 demum
1050 3808 1361 3864 Cretenses
1381 3807 1575 3881 fugam
1598 3807 1887 3864 fecerunt.
1913 3807 2133 3861 Horum

488 3905 663 3961 multi
691 3904 753 3958 in
786 3918 983 3975 pugna
1010 3901 1189 3956 occisi
1222 3905 1381 3967 sunt,
1416 3901 1616 3972 plures
1652 3898 1901 3970 abjectis
1952 3897 2134 3952 armis

488 3993 667 4064 capti.
700 3974 1038 4061 Eademque
1070 3989 1164 4044 die
1194 3991 1427 4045 videtur
1453 3988 1596 4044 urbs
1647 4004 1882 4060 quoque
1931 3974 2136 4041 eorum

491 4081 621 4152 capi
653 4079 937 4152 potuisse,
970 4079 1083 4134 nisi
1117 4095 1235 4133 nox
1266 4079 1547 4150 ingruens
1578 4077 1921 4133 obstitisset.
1948 4078 2137 4145 Atque

492 4189 563 4228 ea
592 4170 834 4244 quidem
866 4186 981 4225 nox
1012 4169 1294 4225 Romanis
1319 4169 1569 4224 exitiosa
1606 4168 1737 4223 fuit.
1780 4169 2042 4237 Namque
2074 4170 2142 4221 ut

490 4261 762 4328 vietores,
796 4265 855 4314 et
883 4259 985 4330 qui
1014 4258 1364 4330 superstites
1394 4274 1615 4329 paucos
1646 4256 1929 4328 postridie
1972 4255 2139 4310 nullo

492 4348 729 4420 negotio
761 4365 823 4403 se
854 4349 916 4404 in
948 4363 1114 4403 suam
1148 4351 1504 4418 potestatem
1544 4346 1892 4401 redacturos
1941 4360 2141 4415 spera-

492 4444 646 4505 rent,
679 4436 927 4509 perinde
956 4453 1025 4492 ac
1056 4435 1103 4491 si
1134 4452 1255 4490 non
1288 4435 1350 4490 in
1381 4435 1633 4499 hostico,
1665 4434 1768 4489 sed
1810 4433 1969 4488 domi
2022 4449 2142 4488 sua:

497 4530 759 4600 agerent,
786 4524 1192 4597 potationibus
1241 4530 1300 4579 et
1345 4524 1597 4579 luxuria:
1646 4538 1776 4579 sese
1827 4522 2139 4589 dederunt,

497 4632 694 4687 neque
716 4613 1120 4679 excubiarum,
1136 4628 1331 4683 neque
1350 4612 1526 4667 ullius
1549 4612 1825 4667 salutaris
1838 4612 1923 4666 rei
1937 4627 2142 4666 curam

497 4705 808 4771 habentes,
842 4702 916 4756 de
960 4701 1085 4757 solo
1136 4718 1347 4757 somno
1397 4717 1464 4756 ac
1513 4701 1712 4771 quiete
1762 4707 1821 4755 et
1875 4700 2147 4756 socordia

497 4794 674 4853 facile
704 4791 900 4847 omnia
935 4796 1232 4847 evertente
1263 4791 1608 4863 cogitantes.
1642 4792 1788 4861 Ergo
1811 4789 2143 4859 Cretenses,

500 4885 601 4957 qui
633 4880 1043 4938 excubitorum
1073 4879 1274 4950 inopia
1305 4878 1415 4950 ipsi
1441 4878 1685 4952 vigilum
1716 4894 1963 4933 munere
2012 4878 2145 4933 fun-

498 4976 811 5050 gebantur,
840 4974 1107 5028 Romana
1147 4976 1339 5025 castra
1396 4969 1529 5023 vino
1592 4984 1919 5040 somnoque
1977 4974 2149 5041 capta

486 5061 1016 5143 .deprehendentes
1050 5058 1246 5114 media
1274 5063 1447 5114 nocte
1476 5074 1688 5131 magno
1720 5075 1855 5114 cum
1898 5059 2148 5130 strepitu

499 5156 820 5215 irruerunt,
853 5151 1034 5221 inque
1065 5148 1263 5205 ebrios
1309 5148 1664 5218 incidentes,
1714 5149 2022 5205 universos
2072 5165 2149 5204 ne

499 5243 707 5301 nuntio
739 5240 1004 5312 quidem,
1047 5244 1113 5293 ut
1166 5238 1474 5310 proverbio
1534 5237 1768 5307 dicitur,
1829 5239 2148 5310 superstite

498 5332 944 5387 interfecerunt.
980 5327 1149 5384 Solus
1181 5327 1299 5383 dux
1326 5328 1600 5384 Craterus
1625 5328 1976 5384 mercatorio
2008 5344 2150 5384 usus

502 5419 737 5491 navigio
768 5418 943 5473 saluti
977 5435 1098 5472 sum
1128 5418 1448 5472 consuluit.
1491 5419 1676 5484 Quem
1725 5435 1861 5474 cum
1910 5419 2151 5474 Sarace-

506 5520 721 5563 norum
753 5502 871 5558 dux
902 5502 1005 5558 diu
1033 5503 1406 5574 multumque
1452 5510 1509 5559 et
1564 5506 1722 5559 inter
1770 5504 2055 5560 cadavera
2097 5509 2156 5560 et

511 5597 669 5651 inter
698 5590 955 5661 captivos
986 5592 1299 5661 quaasitum
1354 5609 1475 5648 non
1534 5593 1848 5660 inveniret,
1906 5610 1974 5648 ac
2019 5593 2157 5665 fuga

517 5684 787 5754 elapsum
813 5679 1166 5751 perciperet,
1197 5680 1360 5735 misit
1398 5680 1500 5751 qui
1553 5681 1700 5736 891
1765 5697 1902 5736 eum
1953 5698 2154 5752 perse-

2158 3216 2200 3284 c
2241 3194 2441 3284 ἀρχὴν

2232 1944 2552 2013 τιμήσουσι,
2582 1942 2675 1997 καὶ
2727 1944 2842 2016 μετ’
2899 1940 3105 1997 ἐκεῖνον
3169 1942 3428 2018 βασιλέας
3472 1939 3643 2017 ἔχοιεν
3684 1942 3824 1997 κάκεί-

2231 2052 2331 2102 νην
2365 2027 2666 2086 δέσποιναν.
2701 2029 2889 2093 Οὕτως
2920 2030 2986 2085 οὐ
3017 2035 3114 2087 τοῖ’)
3156 2033 3272 2086 κατ’
3318 2033 3551 2102 ἐκεῖνον,
3596 2030 3726 2088 ἀλλὰ
3758 2033 3823 2086 καὶ

2230 2124 2329 2176 τοῦ
2390 2125 2507 2194 μετ’
2562 2119 2723 2175 αὐτὸν
2779 2118 2917 2193 ᾤετο
2974 2121 3261 2193 κρατήσειν
3318 2121 3539 2182 αἰῶνος.
3597 2120 3718 2178 Εἶτα
3757 2121 3820 2174 καὶ

2232 2214 2353 2272 ταῖς
2387 2209 2523 2283 μετά
2551 2210 2749 2284 τέχνης
2786 2208 3035 2279 αἰτήσεσι
3093 2209 3335 2273 πείθεται
3390 2217 3495 2279 τῆς
3550 2208 3822 2288 συγκλήτου.

2234 2303 2321 2373 [Ρ.
2356 2302 2483 2373 511]
2513 2298 2602 2353 καὶ
2631 2298 2871 2374 ἠγάγετο
2923 2299 3058 2373 πρὸς
3111 2299 3289 2372 γάμον
3335 2299 3568 2374 γυναῖκά
3606 2319 3710 2353 τινα
3753 2299 3824 2353 πάι

2234 2386 2329 2444 λαι
2359 2390 2745 2465 νυμφευθεῖσαν
2798 2388 3016 2461 Χριστῷ
3072 2387 3162 2441 καὶ
3219 2388 3313 2442 τὸν
3378 2385 3661 2460 μοναδικὸν
3708 2388 3825 2443 ἀσπα-

2235 2475 2474 2548 σαμένην
2511 2474 2629 2551 βίον
2661 2474 2756 2529 κάν
2788 2479 2867 2547 τῷ
2918 2472 2969 2529 ἐν
3031 2478 3101 2547 τῇ
3164 2477 3478 2550 Πριγκήπῳ
3536 2474 3819 2549 μοναστηρίῳ

2238 2566 2574 2640 μονάζουσαν
2605 2563 2666 2619 ἐκ
2692 2563 2908 2625 παιδός·
2971 2562 3295 2640 Εὐφροσύνη
3354 2565 3563 2635 ταύτης
3594 2567 3625 2634 ἡ
3654 2562 3825 2631 κλῆσις,

2233 2655 2440 2730 πατρὸς
2470 2650 2529 2708 δὲ
2559 2652 2774 2731 λέγεται
2804 2653 2937 2707 εἶναι
2968 2652 3376 2709 Κωνσταντίνου
3436 2658 3533 2708 τοῦ
3584 2652 3820 2729 βασιλέως,

2236 2744 2296 2801 ὅν
2326 2748 2360 2814 ἠ
2397 2748 2583 2818 μήτηρ
2628 2744 2835 2817 Εἰρήνη
2894 2739 3119 2805 δικαίως
3179 2740 3269 2797 διὰ
3324 2743 3424 2806 τὰς
3481 2744 3713 2824 σφετέρας
3756 2740 3829 2795 ἆτ·

2235 2834 2544 2911 ετύφλωσεν
2576 2830 2895 2894 ἀκολασίας.
2931 2831 3028 2887 Καὶ
3056 2836 3224 2887 ταῦτα
3258 2833 3353 2905 μὲν
3408 2831 3685 2907 ἐπράττετο
3709 2826 3827 2904 τῇδιο

2304 2926 2365 2983 Ὀ
2397 2922 2454 2979 δὲ
2478 2920 2709 2998 Μιχαὴλ
2767 2915 2951 2996 ἕτερον
3009 2920 3205 2977 στόλον
3263 2919 3537 2995 ἐκπέμπει
3586 2921 3705 2978 κατὰ
3747 2923 3827 2977 τῶν

2234 3016 2286 3072 ἐν
2320 3013 2504 3088 Κρήτῃ
2564 3015 2921 3087 Σαρακηνῶν,
2979 3010 3282 3086 στρατηγὸν
3341 3010 3634 3082 ἐπιστήσας
3683 3010 3829 3068 αὐτοῖς

2234 3104 2505 3178 Κρατερὸν
2563 3101 2657 3156 τὸν
2734 3104 2840 3154 τῶν
2934 3095 3361 3174 Κιϐυρῥαιωτῶν
3452 3096 3692 3155 διέποντα
3754 3097 3825 3164 τήν

2538 3192 2597 3252 ὅς
2687 3184 3071 3260 ἐϐδομήκοντα
3129 3186 3340 3259 διήόεις
3395 3190 3492 3252 τάς
3551 3189 3631 3265 ὑφ’
3688 3183 3828 3242 ἑαυτὸν

2230 3280 2423 3347 λαϐὼν
2454 3279 2668 3339 καὶτὰς
2716 3276 2776 3332 ἐκ
2821 3283 2931 3331 τῶν
2982 3276 3168 3332 ἄΛλων
3213 3280 3395 3348 νήσων
3444 3277 3660 3345 ἁπάσας,
3704 3273 3749 3329 ἐν
3781 3275 3829 3343 τῇ

2237 3375 2422 3451 Κρήτῃ
2480 3368 2772 3444 γενόμενος
2837 3366 2972 3438 μετᾶ
3032 3365 3289 3441 μεγίστου
3351 3367 3693 3445 φρυάγματος
3741 3357 3832 3451 οὐδξ

2235 3448 2364 3522 τοὺς
2425 3455 2763 3534 ’Λγαρηνοὺς
2826 3452 3301 3527 ὑποκλινομένους
3361 3456 3538 3531 εὗρεν,
3599 3451 3728 3509 ἀλλὰ
3766 3448 3831 3503 καὶ

2237 3550 2435 3609 αὐλοὺς
2489 3544 2750 3622 γενναίως
2812 3544 3151 3605 ὑποστάντας
3231 3545 3324 3599 τὸν
3402 3542 3663 3600 κίνδυνον.
3725 3547 3835 3611 Συμ-

2238 3639 2461 3707 πλοκῆς
2494 3632 2552 3690 δὲ
2578 3634 2903 3710 γενομένης,
2933 3629 3046 3703 ήδη
3075 3636 3173 3688 τοῦ
3229 3632 3396 3702 ἡλίου
3446 3634 3541 3694 τὰς
3593 3628 3835 3705 ἀκρωρεῖας

2239 3728 2567 3802 αὖγάζοντος
2599 3722 2732 3801 ἃχρι
2766 3721 3038 3795 μεσούσης
3097 3722 3333 3794 ἡμέρας,
3391 3721 3661 3797 οὐδέτερον
3713 3714 3835 3792 μέρος

2240 3814 2555 3882 ἀπέκλινεν,
2624 3808 2771 3866 ἀλλὰ
2833 3810 3089 3882 γενναίως
3154 3807 3474 3886 ἀντέχοντες
3556 3806 3834 3883 ἐκαρτέρουν.

2242 3906 2307 3962 Ἀ
2323 3925 2407 3979 Pu
2438 3900 2496 3957 δὲ
2542 3907 2644 3969 τῆς
2711 3895 2920 3972 ἡμέρας
2966 3898 3260 3970 κλινούσης
3300 3902 3630 3970 πονήσαντες
3653 3898 3699 3951 οἱ
3726 3897 3839 3968 Κρῆ·

2241 4015 2331 4056 τες
2363 3988 2624 4047 ἐνέδωκαν
2673 3988 2749 4049 εἰς
2809 3990 3011 4067 φυγὴν,
3068 3988 3159 4042 καὶ
3214 3988 3427 4045 πολλοὶ
3484 3990 3576 4061 μὲν
3629 3987 3776 4043 αὐτῶν
3799 3980 3836 4035 ἐν
3942 4012 3943 4067 ἦ

2245 4087 2329 4154 τῷ
2359 4079 2592 4152 πολέμῳ
2621 4078 2908 4144 ἀπέθανον,
2939 4076 3190 4140 πλείανες
3234 4074 3292 4132 δὲ
3336 4078 3405 4133 τὰ
3453 4076 3596 4134 ὅπλα
3640 4075 3837 4151 ῥίψαντες

2245 4169 2786 4246 ᾐχμαλωτίσθησαν.
2816 4167 2973 4240 Τάχα
3007 4163 3054 4219 δ’
3084 4163 3146 4222 ἄν
3174 4166 3322 4222 ἑάλω
3361 4168 3455 4221 καὶ
3485 4169 3520 4236 ἡ
3551 4163 3699 4224 πόλις
3742 4159 3837 4215 αὐθ-

2247 4261 2488 4335 ημερὸν,
2522 4258 2566 4313 εἷ
2627 4258 2704 4329 μή
2759 4255 2851 4325 νὺξ
2899 4254 3250 4328 ἐπιγενομένη
3307 4255 3565 4331 ἀνέτρεψε
3604 4253 3763 4309 τέλεον
3791 4247 3838 4302 τὰ

2250 4350 2572 4426 πράγματα.
2603 4347 2871 4418 Ῥωμαῖοι
2907 4345 3001 4416 μὲν
3054 4346 3156 4420 γὰρ
3202 4345 3277 4406 ὡς
3329 4342 3440 4416 ἤδη
3486 4346 3628 4419 τάχα
3675 4358 3838 4405 νενικη-

2249 4440 2425 4507 κότες,
2456 4437 2548 4493 καὶ
2587 4436 2789 4496 πάντας
2844 4432 3032 4491 αὔριον
3086 4434 3138 4490 ἐν
3199 4436 3403 4511 βραχεῖ
3460 4438 3675 4512 βραχεῖς
3721 4429 3837 4485 ὄντας

2260 4528 2579 4588 ἐλπίσαντες
2626 4519 2940 4594 συλλαϐεῖν,
3009 4524 3084 4586 ὡς
3141 4523 3193 4578 ἐν
3253 4524 3447 4597 οἰκείᾳ,
3505 4522 3623 4580 ἀλλ’
3678 4520 3761 4576 οὐκ
3800 4513 3835 4568 ἓν

2250 4616 2519 4691 ἀλλοτρία
2597 4614 2897 4688 διάγοντες,
2955 4614 3091 4688 πρὸς
3147 4615 3347 4677 πότους
3411 4616 3501 4669 καὶ
3556 4611 3738 4689 τρυφὰς
3778 4604 3840 4673 ἒξ·

2256 4702 2580 4781 εϐάκχευον,
2616 4705 2757 4775 μήτε
2784 4703 2930 4764 τινὸς
2964 4701 3245 4779 φυλαχῆς,
3280 4705 3407 4775 μήτ’
3433 4701 3607 4773 ἄλλης
3628 4693 3837 4769 τωτηρίις

2256 4794 2655 4874 φροντίσαντες,
2691 4792 2860 4847 ὕπνου
2893 4788 2951 4846 δὲ
2983 4792 3152 4864 μόνου
3182 4793 3271 4847 καὶ
3321 4799 3421 4862 τῆς
3480 4795 3641 4847 πάντα
3685 4783 3839 4860 ῥᾳδίως

2258 4884 2662 4960 ἀνατρεπούσης
2718 4880 3039 4957 ἂναπαύγης
3096 4902 3155 4936 τε
3235 4883 3325 4936 καὶ
3384 4882 3671 4955 ῥᾳστώνης.
3722 4875 3838 4930 Ὅθεν

2255 4974 2378 5046 περὶ
2414 4975 2579 5046 μέσας
2636 4972 2830 5032 νύκτας
2897 4971 2949 5024 οἱ
3002 4974 3233 5044 Κρῆτες,
3291 4968 3478 5041 ἐπειδὴ
3538 4975 3636 5026 τῶν
3685 4967 3838 5023 ἑαυτῶν

2257 5062 2513 5143 φυλάκων
2542 5060 2615 5121 ὡς
2648 5058 2700 5114 ἐν
2745 5060 2948 5133 ἀπορίᾳ
3001 5058 3391 5134 ἀγρυπνοῦντες
3442 5059 3567 5133 οἲνῳ
3602 5058 3684 5113 καὶ
3724 5055 3837 5120 ὕπνῳ

2257 5150 2385 5212 τοὺς
2417 5152 2515 5219 τῆς
2544 5150 2861 5220 Ῥωμαῖκῆς
2902 5144 3264 5221 παρεμϐολῆς
3310 5149 3601 5221 ἐμάνθανον
3645 5160 3837 5215 κατεχο-

2263 5239 2480 5313 μένους,
2512 5237 2755 5310 αὐθωρὸν
2786 5232 3128 5298 ἐπιπεσόντες
3161 5239 3277 5310 μετ’
3327 5236 3643 5312 ἀλαλαγ;.ιοῦ
3667 5233 3741 5289 καὶ

2262 5326 2774 5402 θῃκατεσχημένους
2823 5325 3068 5399 εὑρὸντςς
3100 5327 3335 5389 ἅπαντας
3366 5325 3532 5399 ἄρδην
3582 5320 3836 5381 ἀπώλεσαν,

2263 5420 2337 5481 ὡς
2357 5416 2486 5491 μηδ’
2508 5416 2766 5494 ἄγγελον,
2787 5420 2947 5471 τοῦτο
2973 5413 3040 5485 δή
3059 5417 3123 5470 τὸ
3143 5420 3239 5471 τοῦ
3261 5415 3835 5495 λόγου,περιλειφθῆναιι

2263 5509 2447 5570 Μόνος
2481 5504 2525 5561 δ’
2557 5492 2584 5560 δ
2618 5504 2918 5581 στρατηγὸς
2946 5506 3248 5578 έμπορικοῦ
3276 5492 3422 5569 τινος
3450 5505 3636 5561 πλοίου
3687 5492 3835 5555 ἐπιϐὰς

2263 5599 2363 5664 τήν
2421 5594 2691 5669 σωτηρίαν
2749 5593 2924 5664 ἑαυτῷ
3007 5591 3383 5666 ἐμνηστεύετο.
3450 5595 3536 5656 Ὠς
3589 5589 3641 5647 δὲ
3688 5582 3833 5642 πολλὰ

2270 5687 2509 5757 ζητήσας
2542 5685 2570 5739 ὁ
2601 5687 2708 5740 τῶν
2741 5685 3070 5759 Σαρακηνῶν
3128 5683 3379 5760 ἀρχηγὸς
3415 5688 3596 5740 τοῦτον
3643 5677 3732 5749 οὐχ
3768 5669 3834 5728 εὕ-
