4056 6276
199 407 317 466 981

247 557 387 592 ισκεν
416 558 510 592 Ουτ

200 557 387 611 ρισκεν
416 557 523 592 ουτ
595 557 647 590 εν
705 557 823 597 τοις
879 557 1136 590 πεσουσιν
1189 557 1283 588 ουτ
1331 557 1383 588 εν
1413 557 1530 595 τοις
1562 557 1850 606 αιιιμαΛω-

191 647 337 687 τοις,
366 622 534 696 ἔμαθε
565 621 612 678 δ’
663 624 748 678 ὃτι
808 623 982 702 φυγὰς
1023 623 1222 698 ᾤχετο,
1254 623 1381 684 τοὺς
1420 619 1850 691 καταδιώξοντας

193 712 463 788 ἔπεμψεν·
498 711 550 766 οἳ
578 713 666 766 καὶ
699 706 1097 772 καταλαϐόντες
1150 709 1308 765 αὐτὸν
1366 709 1417 763 ἐν
1459 709 1546 782 Κῷ
1599 715 1668 782 τῇ
1698 713 1847 781 νήσῳ

190 804 350 876 ξύλῳ
379 803 742 878 κρεμάσαντες
803 801 1144 856 ἀπέκτειναν.
1204 801 1355 857 Μετὰ
1408 798 1464 855 δὲ
1509 805 1673 854 ταῦτα
1710 800 1848 874 ἀνήρ

189 915 288 954 τις
360 892 668 965 πολεμικὸς
727 893 816 945 καὶ
876 893 1188 969 φρονήσεως
1257 891 1345 943 καὶ
1405 890 1694 964 ἀγχινοίας
1754 890 1854 942 οὐκ

191 983 467 1056 ἄμοιρος,
499 982 561 1035 τὸ
594 981 885 1052 ἐπώνυμον
925 978 1183 1056 Ὀρύφας,
1224 977 1448 1053 στρατόν
1510 998 1626 1031 τινα
1682 997 1851 1052 προσ-

188 1072 349 1143 τάξει
381 1068 640 1144 ἀθροίσας
696 1067 978 1143 βασιλικῇ,
1020 1063 1114 1122 τὸν
1166 1065 1674 1141 τεσσαρακοντάριον
1732 1067 1857 1120 τότε

191 1161 546 1233 καλούμενον
579 1159 640 1214 ἐκ
682 1162 778 1213 τοῦ
828 1155 1221 1231 διανεμηθῆναι
1283 1157 1466 1218 αὐτοῖς
1523 1157 1622 1211 ἀνὰ
1671 1177 1855 1212 τεσσα-

197 1250 439 1326 ράκοντα
508 1247 824 1323 χρυσίνους,
907 1245 1003 1307 τάς
1068 1267 1126 1300 τε
1203 1244 1376 1307 άλλας
1442 1248 1638 1315 νήσους
1695 1246 1860 1300 ἐπιὼν

196 1338 394 1413 ἀνῄρει
449 1337 578 1398 τοὺς
626 1335 1064 1407 προνομεύοντας
1144 1338 1222 1409 [Ρ.
1303 1337 1428 1408 512]
1510 1334 1859 1408 ’Λγαρηνοὺς,

515 537 528 561 ν

1344 399 1889 463 HISTORIARUM
1933 400 2483 470 COMPENDIUM.

595 535 647 590 ἐν
705 540 823 597 τοῖς
879 537 1136 590 πεσοῦσιν
1189 533 1300 588 οὔτ’
1331 532 1383 588 έν
1413 537 1530 595 τοῖς
1562 531 1861 606 αἰχμαλώ-

1984 542 2323 607 querentur.
2355 539 2545 610 Atque
2573 539 2632 594 hi
2660 556 2794 596 eum
2826 539 2888 594 in
2918 539 2995 596 Co
3027 538 3222 594 insula
3271 538 3525 594 assecuti
3556 539 3620 594 in

1963 641 2198 680 crucem
2233 633 2430 683 actum
2461 646 2492 683 e
2525 629 2664 683 vivis
2697 629 3084 685 sustulerunt.
3119 628 3454 684 Secundum
3490 629 3617 684 haec

1961 715 2282 772 bellicosus
2313 718 2554 787 quidam
2581 721 2687 786 vir,
2723 721 3175 791 prudentiaeque
3206 725 3264 773 et
3281 719 3623 792 sagacitatis

1959 821 2080 859 non
2141 821 2370 876 expers,
2420 814 2812 877 cognomento
2871 807 3157 878 Oryphas,
3209 809 3393 879 jussu
3470 809 3625 880 regis

1963 895 2286 948 exercitum
2319 894 2564 966 colligit,
2581 897 2680 965 qui
2714 902 2837 951 tum
2872 897 3383 968 quadragenarius
3415 897 3628 969 appel-

1962 981 2218 1050 labatur,
2254 983 2411 1053 quod
2434 982 2828 1054 quadraginta
2872 985 3037 1038 aurei
3101 984 3356 1051 singulis
3405 986 3626 1056 pende-

3499 405 3618 466 982

1965 1069 2204 1124 bantur.
2232 1073 2287 1124 Is
2319 1076 2374 1124 et
2404 1071 2552 1126 alias
2583 1071 2791 1126 obiens
2813 1072 3040 1126 insulas
3070 1074 3367 1142 Agarenas
3390 1073 3620 1144 praeda-

1967 1164 2094 1212 tum
2129 1165 2506 1215 excurrentes
2535 1160 2855 1228 interfecit,
2886 1161 3105 1231 partim
3137 1161 3370 1214 insidiis
3393 1161 3624 1223 locatis.

1970 1248 2186 1319 partim
2214 1249 2423 1321 prwlio
2452 1266 2824 1322 congressus,
2859 1255 2918 1304 et
2946 1249 3320 1303 Cretensium
3343 1249 3623 1304 immodi-

1973 1353 2103 1391 cam
2135 1337 2417 1393 ferociam
2450 1339 2732 1410 repressit
2763 1344 2937 1409 atque
2972 1337 3248 1392 inhibuit.

195 1434 320 1488 τοῖς
358 1428 451 1499 μὲν
485 1425 697 1500 λόχους
728 1425 966 1498 ἐπάγων,
1007 1430 1123 1486 τοῖς
1149 1422 1206 1479 δὲ
1235 1428 1480 1504 φανερῶς
1507 1422 1797 1496 πολεμῶν,
1830 1423 2071 1485 καὶτοὺς
2105 1426 2322 1499 Κρῆτας
2363 1424 2664 1481 συνέστειλε
2692 1425 2783 1479 καὶ
2828 1433 2928 1495 τῆς
2966 1424 3186 1494 πολλῆς
3250 1425 3340 1478 καὶ
3376 1423 3612 1498 ἀσχέτου

199 1518 386 1592 ὁρμῆς
417 1516 751 1594 ἀνεχαίτισε.
789 1515 884 1568 Καὶ
920 1517 1089 1569 ταῦτα
1123 1514 1216 1584 μὲν
1251 1512 1559 1588 συνηνέχθη
1587 1510 1740 1576 τῇδε.

285 1604 435 1660 Κατᾶ
466 1601 522 1657 δὲ
552 1603 642 1658 τὸν
676 1601 833 1656 αὐτὸν
866 1605 1052 1678 καιρὸν
1083 1601 1371 1680 Εὐφήμιός
1404 1623 1484 1662 τις
1536 1601 1671 1676 ἀνὴρ
1726 1601 1863 1654 κατὰ

211 1690 467 1748 Σικελίαν
497 1691 632 1746 λαοῦ
661 1713 805 1753 τινος
873 1689 1257 1764 ἐξηγούμενος,
1300 1691 1538 1765 ἐρασθεὶς
1592 1691 1859 1764 παρθένου

2046 1605 2165 1658 Hoc
2223 1604 2350 1674 ipso
2406 1610 2675 1676 tempore
2728 1605 3086 1675 Euphemius
3125 1603 3366 1674 quidam
3407 1608 3617 1659 turmas

1972 1693 2272 1763 cujusdam
2297 1693 2415 1747 dux
2459 1709 2658 1747 amore
2713 1699 3019 1764 correptus
3076 1693 3338 1765 virginis,
3397 1709 3528 1764 qua:
3585 1709 3620 1748 a

204 1783 358 1843 τινὸς
390 1783 452 1836 τὸ
489 1778 779 1852 μοναδικὸν
840 1781 898 1834 ἐκ
955 1777 1148 1840 παιδὸς
1206 1775 1586 1853 ἀναλαϐούσης
1642 1785 1856 1852 σχῆμα,

317 1872 328 1882 .
443 1867 500 1882 ,ι
554 1874 579 1882 ..
627 1869 640 1882 ,
776 1873 800 1882 ..
931 1869 944 1882 ι
1053 1867 1072 1882 ι
1137 1873 1159 1882 ..
1262 1865 1284 1882 ,ι
1469 1870 1482 1882 .
1580 1868 1599 1882 ς
1698 1873 1726 1882 ...

1984 1787 2175 1837 tenera
2205 1787 2375 1837 aetate
2408 1783 2733 1837 monastico
2765 1782 2972 1836 habitu
3000 1782 3192 1836 velata
3213 1782 3616 1849 vivebat,cum

204 1872 332 1944 περὶ
367 1867 584 1924 πολλοῦ
623 1869 860 1923 ἐποιεῖτο
891 1869 984 1922 τὸν
1017 1867 1218 1923 οῗκεῖον
1259 1865 1433 1942 ἔρωτα
1469 1868 1856 1941 ἒκπληρῶσαι,

202 1967 316 2015 τῶν
353 1959 537 2032 νόμων
574 1956 697 2013 οἷ)δέ
722 1958 1023 2035 φροντίζων
1053 1957 1221 2024 ὅλως,
1265 1956 1390 2013 ἀλλ’
1449 1959 1522 2019 ὡς
1576 1957 1652 2018 εἰς
1693 1958 1861 2030 παρά·

203 2047 416 2122 δειγμα
452 2049 611 2122 μόνον
644 2043 973 2102 ἀποϐλέπων
1033 2049 1124 2102 τὸν
1187 2046 1434 2121 βασιλέα,
1501 2045 1752 2100 τοιοῦτόν
1808 2067 1859 2100 τι

210 2136 575 2209 τολμήσαντα
598 2137 686 2190 καὶ
720 2135 899 2192 αὐτόν.
960 2136 1208 2209 Ἀρπάξει
1259 2140 1386 2206 γοῦν
1441 2137 1539 2204 τήν
1598 2135 1859 2209 παρθένον

210 2231 312 2282 τοῦ
344 2226 680 2296 ἀσκητηρίου
718 2224 807 2280 καὶ
839 2225 974 2298 πρὸς
1020 2225 1206 2279 ἑαυτὸν
1255 2223 1492 2279 ἄκουσαν
1523 2224 1662 2298 ἄγει.
1710 2224 1864 2280 Ταύ-

211 2338 316 2386 της
349 2316 439 2369 οὗν
474 2316 524 2368 οἱ
555 2313 782 2392 ἀδελφοὶ
812 2314 1065 2388 προσίασι
1094 2318 1172 2385 τῷ
1208 2312 1461 2389 Μιχαὴλ,
1493 2312 1559 2367 τὰ
1605 2317 1700 2367 τοῦ
1733 2310 1862 2386 δρά-

216 2426 389 2477 ματος
420 2402 798 2477 διηγούμενοι·
861 2405 888 2458 ὁ
938 2401 994 2458 δὲ
1049 2403 1258 2459 κελεύει
1312 2408 1392 2474 τῷ
1450 2406 1758 2477 στρατηγῷ,
1817 2401 1862 2456 εἰ

212 2493 390 2554 οὕτως
420 2489 721 2548 καταλάϐοι
743 2491 976 2571 ἔχουσαν
1005 2494 1102 2562 τὴν
1137 2491 1421 2562 ἀλήθειαν,
1472 2494 1571 2562 τὴν
1617 2492 1740 2568 ῥῖνα
1768 2496 1864 2545 τοῦ

208 2582 624 2656 τετολμηκότος
680 2581 976 2654 Εὐφημίου
1028 2581 1340 2654 ἀποτεμεῖν.
1399 2583 1568 2655 Ὅπερ
1621 2580 1804 2654 μαθὼν
1837 2580 1864 2634 ὁ

211 2671 527 2748 Εὐφήμιος,
563 2671 880 2742 συνωμότας
937 2665 1122 2725 λαϐὼν
1172 2671 1298 2732 τούς
1324 2691 1382 2724 τε
1409 2670 1510 2723 ὑπὸ
1542 2672 1639 2737 τὴν
1703 2668 1866 2723 αὐτοῦ

215 2765 382 2834 χεῖρα
412 2760 501 2812 καί
533 2779 680 2820 τινας
711 2757 817 2812 τῶν
852 2761 1315 2832 συντουρμαρχῶν
1346 2760 1480 2827 (83),
1540 2758 1631 2810 τὸν
1672 2776 1868 2830 στρατ-

216 2849 357 2924 ηγὸν
391 2843 477 2901 Eni
541 2845 716 2918 τούτῳ
771 2843 1203 2922 παραγενόμενον
1259 2843 1550 2898 ἀπελαύνει
1592 2843 1680 2898 καὶ
1731 2844 1866 2917 πρὸς

213 2936 312 2992 τὸν
367 2943 468 3003 τῆς
519 2937 781 3013 Ἀφρικῆς
835 2931 1221 3008 ἀποδιδράσκει
1302 2932 1633 3009 ἡγούμενον,
1695 2936 1866 2986 πᾶσαν

215 3027 319 3094 τὴν
355 3023 606 3078 Σικελίαν
653 3024 740 3078 ὑπ’
797 3024 994 3077 ἐκεῖνον
1052 3028 1278 3090 ποιῆσαι
1331 3021 1870 3096 καθυπισχνούμενος

213 3114 309 3168 καὶ
343 3110 554 3168 διδόναι
586 3112 786 3189 φόρους
826 3111 972 3183 αὐτῷ
1003 3109 1272 3178 πολλοὺς,
1333 3110 1378 3164 εἷ
1443 3109 1610 3183 μόνον
1668 3109 1872 3181 ἀναγο-

1968 1872 2119 1926 nihil
2153 1873 2455 1942 antiquius
2488 1873 2734 1928 haberet
2755 1889 2932 1943 quam
2966 1888 3231 1927 amorem
3254 1889 3427 1927 suum
3449 1888 3618 1927 exsa-

1969 1962 2137 2028 tiare,
2171 1979 2362 2033 neque
2395 1962 2553 2034 leges
2577 1963 2903 2033 quidquam
2935 1967 3191 2027 curaret,
3212 1962 3317 2017 sed
3348 1963 3411 2017 in
3435 1961 3625 2017 solius

1969 2051 2345 2121 imperatoris
2415 2050 2753 2121 exemplum
2813 2051 3168 2118 intueretur,
3231 2051 3330 2120 qui
3391 2055 3450 2105 et
3499 2049 3625 2120 ipse

1971 2140 2162 2194 simile
2195 2139 2424 2194 facinus
2455 2145 2915 2210 perpetraverat,
2950 2140 3106 2210 rapit
3136 2157 3208 2195 ex
3259 2138 3624 2194 monasterio

1968 2229 2252 2300 virginem
2283 2245 2350 2283 ac
2381 2229 2626 2282 invitam
2659 2228 2732 2282 ad
2765 2246 2825 2282 se
2857 2228 3138 2282 traducit.
3177 2228 3361 2299 Hujus
3383 2228 3624 2300 virginis

1968 2318 2178 2372 fratres
2209 2318 2281 2372 ad
2313 2318 2733 2388 imperatorem
2791 2335 2852 2372 se
2911 2317 3226 2371 conferunt
3272 2334 3340 2371 ac
3398 2318 3620 2372 factum

1970 2412 2231 2462 narrant.
2263 2409 2333 2461 Et
2361 2407 2685 2475 imperator
2715 2406 2989 2477 praefecto
3023 2406 3237 2461 Sicilia:
3286 2405 3532 2460 mandat
3559 2409 3626 2460 ut

1970 2496 2318 2567 Euphemio,
2354 2494 2648 2565 siquidem
2692 2496 2800 2549 hos
2833 2512 3034 2550 verum
3083 2495 3311 2549 crimen
3343 2494 3626 2549 detulisse

1973 2584 2349 2656 comperiret,
2392 2599 2605 2637 nasum
2632 2587 2916 2653 amputet.
2951 2584 3068 2637 Hoc
3101 2583 3364 2638 sentiens
3395 2583 3630 2654 Euphe-

1972 2676 2148 2740 mius,
2175 2675 2417 2729 adscitis
2448 2673 2508 2727 in
2540 2674 3018 2744 conjurationem
3050 2673 3122 2728 iis
3154 2673 3633 2744 quibuspraeerat

1975 2764 2227 2833 aliisque
2261 2763 2512 2818 aliarum
2545 2767 2876 2816 turmarum
2904 2761 3626 2833 ductoribus,praafectum

1977 2849 2337 2921 supplicium
2400 2849 2746 2920 imponendi
2804 2865 2983 2903 causa
3039 2848 3112 2902 ad
3173 2865 3234 2902 se
3291 2848 3628 2904 venientem

1975 2937 2229 3008 repellit,
2265 2942 2441 3006 atque
2473 2936 2548 2990 ad
2579 2936 2788 2990 Africaa
2819 2952 3084 2990 ameram
3138 2935 3290 2990 898
3324 2936 3442 2990 sive
3475 2953 3630 3006 prae-

1974 3025 2194 3080 fectum
2230 3024 2566 3096 transfugit,
2598 3024 2982 3096 promittique
3041 3041 3124 3090 se,
3186 3023 3362 3079 modo
3394 3023 3467 3078 ab
3500 3024 3628 3095 ipso

1981 3115 2304 3185 imperator
2341 3115 2739 3168 Romanorum
2802 3112 3157 3179 declaretur,
3219 3113 3457 3167 omnem
3519 3113 3632 3183 ipsi

222 3204 432 3278 ρευθείη
460 3186 751 3277 Ῥωμαίων
783 3201 1062 3278 βασιλεύς.
1125 3202 1414 3274 Δεξάμενος
1481 3202 1571 3254 οὗν
1628 3202 1718 3255 τὸν
1778 3197 1870 3254 λόι

1984 3202 2241 3257 Siciliam
2270 3201 2675 3273 subjecturum
2729 3218 2795 3256 ac
2825 3201 3047 3273 grande
3086 3201 3372 3256 tributum
3407 3201 3637 3256 solutu-

219 3315 314 3370 γον
352 3295 380 3348 ὁ
425 3293 649 3366 ἀμηρᾶς
701 3292 1007 3366 ἀναγορεύει
1064 3295 1254 3345 τοῦτον
1313 3289 1540 3364 βασιλέα
1597 3290 1883 3362 Ῥωμαίων

225 3383 316 3438 καὶ
339 3383 504 3456 Ἃεῖρα
534 3379 726 3436 δίδωσι
779 3379 1022 3448 πολλῆν,
1075 3379 1163 3434 καὶ
1221 3387 1322 3448 τῆς
1379 3377 1632 3440 Σικελίας
1678 3377 1883 3452 γίνεται

226 3474 242 3496 ν
444 3472 458 3489 ς
666 3471 677 3487 ι
755 3469 766 3488 a
843 3474 870 3485 -ι
989 3469 1001 3490 I
1275 3468 1291 3487 κ
1438 3468 1451 3487 ν
1741 3468 1752 3485 ε

233 3492 520 3547 εγκρατης,
553 3491 662 3543 παρ
709 3490 873 3524 αυτου
910 3489 1106 3522 τουτου
1151 3463 1337 3522 λαϐων
1389 3469 1578 3537 αυτήν.
1642 3467 1794 3534 Πλην
1855 3467 1882 3521 ὁ

234 3561 328 3634 μὲν
362 3560 652 3636 Εὐφήμιος
685 3558 746 3613 ού
769 3557 940 3612 πολὺν
993 3558 1195 3632 χρόνον
1249 3561 1346 3611 τοῦ
1407 3554 1694 3631 βασιλικοῦ
1746 3555 1882 3610 ἀποο

238 3647 440 3710 λαύσας
466 3648 776 3720 ἀξιώματος
809 3648 1112 3724 ἀφαιρεῖται
1170 3647 1270 3712 τήν
1323 3643 1586 3723 κεφαλὴν,
1644 3651 1744 3714 τῆς
1804 3645 1882 3698 o't-

238 3739 386 3798 κείας
417 3736 744 3797 ἀποστασίας
772 3736 859 3790 καὶ
903 3734 1246 3810 παρανομίας
1302 3738 1493 3789 τοῦτον
1553 3729 1734 3788 λαϐὼν
1797 3734 1885 3787 τὸν

239 3827 663 3898 μισθόν.”Αξιον
696 3823 752 3880 δὲ
807 3825 895 3880 καὶ
947 3825 1040 3879 τὸν
1097 3823 1297 3897 τρόπον
1357 3823 1523 3876 εἰπεῖν
1555 3826 1653 3886 τῆς
1721 3822 1886 3876 αὐτοῦ

240 3915 701 3988 ἀναιρέσεως.⁴Ως
760 3914 864 3990 γὰρ
924 3914 975 3968 ὲν
1032 3915 1281 3987 σχήματι
1344 3911 1614 3986 βασιλικῷ
1671 3909 1888 3984 περιῄει

237 4005 338 4071 τήν
371 4001 627 4057 Σιγελὶαν
679 4003 1180 4080 ἀνευφημούμενος,
1247 3999 1413 4074 ἀπῄει
1443 4001 1578 4054 κατᾶ
1611 4003 1886 4070 Συρακου-

245 4111 359 4146 σαν.
407 4092 644 4144 ’Άποθεν
709 4088 766 4142 δὲ
819 4090 1106 4164 γενόμενος
1153 4091 1250 4156 τῆς
1301 4091 1490 4142 ἑαυτοῦ
1548 4089 1749 4156 τάξεως
1799 4088 1888 4140 καὶ

244 4183 350 4234 τῶν
385 4177 727 4255 δορυφόρων,
759 4177 848 4230 καὶ
881 4178 1003 4230 ὅσον
1039 4177 1142 4230 ἀπὸ
1201 4175 1358 4245 τόξου
1412 4175 1584 4250 βολῆς
1630 4179 1697 4247 τῇ
1731 4173 1890 4228 πόλει

246 4266 630 4343 προσεγγίσας,
665 4265 867 4338 ὡμίλει
896 4269 1014 4325 τοῖς
1068 4262 1322 4325 πολίταις
1374 4263 1463 4318 καὶ
1513 4264 1649 4338 πρὸς
1707 4264 1894 4318 ἑαυτὸν

249 4356 436 4432 λόγοις
459 4358 559 4425 τὴν
592 4354 809 4409 ἐκείνων
863 4353 1142 4430 ἐφείλκετο
1201 4349 1428 4408 εὔνοιαν.
1489 4353 1890 4426 Μεμονωμένον

250 4445 306 4502 δὲ
335 4449 526 4500 τοῦτον
559 4442 761 4505 ἰδόντες
792 4440 1019 4517 ἀδελφοὶ
1052 4439 1147 4496 δύο
1181 4442 1556 4514 Συρακούσιοι,
1589 4442 1726 4516 πρὸς
1778 4442 1897 4498 ἑαυ.

1990 3307 2142 3344 rum.
2177 3290 2403 3361 Accipit
2431 3290 2831 3345 conditionem
2878 3307 3128 3352 ameras,
3157 3297 3216 3345 et
3243 3291 3636 3361 Euphemium

1990 3396 2202 3452 magno
2228 3379 2488 3434 exercitu
2521 3379 3163 3450 instruit,imperatoris
3194 3379 3441 3434 Romani
3467 3378 3636 3433 titulo

1991 3468 2358 3540 insignitum,
2391 3470 2640 3538 ejusque
2673 3484 2852 3538 opera
2892 3468 3087 3524 Sicilia
3141 3469 3386 3540 potitur.
3418 3471 3636 3524 Verum

1991 3557 2086 3612 hic
2099 3557 2300 3628 Euphe
2311 3557 2462 3612 mins
2476 3557 2870 3628 imperatoriae
2899 3558 3258 3628 dignationis
3287 3557 3637 3628 perbrevem

1992 3647 2249 3702 fructum
2281 3645 2565 3716 percepit,
2597 3652 2908 3700 truncatus
2949 3647 3162 3716 capite,
3196 3663 3375 3716 quam
3406 3646 3648 3719 dignam

1995 3735 2084 3789 sui
2118 3733 2358 3789 sceleris
2419 3739 2478 3787 et
2533 3732 2886 3788 defectionis
2919 3733 3254 3788 mercedem
3300 3733 3524 3789 retulit.
3583 3736 3653 3789 Et

1997 3839 2138 3877 sane
2187 3838 2382 3893 opera:
2441 3813 2699 3893 pretium
2761 3822 2993 3876 videtur
3049 3822 3271 3876 referre
3317 3839 3433 3892 quo
3471 3823 3648 3877 modo

1994 3911 2171 3964 fuerit
2205 3910 2722 3964 interfectus.Cum
2760 3909 2950 3964 obiret
2989 3910 3246 3965 Siciliam
3266 3911 3648 3982 imperatorio

1996 3999 2222 4066 habitu,
2254 4004 2320 4053 ut
2351 3999 2421 4053 ab
2448 3998 3059 4069 omnibusimperator
3090 3998 3646 4070 salutaretur,Syra-

1999 4105 2169 4142 cusas
2195 4105 2430 4158 quoque
2464 4088 2635 4158 petiit
2667 4105 2678 4140 :
2717 4085 2815 4142 ubi
2849 4105 2983 4142 cum
3016 4105 3050 4143 δ,
3103 4089 3226 4143 suis
3265 4089 3647 4160 stipatoribus

1999 4176 2232 4247 longius
2254 4176 2635 4247 provolasset,
2671 4182 2731 4231 et
2761 4177 2834 4231 ad
2883 4176 3092 4232 urbem
3143 4183 3305 4232 tanto
3359 4184 3648 4248 quantum

2001 4266 2211 4337 sagitta
2241 4282 2378 4320 arcu
2403 4266 2620 4320 emissa
2644 4267 2883 4320 conficit
2921 4267 3111 4338 spatio
3141 4268 3648 4332 accessisset,cum

2001 4354 2314 4425 oppidanis
2368 4354 2716 4425 colloquens
2774 4371 3100 4426 eorumque
3183 4357 3647 4414 benevolentiam

2003 4443 2270 4498 oratione
2303 4460 2408 4498 sua
2439 4444 2826 4515 captans,duo
2852 4445 3203 4516 Syracusani
3226 4445 3440 4501 fratres
3456 4447 3649 4502 solum

244 4535 373 4600 τοὺς
406 4533 836 4610 βουλευσάμενοι
865 4531 954 4586 καὶ
985 4529 1254 4602 σύμπνοοι
1312 4531 1590 4605 γενόμενοι
1626 4531 1713 4585 καὶ
1745 4530 1809 4584 τὸ
1837 4526 1871 4584 ἓ·

2004 4539 2121 4587 eta
2159 4532 2284 4586 suis
2340 4537 2602 4587 amotum
2662 4532 2928 4588 videntes
2985 4535 3056 4589 de
3110 4552 3179 4590 eo
3235 4535 3648 4592 interﬁciendo

241 4626 606 4703 φρονήσαντες
638 4623 1036 4697 προσέρχονται
1093 4619 1276 4691 τούτῳ
1333 4617 1631 4693 εἴρωνικῶς
1689 4639 1746 4674 τε
1800 4619 1889 4674 καὶ

239 4717 613 4782 τωθαστικῶς,
647 4711 720 4773 ὡς
749 4709 968 4785 βασιλεῖ
1023 4711 1168 4784 τάχα
1222 4709 1323 4776 τὴν
1379 4711 1758 4782 προσήκουσαν
1807 4730 1888 4763 τι-

248 4806 355 4876 μὴν
406 4803 792 4873 ἀπονέμοντες.
865 4801 924 4855 Ὀ
983 4795 1039 4852 δὲ
1096 4797 1386 4874 Εὐφήμιος
1447 4797 1523 4868 μὴ
1575 4797 1743 4859 συνεὶς
1797 4798 1888 4852 τὸν

247 4889 432 4953 δόλον,
463 4891 563 4957 τὴν
603 4889 730 4961 παρ’
758 4887 934 4941 αὐτῶν
968 4884 1314 4960 ἀναγόρευσιν
1343 4884 1430 4938 καὶ
1470 4885 1561 4938 τὸν
1604 4885 1889 4960 ἀσπασμὸν

250 4977 704 5054 προσδεξάμενος,
757 4975 1082 5047 προσεκάλει
1138 4976 1365 5035 τούτους
1435 4974 1568 5045 μετᾶ
1614 4973 1892 5051 φιλοφρο-

249 5069 412 5136 σύνης
445 5065 518 5126 ὡς
547 5065 636 5118 καὶ
678 5063 841 5123 αὐτὸς
873 5063 962 5117 τὸν
999 5062 1196 5116 οἰκεῖον
1231 5062 1510 5134 ἀσπασμὸν
1565 5061 1888 5120 ἀποδώσων.

245 5156 344 5211 Καὶ
373 5153 440 5222 δή
475 5153 665 5214 κλίνας
694 5153 795 5220 τὴν
835 5149 1075 5227 κεφαλήν
1131 5150 1222 5204 καὶ
1279 5151 1340 5205 τὸ
1399 5151 1572 5224 στόμα
1611 5153 1890 5227 προσερεί-

244 5263 338 5305 σας
386 5247 469 5315 τῷ
523 5242 751 5314 στόματι
813 5241 1039 5314 θατέρου
1095 5243 1204 5293 τῶν
1258 5237 1528 5318 ἀδελφῶν,
1586 5243 1723 5314 θριξὶ
1794 5250 1888 5315 μὲν

2002 4621 2362 4691 conspirant.
2389 4622 2592 4691 Itaque
2650 4622 2926 4678 simulato
2983 4623 3176 4678 studio
3208 4630 3266 4678 et
3316 4624 3648 4682 adulatoria

1999 4715 2163 4780 gestu
2185 4709 2258 4763 ad
2291 4709 2591 4763 hominem
2616 4709 3108 4781 accedunt,atque
3137 4716 3203 4766 ut
3227 4713 3648 4785 imperatorem

2000 4797 2197 4852 debito
2243 4799 2469 4854 honore
2525 4799 2811 4855 afficiunt.
2867 4801 3250 4873 Euphemius,
3301 4805 3401 4874 qui
3441 4821 3648 4860 eorum

2000 4887 2202 4942 dolum
2235 4905 2355 4944 non
2388 4889 2761 4962 intelligeret,
2785 4897 3010 4963 gratam
3043 4908 3244 4949 eorum
3279 4895 3648 4966 imperatorii

2001 4979 2262 5034 nominis
2294 4979 2656 5034 delationem
2687 4985 2865 5051 atque
2922 4981 3339 5038 salutationem
3397 4982 3644 5049 habens,

2001 5069 2249 5122 comiter
2278 5069 2350 5124 ad
2375 5086 2435 5122 se
2467 5086 2569 5124 eos
2599 5077 2786 5134 vocat,
2843 5071 3036 5142 dignis
3069 5073 3259 5127 modis
3290 5072 3646 5129 resalutatu-

1999 5174 2116 5212 rus.
2159 5163 2299 5231 Ergo
2335 5175 2469 5213 cum
2503 5160 2694 5230 capite
2728 5160 3008 5214 inclinato
3058 5160 3311 5215 alterum
3342 5160 3644 5216 osculare-

2001 5250 2116 5314 tur,
2176 5246 2248 5300 ab
2297 5263 2366 5302 eo
2452 5247 2714 5303 crinibus
2772 5248 3052 5318 arripitur
3105 5247 3257 5303 899
3329 5265 3398 5304 ac
3454 5250 3644 5307 valide

1447 5366 1810 5423 XYLANDRI
1840 5369 1928 5424 ET
1959 5369 2175 5424 GOARI
2209 5371 2426 5427 ΝΟΤᾸΞ.

318 5494 428 5565 (83)
453 5493 687 5565 Τοῦρμα
712 5506 922 5563 agmen
945 5494 1044 5565 est
1072 5490 1262 5545 tribus
1293 5491 1624 5565 ordinibus,
1658 5492 1888 5565 sagitta-

242 5561 468 5620 riorum
517 5561 809 5628 videlicet,
868 5561 1251 5632 peltastarum
1281 5632 1288 5633 ί
1319 5568 1376 5617 et
1433 5561 1885 5633 lanceariorum,

247 5642 526 5692 constans
563 5652 574 5689 :
608 5635 670 5689 hi
701 5633 775 5690 ad
801 5639 1061 5694 centum,
1095 5633 1190 5686 isti
1222 5632 1295 5687 ad
1328 5639 1748 5691 trecentorum.
1785 5635 1884 5690 alii

246 5709 318 5764 ad
346 5708 804 5780 quingentorum
837 5719 1150 5760 numerum
1198 5705 1615 5775 ascendebant,
1670 5705 1885 5777 quibus

1996 5492 2323 5576 Ξουρμάχης
2399 5495 2693 5576 exercitus
2772 5493 2938 5576 duci“
2985 5492 3286 5576 subjectus
3370 5507 3640 5576 prmerat.

1995 5563 2132 5690 suae
2187 5563 2373 5637 pauca
2433 5583 2463 5621 e
2511 5565 2781 5636 pluribus
2813 5582 2847 5620 a
2876 5563 3125 5636 Rigaltio
3152 5566 3323 5624 docte
3353 5563 3638 5629 collectis.

2041 5652 2172 5691 om.
