4054 6286
381 314 500 374 983

1740 307 2059 370 GEORGII
2102 309 2437 375 CEDBENI

3681 309 3809 368 984

385 452 644 516 tenetur,
666 447 817 504 alter
846 445 899 502 ei
929 449 1105 519 caput
1133 448 1418 518 amputat.
1453 444 1568 500 Has
1598 458 1718 511 suae
1742 440 2038 515 improbi-

2177 443 2433 521 ,ατέχεται
2495 448 2738 525 ἰσχυρῶς
2790 449 2936 525 παρὰ
2976 450 3195 516 τούτου,
3227 444 3363 520 πρὸς
3389 440 3447 499 δὶ
3483 445 3581 496 τοῦ
3611 440 3801 514 ἑτέρου

389 539 527 595 tatis
555 553 759 609 pmnas
794 536 905 591 luit
925 534 1314 608 Euphemius.

461 716 714 789 Agareni
747 730 924 787 porro
945 731 1069 770 non
1102 713 1363 769 Siciliam
1394 729 1465 769 ex
1496 729 1565 768 eo
1597 711 1959 776 tantum,sed
1989 716 2048 767 et

390 804 721 863 Calabriam
735 808 793 859 et
823 802 1134 875 plerasque
1154 802 1338 857 Italia;
1371 805 1567 873 partes
1591 805 2044 871 occupaverunt,

390 894 592 950 omnia
619 892 1064 948 incursionibus
1082 907 1151 947 ac
1165 889 1650 963 populationibus
1674 889 2044 945 infestantes.

389 982 709 1040 Michaelus
738 998 875 1037 vero
903 996 1039 1037 cum
1098 980 1417 1052 imperium
1450 995 1666 1051 annos
1695 981 1748 1043 9,
1812 993 2048 1033 menses

388 1075 422 1130 8
450 1073 756 1147 gessisset,
790 1088 861 1128 ex
890 1070 1231 1144 dysenteria
1260 1075 1528 1126 mortuus
1585 1073 1695 1139 est,
1753 1084 1885 1125 cum
1941 1084 2048 1123 sua

388 1164 453 1220 in
483 1165 669 1220 Deum
697 1160 1218 1233 impietate,inque
1251 1158 1427 1215 rebus
1449 1158 1722 1232 gerendis
1753 1157 2047 1230 perversi-

389 1256 510 1309 tate
531 1254 795 1308 Romano
825 1250 1074 1321 imperio
1107 1252 1193 1304 tot
1225 1253 1509 1319 tantaque
1539 1247 1838 1303 intulisset
1867 1247 2044 1318 mala,

394 1356 527 1412 quas
556 1338 1176 1395 commemoravimus.
1210 1337 1435 1393 Defecit
1474 1336 1581 1391 sub
1615 1353 1683 1391 eo
1712 1336 1892 1391 etiam
1924 1341 2048 1392 tota

392 1430 705 1487 Dalmatia.
735 1430 804 1484 Et
834 1427 1134 1485 ferebatur
1164 1425 1235 1482 de
1294 1443 1362 1482 eo
1393 1427 1706 1498 antiquum
1738 1425 2046 1482 oraculum

394 1516 458 1572 in
490 1517 644 1572 hanc
672 1513 1032 1570 sententiam
1056 1530 1068 1567 :

465 1805 581 1857 Hoc
607 1803 830 1856 initium
861 1800 1134 1855 malorum
1165 1800 1355 1853 telluri
1385 1798 1637 1861 accidet;

464 1875 668 1928 Rerum
688 1874 940 1942 potietur
968 1887 1091 1926 cum
1120 1870 1454 1942 Babylonius
1483 1870 1673 1936 draco,

473 1941 707 2014 Lingua?
729 1944 1030 2013 impedita,
1062 1948 1115 1997 et
1142 1943 1271 1996 auri
1299 1941 1763 2011 cupientissimus.

394 2050 655 2107 Cadaver
686 2049 816 2121 ejus
845 2049 1176 2120 repositum
1234 2052 1326 2102 est
1363 2047 1425 2102 in
1480 2063 1696 2119 magno
1735 2047 2052 2102 Iustiniani

395 2139 638 2208 sacello,
686 2139 762 2195 ad
810 2138 1016 2194 fanum
1075 2136 1515 2209 Apostolorum,
1576 2136 1638 2191 in
1689 2135 1838 2191 cista
1883 2136 2058 2191 viridi

395 2227 751 2285 Thessalica.
2045 2295 2058 2306 .

472 2318 620 2374 Huic
648 2321 882 2372 mortuo
927 2315 1088 2370 illius
1145 2315 1276 2387 ejus
1330 2314 1694 2388 Theophilus
1745 2315 1872 2386 jam
1905 2312 2062 2369 virill

400 2411 573 2464 atate
605 2405 910 2472 successit,
958 2419 1163 2458 mense
1215 2404 1475 2469 Octobri,
1535 2402 1878 2458 indictionis
1925 2403 1977 2456 8.
2012 2403 2064 2459 Is

400 2513 523 2569 praa
552 2510 613 2550 se
645 2493 874 2550 ferebat
894 2493 1147 2565 justitiaa
1176 2492 1686 2548 ferventissimum
1712 2492 1973 2548 studium
2005 2485 2066 2548 et

404 2586 602 2658 legum
635 2582 901 2638 civilium
935 2587 1274 2638 accuratam
1307 2581 1659 2650 custodiam,
1684 2598 1817 2638 cum
1852 2598 1913 2637 re
1938 2583 2068 2654 ipsa

399 2675 503 2731 illa
544 2674 950 2741 simularet,ut
979 2673 1053 2728 ab
1085 2673 1319 2729 insidiis
1364 2689 1429 2728 se
1480 2678 1673 2728 tutum
1732 2677 2062 2744 praestaret,

398 2780 595 2836 neque
625 2762 735 2820 ulli
766 2768 975 2818 contra
1007 2778 1070 2818 se
1098 2762 1323 2834 aliquid
1355 2761 1638 2817 moliendi
1669 2762 1825 2817 900
1856 2778 2064 2818 ansam

399 2851 719 2925 praeberet.
754 2850 1058 2923 Principio
1090 2850 1327 2923 imperii
1360 2850 1452 2905 sui
1509 2867 1740 2917 omnes,
1773 2868 1808 2905 a
1850 2851 2064 2922 quibus

403 2947 574 3015 pater
621 2939 812 3013 ipsius
862 2940 924 2994 in
977 2940 1172 2995 Leone
1224 2938 1638 2995 interﬁciendo
1695 2940 2066 3011 imperioque

394 3028 740 3103 occupando
774 3029 975 3084 fuerat
996 3028 1513 3101 adjutus,perdere
1551 3032 1837 3098 statuens,
1871 3028 2063 3083 edicto

396 3121 698 3195 proposito
729 3120 1047 3176 universos
1069 3119 1172 3191 qui
1193 3118 1266 3174 ab
1298 3120 1655 3192 imperatore
1683 3118 1943 3175 honores
1964 3124 2068 3175 aut

401 3209 694 3266 beneficia
749 3208 1043 3264 haberent
1094 3209 1504 3280 cujuscunque
1563 3207 1747 3276 modi,
1806 3208 1879 3263 ad
1912 3209 2061 3283 Mag-

407 3298 846 3369 nauram,quod
871 3303 931 3353 et
961 3315 996 3353 a
1027 3298 1289 3371 quinque
1321 3298 1584 3353 turribus
1607 3299 2066 3371 Pentapyrgium

411 3387 984 3455 dicitur,convenire
1017 3386 1335 3458 jussit.Qui
1369 3403 1500 3441 cum
1533 3387 1608 3442 ad
1636 3387 2069 3443 dictumlocum

409 3478 753 3549 frequentes
777 3474 1603 3543 conﬁuxissent,dissimulata
1622 3476 1805 3532 animi
1824 3477 2065 3548 smvitia,

411 3566 532 3624 leni
563 3581 630 3620 ac
660 3563 894 3636 placida
914 3580 1056 3619 voce
1082 3580 1096 3618 :
1128 3586 1156 3613 ‹‹
1184 3564 1687 3637 Voluit,»inquit,-
1712 3570 1881 3637 pater
1900 3582 2070 3622 meus

414 3655 602 3712 beatae
636 3653 939 3710 memoriae
991 3669 1093 3708 eos
1123 3653 1224 3724 qui
1255 3652 1540 3709 auxilium
1580 3654 1977 3725 ipsiftulerant
2002 3670 2070 3711 ac

410 3760 517 3818 pro
574 3742 829 3816 imperio
878 3746 1415 3815 propugnaverant,
1451 3742 1682 3815 magnis
1742 3742 2069 3799 honoribus

414 3840 592 3906 atque
614 3834 787 3890 donis
819 3833 1192 3888 remunerari
1221 3850 1233 3887 :
1269 3833 1372 3887 sed
1402 3839 1593 3888 morte
1624 3839 1975 3904 praeventus,
1995 3851 2072 3889 ne

411 3925 677 3997 ingratus
708 3939 847 3995 erga
877 3922 1028 3977 bene
1062 3922 1310 3978 meritos
1336 3921 1656 3988 videretur,
1692 3939 1785 3977 me
1835 3939 2074 3978 succes-

414 4028 610 4068 sorem
634 4028 806 4066 suum
838 4012 967 4082 ejus
991 4009 1174 4066 debiti
1206 4011 1528 4066 solutorem
1546 4010 2071 4081 reliquit.Proinde

416 4101 593 4158 amici
623 4101 873 4173 paterni,
925 4100 1270 4156 secedentes
1318 4116 1389 4154 ex
1447 4099 1845 4167 multitudine,
1901 4100 2072 4157 nobis

420 4207 551 4247 sese
579 4189 911 4258 ostendant,
944 4195 1012 4245 ut
1043 4189 1128 4244 eis
1153 4189 1393 4262 dignam
1417 4189 1756 4245 mercedem
1789 4192 2070 4260 rependa-

418 4297 571 4336 mus.
623 4302 653 4330 »
713 4281 832 4335 Hac
888 4278 1155 4334 oratione
1210 4277 1441 4350 decepti
1497 4279 1722 4346 miseri,
1782 4284 2075 4351 quotquot

417 4369 628 4425 Leonis
659 4368 884 4425 caedem
941 4368 1310 4443 adjuverant,
1345 4385 1406 4423 se
1447 4368 1608 4439 ipsos
1639 4367 2070 4424 indicaverunt.

417 4463 489 4515 At
519 4458 880 4530 Theophilus
910 4457 1111 4529 prmda
1165 4457 1325 4513 intra
1377 4474 1573 4512 casses
1630 4456 1864 4512 inclusa
1907 4457 2071 4513 urbis

2153 540 2261 591 τῶν
2297 534 2545 614 ἀδελφῶν
2586 540 2687 609 τήν
2753 539 2997 612 κεφαλὴν
3053 534 3431 609 ἀποτέμνεται.
3492 529 3592 588 Καὶ
3641 530 3804 590 οὗτος

2158 626 2251 699 μὶν
2280 625 2482 697 ταύτην
2516 623 2655 683 ἔτισε
2685 625 2842 697 δίκην
2872 635 2972 696 τῆς
3004 627 3206 686 οἰκείας
3247 622 3530 685 ἀπονοίας.

2227 715 2294 773 Οἱ
2319 712 2375 771 δὲ
2433 718 2725 793 Ἀγαρηνοὶ
2783 717 2848 773 οὐ
2913 719 3013 786 τῆς
3060 712 3317 774 Σικελίας
3379 710 3542 784 μόνον
3589 707 3803 776 ἔκτοτε,

2154 803 2302 860 ἀλλὰ
2328 805 2418 861 καὶ
2452 807 2534 880 [Ρ.
2570 810 2696 878 513]
2727 801 3034 881 Καλαϐρίας
3062 805 3152 858 καὶ
3204 806 3314 858 τῶν
3372 797 3643 856 πλειόνων
3698 804 3805 867 τῆς

2154 892 2389 956 Ἰταλίας
2472 895 2710 971 ἐγένοντο
2770 894 3067 972 ἐγκρατεῖς,
3150 893 3324 946 πάντα
3369 888 3807 964 κατατρέχοντες

2154 982 2243 1038 καὶ
2277 980 2719 1059 διαπορθοῦντες.
2750 985 2812 1042 Ὀ
2842 981 3073 1063 Μιχαὴλ
3130 979 3188 1037 δὲ
3243 979 3334 1037 ἐπὶ
3391 979 3557 1053 μῆναι
3612 978 3665 1048 η’
3715 975 3809 1031 καὶ

2156 1071 2249 1143 ἔτη
2282 1074 2326 1128 θ’
2372 1076 2470 1144 τῆς
2522 1073 2798 1149 βασιλείας
2853 1072 3142 1150 γενόμενος
3200 1071 3489 1146 ἐγκρατὴς,
3559 1064 3813 1122 δυσεντε-

2156 1162 2272 1238 ρίας
2330 1162 2498 1226 ἁλοὺς
2584 1162 2976 1238 ἀρῤωστήματι
3059 1161 3413 1236 καταστρέφει
3496 1158 3587 1213 τὸν
3654 1157 3810 1232 βίον,

2154 1251 2427 1306 τοσούτων
2456 1251 2746 1325 παραίτιος
2785 1254 2854 1323 τῇ
2885 1248 3140 1321 πολιτείᾳ
3193 1246 3485 1320 Ῥωμαίων
3510 1244 3809 1321 γενόμενος

2153 1345 2336 1394 κακῶν
2367 1336 2436 1393 δι’
2470 1339 2535 1408 ἤν
2569 1339 2714 1414 εἶχεν
2746 1333 2990 1393 ἀσέϐειαν
3022 1338 3164 1412 πρὸς
3220 1337 3348 1391 Θεὸν
3403 1334 3496 1388 καὶ
3552 1333 3689 1407 πρὸς
3744 1331 3814 1387 τὰ

2153 1429 2447 1505 πράγματα
2505 1427 2818 1507 μοχθηρίαν
2877 1428 3019 1482 ’ὀσων
3076 1420 3370 1499 προλαϐὼν
3424 1422 3747 1496 ἐπεμνήσθη
3782 1422 3812 1474 6

2157 1515 2343 1594 λόγος.
2389 1518 2755 1588 Ἀπεστάτησε
2813 1513 2870 1572 δὲ
2917 1515 2999 1571 ἐπ’
3032 1517 3198 1571 αὐτοῦ
3255 1514 3347 1569 καὶ
3400 1517 3544 1568 πᾶσα
3598 1512 3636 1581 ἡ
3667 1508 3819 1567 Δαλ-

2159 1607 2346 1683 ματία.
2377 1607 2630 1685 Ἐφὲρετο
2672 1603 2731 1662 δὲ
2769 1606 2858 1661 καὶ
2887 1605 3145 1681 χρησμὸς
3176 1603 3411 1665 παλαιὸς
3462 1601 3588 1679 περὶ
3619 1598 3823 1657 alito?»

2157 1696 2302 1754 ἔχων
2347 1696 2539 1762 οὔτως·

2231 1805 2410 1878 ᾋρχή
2443 1807 2620 1878 κακῶν
2663 1800 2722 1858 δὲ
2750 1806 3132 1878 προσπεσεῖται
3161 1804 3231 1878 τῇ
3262 1798 3443 1878 χθονὶ,

2239 1868 2410 1950 Ὃξτὲν
2429 1873 2764 1950 κατάρξῃ-,τῆ
2776 1868 2804 1937 ς’
2824 1868 3150 1950 Βαϐυλῶνος
3189 1868 3423 1950 δράκων,

2241 1943 2785 2022 Δύσγλωττοςοῦτος
2816 1945 2906 2002 καὶ
2933 1943 3275 2026 φιλόχρυσος
3306 1943 3452 2000 λίαν.

2172 2052 2381 2133 Έτάφη
2418 2052 2475 2109 δὲ
2503 2055 2530 2109 6
2559 2053 2756 2110 τούτου
2789 2053 2977 2128 νεκρὸς
3035 2052 3087 2108 ἐν
3134 2056 3217 2124 τῷ
3243 2050 3380 2106 κατᾶ
3433 2049 3563 2111 τοὺς
3608 2049 3838 2124 Ἀγίους

2173 2132 2550 2206 ’Δποστόλους
2586 2142 2816 2220 μεγάλῳ
2846 2142 3019 2216 ἡρῴῳ
3053 2144 3458 2210 Ἰουστινιανοῦ,
3512 2139 3567 2194 ἐν
3600 2137 3837 2213 λάρνακι

2180 2233 2423 2310 πρασίνῳ
2453 2232 2777 2307 Θετταλικῇ.

2248 2323 2397 2379 Μετὰ
2422 2320 2478 2378 δὲ
2505 2323 2597 2378 τὸν
2628 2327 2724 2377 τοῦ
2745 2320 2978 2397 Μιχαὴλ
3015 2321 3240 2377 θάνατον
3261 2319 3288 2374 ὁ
3338 2319 3454 2382 υἱὸς
3488 2317 3652 2372 αὐτοῦ
3703 2314 3837 2373 Θεό-

2179 2411 2362 2489 φιλος,
2396 2409 2590 2487 ἀνδρὸς
2617 2408 2726 2483 ἤδη
2754 2411 2976 2482 ἡλικίαν
3030 2406 3196 2486 ἔχων,
3246 2405 3516 2478 διεδέξατο
3566 2409 3665 2477 τὴν
3723 2426 3835 2461 πα-

2177 2503 2354 2577 τρῴαν
2385 2503 2588 2581 ἀρχὴν,
2618 2502 2756 2557 κατᾶ
2790 2502 2880 2556 τὸν
2912 2494 3248 2574 Ὀκτώὸριον
3320 2504 3467 2581 μῆνα
3516 2503 3620 2566 τῆς
3644 2501 3691 2565 η’
3744 2494 3833 2555 ius

2181 2580 2492 2662 δικτιῶνος,
2520 2590 2673 2669 λόγῳ
2715 2591 2810 2663 μὶν
2873 2597 2972 2660 τῆς
3029 2587 3377 2657 δικαιοσύνης
3405 2580 3650 2660 ἔμπυρος
3708 2584 3832 2660 ἐρα-

2182 2681 2315 2750 στής
2336 2679 2618 2736 καλεῖσθαι
2654 2677 2991 2754 βουλόμενος
3029 2678 3214 2752 νόμων
3233 2697 3291 2734 τε
3320 2674 3492 2756 φύλαξ
3522 2673 3834 2730 πολιτικῶν

2181 2764 2433 2844 ἀκριϐὴς,
2489 2772 2558 2843 τῇ
2620 2767 2663 2824 δ’
2725 2766 2958 2840 ἀληθείᾳ
3016 2765 3206 2838 ἔξωθεν
3239 2766 3425 2821 ἒαοτὸν
3462 2769 3571 2820 τῶν
3604 2757 3835 2819 ἐπιϐου-

2183 2858 2453 2914 λευόντων
2484 2856 2781 2933 διατηρῶν,
2813 2858 2886 2920 ὠς
2915 2856 2975 2913 ἄν
3032 2859 3108 2930 μή
3170 2876 3253 2918 τις
3283 2855 3400 2911 κατ’
3463 2853 3633 2908 αὐτοῦ
3662 2872 3839 2907 νεανι-

2180 2948 2274 3004 κὸν
2305 2946 2629 3022 τολμήσειε,
2659 2951 2829 3003 ταῦτα
2862 2946 3195 3021 ὑπεκρίνετο.
3225 2942 3403 3006 Εὐθὺς
3426 2942 3519 2998 οὖν
3540 2940 3604 2998 ἐκ
3632 2961 3844 3016 προοι-

2185 3038 2324 3111 μίων
2353 3036 2480 3100 τοὺς
2511 3041 2589 3109 τῷ
2619 3037 2780 3110 πατρὶ
2815 3036 2982 3091 αὐτοῦ
3022 3034 3422 3109 συναραμένους
3463 3032 3539 3094 είς
3569 3032 3663 3086 τὸν
3737 3034 3836 3085 τοῦ

2092 3154 2136 3221 c
2180 3125 2410 3221 Λέοντος
2458 3127 2684 3181 θάνατον
2743 3119 2884 3199 ἔγνω
2939 3123 3140 3221 ¹ττάντας
3221 3122 3430 3221 ὀλέθρῳ
3496 3119 3682 3221 δοῦναι
3745 3120 3836 3174 καὶ

2176 3213 2443 3286 ἀπωλείᾳ.
2483 3216 2639 3270 Ὅθεν
2697 3213 2898 3284 ἐξέθετο
2959 3210 3136 3290 δόγμα
3190 3210 3316 3274 τοὺς
3370 3217 3479 3267 τῶν
3521 3209 3833 3284 βασιλικῶν

2175 3304 2412 3366 ἅπαντας
2478 3301 2852 3363 ἀπολαύοντας
2911 3301 3270 3378 φιλοτιμιῶν,
3351 3299 3573 3376 προσέτι
3631 3296 3692 3355 δὲ
3742 3298 3833 3354 καὶ

2182 3389 2478 3465 βασιλικῆς
2506 3397 2677 3461 τιμῆς
2713 3388 3081 3464 μετασχόντας
3110 3395 3209 3458 τῆς
3240 3389 3481 3457 οἱασοῦν,
3537 3386 3679 3441 κατὰ
3736 3387 3841 3455 τήν

2180 3479 2499 3555 Μαγναύραν
2527 3480 2655 3548 ἢτοι
2711 3478 2772 3533 τὸ
2829 3478 3231 3553 Ηενταπύργιον
3288 3478 3400 3551 (84)
3450 3478 3844 3547 συναθροισθῆ-

2178 3590 2283 3622 ναι.
2322 3570 2409 3631 Ὠς
2443 3563 2500 3622 δὲ
2546 3572 2713 3622 τοῦτο
2752 3564 2963 3642 ἒγένετο
3040 3567 3130 3622 καὶ
3186 3566 3380 3628 πάντες
3459 3563 3837 3639 ἡθροίσθησαν

2180 3658 2255 3719 ὡς
2285 3656 2584 3726 ἐκέλευσεν,
2617 3657 2691 3718 ὡς
2724 3655 2776 3710 ἐν
2810 3655 2987 3728 σκότῳ
3015 3657 3151 3717 τὲως
3189 3656 3290 3722 τὴν
3329 3661 3429 3724 τῆς
3472 3657 3657 3728 ψυχῆς
3696 3653 3833 3728 κρύ-

2179 3746 2285 3819 ψας
2316 3740 2638 3818 θηριωδίαν,
2669 3743 2869 3818 πραείᾳ
2924 3742 3014 3797 καὶ
3070 3741 3310 3816 ἠρεμαίᾳ
3341 3744 3497 3818 φωνῇ
3553 3735 3657 3817 ἔφη
3691 3741 3832 3815 πρὸς

2180 3832 2307 3895 τοὺς
2340 3828 2805 3910 συνειλεγμένους·
2844 3856 2870 3883 ‹‹
2904 3825 3199 3888 Ἐϐούλετο
3233 3831 3330 3903 μὲν
3387 3829 3479 3883 καὶ
3538 3825 3611 3883 δι’
3639 3827 3836 3893 ἐπιθυ-

2184 3922 2310 3996 μίας
2351 3923 2491 4002 εἶχε,
2525 3924 2569 3976 ὧ
2610 3920 2740 3984 λαὸς
2764 3921 2853 3975 καὶ
2883 3919 3093 3994 κλῆρος
3148 3917 3303 3993 ἐμὸς,
3359 3919 3387 3974 ὁ
3446 3915 3576 3993 ἐμὸς
3610 3917 3841 3992 μακαρέ-

2179 4032 2280 4082 της
2307 4014 2485 4086 πατὴρ
2541 4010 2667 4073 τοὺς
2723 4005 3183 4083 ἀντιλαϐομένους
3241 4009 3331 4063 καὶ
3388 4015 3490 4078 τῆς
3547 4005 3843 4082 βασιλείας

2184 4103 2683 4177 ὑπερμαχῆσαντας
2715 4099 2945 4156 πολλῶν
2987 4099 3084 4172 μὲν
3114 4102 3313 4172 τιμῶν,
3361 4095 3588 4154 πολλῶν
3619 4094 3681 4151 δὲ
3708 4096 3836 4152 τού-

2179 4211 2309 4253 τους
2362 4192 2578 4267 ἀγαθῶν
2632 4191 2723 4245 καὶ
2779 4190 2974 4262 ὲτὲρων
3031 4190 3357 4261 καταξιῶσαι
3416 4186 3614 4263 γερῶν,
3701 4207 3838 4241 κατ-

2181 4280 2373 4356 αχθεὶς
2405 4276 2452 4333 δ’
2484 4279 2586 4334 ὑπὸ
2614 4276 2714 4333 τοῦ
2745 4278 2924 4356 χρεὼν
2954 4276 3051 4350 ἐμὲ
3079 4277 3171 4332 τὸν
3203 4284 3303 4347 τῆς
3335 4274 3623 4351 βασιλείας
3650 4272 3841 4331 διάδο-

2182 4387 2309 4444 χον,
2334 4367 2426 4423 ’ἰνα
2459 4368 2533 4441 μὴ
2561 4366 2856 4442 ἀχάριστος
2879 4364 3006 4442 δόξῃ
3037 4371 3155 4429 τοῖς
3224 4365 3547 4441 εὐεργέταις,
3609 4363 3837 4441 ὀφειλὲ-

2181 4481 2281 4530 την
2322 4457 2598 4515 κατέλιπε.
2659 4459 2751 4529 Διὸ
2792 4455 3014 4521 ἕκαστος
3073 4455 3367 4533 χωρισθεὶς
3422 4460 3519 4512 τοῦ
3583 4454 3842 4525 πλήθους

417 4522 762 4618 praafectum
821 4522 1022 4600 civiles
1079 4546 1320 4616 exsequi
1379 4544 1539 4618 leges
1592 4544 1794 4617 jussit,
1856 4568 1884 4596 «
1942 4546 2063 4602 Jam

2180 4546 2440 4603 δεικνύτω
2470 4549 2657 4604 ἑαυτὸν
2694 4553 2830 4621 ἡμῖν
2881 4522 3116 4627 ἐμφανῆ
3169 4522 3263 4602 ’ἵνα
3300 4547 3515 4623 γνόντες
3566 4545 3701 4606 τοὺς
3758 4543 3840 4620 φί-

417 4652 580 4692 nunc
615 4656 640 4685 .›
671 4635 970 4705 inquiens,
1007 4658 1028 4682 ι
1064 4634 1357 4706 praefecte,
1376 4633 1686 4707 judicandi
1717 4640 2069 4706 potestatem

418 4729 539 4785 Deo
572 4732 632 4784 et
658 4743 753 4783 me
776 4727 881 4782 tibi
912 4727 1598 4799 mandantibus,dignam
1619 4728 1711 4783 his
1735 4728 2072 4784 mercedem

420 4818 712 4875 factorum
741 4816 1031 4889 persolve,
1064 4816 1162 4887 qui
1194 4833 1315 4872 non
1349 4821 1577 4872 tantum
1615 4816 1880 4871 humano
1933 4833 2072 4874 san-

421 4909 597 4982 guine
630 4922 840 4963 manus
861 4907 1361 4972 contaminarunt,
1424 4905 1529 4961 sed
1585 4910 1643 4960 et
1691 4912 1940 4962 unctum
1972 4888 2074 4962 Dei

420 4997 578 5053 intra
607 4995 933 5051 sacrarium
966 4992 1411 5049 interfecerunt.
1450 5016 1476 5043 ››
1498 4995 1690 5064 Atque
1743 4994 1869 5049 hazc
1917 4994 2075 5051 fatus

421 5087 672 5160 primam
699 5085 875 5140 istam
902 5082 1315 5141 admirabilem
1347 5084 1492 5140 90]
1524 5084 1873 5139 concionem
1898 5084 2076 5141 dimi-

425 5176 520 5232 sit.
549 5175 744 5232 Miseri
757 5173 992 5230 veroilli
1025 5189 1060 5229 a
1088 5172 1366 5246 praefecto
1387 5174 1607 5245 arrepti
1640 5173 2075 5230 homicidarum

425 5280 590 5321 more
620 5264 930 5337 suppliciis
988 5262 1395 5319 sunt-affecti.
1459 5263 1779 5319 Novercam
1837 5280 2075 5336 quoque

428 5368 595 5409 suam
626 5353 986 5425 Theophilus
1036 5353 1173 5409 aula
1232 5352 1464 5425 pulsam
1521 5353 1584 5408 in
1643 5353 2076 5410 monasterium

2184 4638 2313 4699 λους
2344 4637 2502 4707 ἀξίως
2552 4638 2693 4711 ὑμᾶς
2722 4637 3111 4711 ἀμειψαίμεθα.
3146 4660 3174 4690 ››
3216 4636 3445 4696 Τούτοις
3488 4638 3607 4696 τοῖς
3638 4632 3839 4709 λόγοις

2181 4725 2625 4800 παρακλαπὲντες
2667 4727 2721 4780 οἱ
2764 4722 2996 4781 δείλαιοι
3051 4725 3140 4780 καὶ
3196 4722 3677 4799 συλαγωγηθέντες
3742 4724 3831 4778 τὸν

2181 4819 2325 4882 νοῦν,
2366 4811 2589 4877 ἕκαστος
2645 4818 2756 4870 τῶν
2808 4813 2924 4870 ὅσοι
2986 4817 3063 4885 τῷ
3127 4813 3274 4888 φόνῳ
3332 4816 3668 4890 συνήργησαν
3740 4816 3835 4869 τοῦ

2184 4903 2414 4966 Λέοντος
2447 4905 2631 4960 ὲαυτον
2666 4904 3037 4980 παρεγύμνου.
3097 4901 3271 4964 Εὐθὺς
3331 4903 3422 4957 οὗν
3468 4904 3498 4958 ὁ
3536 4901 3834 4979 Θεόφιλος,

2184 4993 2332 5056 ἐντὸς
2413 4996 2651 5070 σαγήνης
2706 4988 2849 5068 ἔχων
2918 4994 3016 5063 τὴν
3072 4993 3262 5068 θήραν,
3353 4989 3692 5068 ἐγκελεύεται
3757 4996 3837 5063 τῷ

2185 5083 2413 5159 ἐπάρχῳ
2462 5088 2581 5147 τοῖς
2633 5081 2945 5145 πολιτικοῖς
3013 5084 3321 5157 χρήσασθαι
3379 5080 3597 5154 νόμοις,
3656 5081 3839 5146 οὕτως

2184 5173 2372 5229 εἰπών·
2409 5196 2438 5224 ‹‹
2477 5174 2610 5249 Ἀγε
2639 5169 2731 5243 δὴ,
2771 5172 2817 5228 ὦ
2847 5167 3076 5249 ἔπαρχε,
3109 5169 3166 5225 ἐκ
3195 5174 3329 5226 Θεοῦ
3384 5169 3474 5224 καὶ
3514 5176 3614 5238 τῆς
3672 5171 3837 5242 ἡμῶν

2184 5260 2561 5337 γαληνότητος
2610 5262 2672 5316 τὸ
2728 5260 2927 5337 κρίνειν
2984 5254 3194 5328 λαϐὼν,
3251 5258 3466 5320 τούτοις
3520 5258 3670 5327 ἃξίας
3728 5263 3834 5313 τῶν

2184 5345 2356 5429 ἔργων
2383 5349 2586 5414 ἀπόδος
2616 5350 2710 5413 τὰς
2730 5344 2991 5424 ὰμαιϐὰς,
3024 5345 3132 5404 οὒχ
3161 5346 3246 5404 ὅτι
3291 5349 3388 5410 τὰς
3417 5352 3613 5423 χεῖρας
3672 5346 3837 5421 ἰμια-

1599 5481 1960 5540 XYLANDRI
1996 5482 2086 5539 ET
2122 5482 2340 5539 GOARI
2377 5481 2597 5539 NOTAE.

507 5629 622 5699 (84)
654 5627 915 5692 Quatuor
941 5628 1213 5684 rotundis
1238 5629 1298 5685 in
1331 5634 1584 5701 quatuor
1612 5631 1866 5704 angulis,
1908 5636 1966 5688 et
1993 5646 2115 5689 una
2135 5631 2195 5688 in
2227 5632 2422 5689 medio
2456 5632 2744 5706 quadrata
2770 5632 2916 5692 turri
2940 5636 3327 5692 exstructum.
3360 5633 3531 5691 (ἴση.
