4056 6276
275 377 397 438 985
1407 364 1936 426 ΗΙΞἸὈΒΙΔΗΗΝ

2051 366 2159 428 ΟΜ
2174 369 2566 434 PENDIUM.
3567 371 3687 433 986

270 531 370 566 ναν
404 507 596 582 α’ίματι
624 503 970 580 ἀνθρωπίνῳ,
1005 500 1132 560 ἀλλ’
1183 499 1267 556 ὅτι
1309 498 1400 554 καὶ
1447 497 1672 573 χριστὸν
1719 497 1923 572 Κυρίου

2047 500 2233 556 redire
2264 506 2472 578 coegit,
2533 507 2593 563 in
2655 526 2770 580 quo
2828 510 3086 582 primum
3143 508 3416 581 religioni
3475 508 3683 565 devota

273 598 490 656 ἀνεῖλον
519 591 670 652 ἔνδον
704 592 1115 666 Θυσιαστηρίου.
1152 614 1181 642 ››
1241 592 1325 665 [Ρ.
1386 589 1510 660 514]
1543 589 1724 643 Ταῦτα
1763 586 1928 662 φθεγ-

2047 606 2268 645 comam
2301 593 2666 653 detonderat.
2693 599 2965 671 Nihilque
2989 600 3126 654 huic
3149 598 3368 671 profuit
3381 600 3694 671 juramen-

276 691 518 762 ξάμενος
549 683 764 740 διέλυσε
804 682 892 737 τὸν
943 680 1248 754 θαυμαστὸν
1311 677 1510 732 ἐκεῖνον
1567 676 1655 729 καὶ
1711 679 1928 749 πρῶτον

2047 683 2186 749 tum,
2220 697 2336 753 quo
2370 692 2639 742 senatum
2670 689 2986 745 Michaelus
3019 690 3394 762 obligaverat.

280 779 580 851 σύλλογον,
639 777 691 829 οἱ
749 770 794 827 δ’
857 770 1038 835 ἄθλιοι
1090 768 1285 826 έκεῖνοι
1346 767 1751 856 συλληφθέντες
1814 767 1960 842 παρά
2013 771 2112 822 τοῦ
2168 769 2412 848 ἐπάρχου
2469 783 2684 840 ποιναῖς
2768 776 3258 851 καθυπεϐλήθησαν
3315 777 3680 856 ἀνδροφόνων

280 871 346 926 Ὀ
388 867 443 922 δὶ
475 865 739 943 Θεόφιλος
795 863 885 918 καὶ
930 862 1028 930 τὴν
1087 861 1254 915 αὑτοῦ
1315 859 1581 934 μητρυιάν
1636 854 1910 918 ἀπελάσας
1966 860 2072 911 τῶν
2147 860 2434 934 βασιλείων
2491 865 2567 926 εἷς
2621 869 2681 922 τὸ
2739 872 3104 943 μοναστήριον
3163 843 3458 946 ἠνάγκασέν
3491 843 3686 927 ,ἀπελ-

283 961 419 1029 θεῖν,
451 957 503 1012 ἐν
553 955 598 1028 ᾧ
654 955 716 1009 τὸ
770 957 984 1024 πρῶτον
1043 953 1142 1021 τήν
1189 949 1459 1023 κοσμικήν
1515 947 1738 1002 ἀπέθετο
1796 947 1988 1021 τρίχα,
2051 947 2220 1020 μηδὲν
2277 951 2678 1030 ὠφελησάντων
2735 963 2842 1014 τῶν
2904 961 3078 1033 ὅρκων
3137 961 3228 1021 οὓς
3286 964 3321 1030 ἡ
3379 961 3682 1037 σύγκλητος

283 1049 422 1124 πρὸς
451 1047 541 1102 τὸν
574 1041 810 1118 Μιχαὴλ
842 1040 1161 1111 ἐποιήσατο.

358 1135 454 1192 Καὶ
502 1139 670 1190 ταῦτα
721 1133 815 1206 μὶν
869 1131 918 1186 ἒν
956 1127 1241 1203 προοιμίῳ
1295 1132 1374 1199 τῷ
1432 1123 1706 1200 Θεοφίλῳ,
1763 1125 1828 1179 τά
1887 1122 1934 1178 δ’

284 1229 408 1298 ἑξῆς
466 1226 568 1282 οὐκ
625 1224 853 1279 ἐπαίνων
909 1220 1110 1291 ἀνάξια·
1177 1217 1626 1290 ἀντιποιούμενος
1677 1217 1776 1292 γάρ
1834 1223 1936 1285 τῆς

287 1313 640 1384 δικαιοσύνης
673 1313 866 1367 ἅπασιν
909 1309 977 1379 ἦν
1007 1314 1122 1371 τοῖς
1153 1311 1415 1382 πονηροῖς
1450 1301 1705 1386 φοϐερὸς,
1739 1309 1855 1366 τοῖς
1881 1301 1936 1359 δὲ

285 1407 511 1481 ἀγαθοῖς
537 1401 866 1474 θαυμαστὸς,
897 1403 1012 1460 τοῖς
1045 1398 1141 1471 μὲν
1176 1399 1258 1452 δτι
1315 1395 1690 1469 μισοπόνηρός
1737 1415 1794 1448 τε
1847 1391 1936 1447 καὶ

289 1492 500 1555 δίκαιος
533 1491 732 1560 ἐδόκει,
759 1494 876 1550 τοῖς
911 1485 957 1542 δ’
987 1487 1071 1543 ’ὁτι
1104 1481 1372 1560 ἐμϐριθής
1401 1506 1460 1540 τε
1501 1486 1591 1538 καὶ
1621 1482 1934 1557 ζαύστηρός.

294 1581 410 1642 Οὔκ
437 1584 502 1652 ἦν
534 1580 590 1636 δὲ
632 1580 845 1641 πάντως
906 1577 1066 1632 αὐτὸν
1118 1576 1330 1630 πάντων
1375 1579 1483 1629 τῶν
1541 1578 1720 1628 κακῶν
1779 1573 1940 1627 καθα-

299 1673 494 1748 ρεύειν.
535 1667 735 1744 Εἴχετο
770 1668 862 1741 μὲν
892 1667 998 1741 γὰρ
1028 1669 1126 1731 τῆς
1159 1663 1245 1720 ἐπὶ
1274 1664 1400 1719 Θεὸν
1452 1664 1704 1730 πίστεως,
1756 1661 1938 1736 ε’ἶχετο

299 1760 357 1817 δὶ
389 1759 552 1816 πλέον
581 1766 680 1829 τῆς
711 1752 1196 1831 πατροπαραδότου
1249 1758 1444 1828 μιαρᾶς
1489 1756 1597 1807 τῶν
1631 1750 1940 1824 Εἷκονομάο

299 1872 420 1928 χων
460 1851 738 1926 αἱρέσεως,
779 1847 870 1901 καὶ
916 1846 1008 1901 τὸν
1055 1839 1246 1913 εὐσεϐῆ
1303 1842 1392 1898 καὶ
1442 1843 1701 1916 πανάγιον
1744 1839 1940 1896 ἐκάκου

296 1940 456 2012 λαὸν,
486 1938 630 2014 παρά
670 1938 842 1992 πάντα
887 1936 978 1990 τὸν
1035 1941 1136 2003 τῆς
1188 1931 1468 2008 βασιλείας
1516 1932 1689 1986 αὐτοῦ
1743 1929 1942 2004 χρόνον

296 2032 578 2105 ἠρεμῆσαι
637 2030 711 2099 μὴ
758 2025 1144 2102 συγχωρήσας.
1186 2023 1343 2080 Ὅθεν
1373 2018 1514 2076 “ούδ’
1564 2020 1615 2075 ἐν
1673 2018 1940 2091 πολέμοις

303 2118 574 2193 εὖτύχησέ
606 2137 753 2183 ποτε,
787 2111 959 2170 ἀεὶδὲ
1009 2112 1217 2182 ἥττητο
1269 2110 1357 2165 καὶ
1413 2111 1476 2166 ού
1529 2111 1666 2164 κατά
1717 2106 1944 2184 βασιλέα

308 2207 654 2285 ὑπέστρεφεν.
710 2203 1007 2280 Ἐχόμενος
1053 2201 1098 2258 δ’
1153 2202 1244 2257 οὖν
1294 2209 1393 2272 τῆς
1452 2200 1800 2272 δικαιοσύνης
1853 2203 1944 2258 καὶ

302 2305 408 2366 τῆς
439 2297 574 2372 πρὸς
605 2296 836 2371 Χριστὸν
881 2293 970 2348 καὶ
1018 2293 1118 2361 τήν
1169 2290 1339 2346 αύτοῦ
1389 2290 1636 2366 Μητέρα,
1685 2291 1758 2354 ὡς
1807 2290 1944 2364 ᾤετο

296 2387 533 2446 πίστεως
591 2385 680 2439 καὶ
741 2381 1067 2457 προθυμίας,
1128 2381 1290 2455 ἀπῄει
1349 2379 1576 2449 ἑκάστης
1641 2375 1946 2454 ἑϐδομάδος

296 2475 538 2556 ἔφιππος
581 2473 668 2529 διὰ
717 2474 818 2542 τῆς
868 2471 1152 2548 λεωφόρου
1211 2470 1296 2524 ἐπὶ
1353 2471 1443 2524 τὸν
1501 2467 1551 2524 έν
1608 2467 1945 2545 Βλαχέρναις

297 2555 400 2636 τῆς
432 2566 782 2637 Θεομητορος
812 2568 952 2626 θεῖον
981 2560 1131 2626 ναὸν,
1168 2559 1269 2614 ὑπὸ
1311 2564 1418 2614 τῶν
1472 2555 1788 2636 δορυφόρων
1839 2579 1941 2612 πα-

301 2653 748 2732 ραπεμπόμενος.
821 2649 1016 2723 Ἀπῄει
1071 2647 1128 2703 δὲ
1176 2652 1303 2702 πᾶσι
1358 2649 1478 2720 μὲν,
1517 2643 1941 2722 προηγουμένως

299 2743 356 2800 δὲ
385 2750 501 2805 τοῖς
534 2739 908 2814 ἀδικουμένοις
941 2735 1124 2799 διδοὺς
1156 2737 1364 2809 ἑαυτὸν,
1416 2736 1488 2797 ὡς
1541 2735 1601 2789 ἄν
1649 2733 1828 2814 ἔχοιεν
1877 2735 1944 2791 τά

297 2833 474 2888 αὐτῶν
513 2825 874 2905 έκτραγῳδεῖν
931 2823 1248 2898 ἀδικήματα
1301 2823 1390 2879 καὶ
1447 2825 1523 2899 μή
1582 2825 1730 2900 παρά
1783 2827 1942 2879 τινῶν

299 2921 606 2979 κωλύοιντο
636 2917 838 2974 ἀδίκων
886 2915 1254 2994 ὑφορωμένων
1310 2916 1408 2984 τήν
1451 2912 1500 2985 ἐξ
1550 2915 1716 2969 αὐτοῦ
1762 2935 1942 2987 τιμωο

297 3014 438 3091 ρίαν,
467 3013 562 3068 εἶθ’
592 3012 678 3066 ’ἰνα
707 3009 796 3066 καὶ
828 3008 962 3064 κατά
1005 3010 1103 3077 την
1159 3006 1361 3081 ἀγοράν
1411 3003 1766 3082 διερχόμενος
1819 3006 1944 3059 θεα-

288 3104 395 3172 τὴς
442 3104 654 3176 γένοιτο
715 3103 823 3155 τῶν
881 3095 1080 3154 ὠνίων.
1140 3096 1354 3171 ἹῙρώτα
1403 3096 1493 3151 οὗν
1535 3095 1655 3170 περῖ
1717 3092 1942 3150 ἑκάστου

286 3197 396 3248 τῶν
464 3187 946 3266 πιπρασκομένων,
1008 3185 1180 3240 πόσου
1273 3184 1564 3254 πωλεῖται,
1655 3180 1940 3261 γινόμενος

286 3282 422 3339 κατά
460 3284 558 3351 τὴν
603 3280 822 3354 ἀγορά).
873 3278 1088 3352 ἸΙρώτα
1140 3273 1196 3330 δὲ
1245 3274 1308 3330 οὐ
1366 3273 1668 3350 παρέργως,
1733 3269 1936 3327 οὐδ’ἐν

280 3371 361 3427 ἐνὶ
393 3367 548 3437 εἶ’δει,
583 3366 712 3425 ἀλλ’
744 3367 830 3422 ἐπί
871 3386 929 3420 τε
974 3369 1092 3427 τοῖς
1153 3365 1388 3439 βρωτοῖς
1452 3363 1538 3417 καὶ
1589 3367 1704 3424 τοῖς
1747 3367 1936 3425 ποτοῖς

285 3461 376 3517 καὶ
407 3463 524 3522 τοῖς
550 3457 626 3522 εἷς
674 3455 869 3530 Θάλψιν
920 3451 1257 3522 ἐπιτηδείοις
1298 3452 1644 3531 ἀμφιάσμασι
1692 3451 1783 3506 καὶ
1830 3455 1935 3505 πᾶ-

296 3572 378 3604 σιν
411 3547 601 3609 ἀπλῶς
632 3551 753 3608 τοῖς
798 3545 934 3599 κατά
979 3545 1078 3612 τήν
1139 3543 1335 3618 ἀγοράν
1378 3542 1782 3616 προκειμένοις,
1831 3541 1934 3598 Καὶ

290 3637 378 3696 διὰ
410 3641 620 3694 πάντων
652 3633 870 3703 πολλὴν
931 3628 1272 3688 ἐπεδείκνυτο
1324 3627 1564 3699 σπουδὴν
1613 3630 1701 3685 καὶ
1751 3630 1935 3704 ἐπιμέ-

291 3729 442 3786 λειαν
472 3725 701 3802 πρὸςτά
728 3725 905 3791 κοινὰ,
940 3725 1029 3776 νῦν
1081 3721 1177 3794 μὲν
1228 3719 1278 3775 ἐν
1329 3721 1655 3796 κριτηρίοις,
1708 3724 1799 3774 νῦν
1855 3719 1932 3788 δὲ,

289 3821 362 3880 ὡς
396 3817 631 3892 εἷ’ρηται,
664 3816 798 3870 κατά
846 3812 942 3876 τάς
990 3809 1259 3886 προόδους
1302 3817 1402 3880 τῆς
1449 3806 1777 3884 ἑϐδομάδος.
1837 3811 1934 3866 Καί

291 3927 423 3962 ποτε
455 3904 633 3960 δὲκαὶ
683 3901 1038 3978 ψυχαγωγίας
1084 3899 1246 3976 χάριν
1297 3899 1620 3974 προκύπτων
1670 3899 1776 3954 ἀπὸ
1823 3904 1933 3955 τῶν

290 3996 425 4068 πρὸς
485 3991 754 4056 θάλασσαν
806 3995 902 4044 τοῦ
948 3987 1218 4045 παλατίου
1266 3993 1466 4064 τειχῶν
1517 3987 1768 4045 ἐθεάσατο
1809 3994 1934 4044 ναῦν

291 4083 416 4137 τινά
448 4078 782 4153 μυριοφόρον
812 4077 862 4146 ἐξ
913 4077 1103 4151 οὐρίας
1151 4074 1418 4131 πλέουσαν
1466 4076 1932 4149 ἀναπεπταμένοις

293 4169 360 4238 δὴ
393 4174 511 4230 τοῖς
545 4165 764 4233 ἱστίοις,
799 4163 1009 4240 μεγέθει
1057 4185 1115 4218 τε
1166 4159 1573 4239 ἀνυπέρϐλητον
1619 4165 1708 4220 καὶ
1767 4165 1935 4242 ἀπαρ-

289 4257 533 4333 άμιλλον
583 4255 800 4312 κάλλει·
860 4251 926 4323 ἤν
986 4255 1309 4326 θεασάμενος
1369 4252 1444 4314 είς
1504 4249 1714 4328 θάμϐος
1769 4253 1935 4310 ἐνέπι-

288 4371 436 4405 πτεν.
473 4347 687 4422 Ἠρώτα
719 4342 766 4399 δ’
801 4343 953 4417 ὅμως
1004 4341 1150 4403 τίνος
1197 4361 1255 4396 τε
1285 4343 1320 4411 ἡ
1354 4340 1520 4404 ὀλκάς
1571 4342 1653 4414 εἴη
1703 4345 1792 4398 καὶ
1824 4346 1853 4400 δ
1880 4366 1931 4400 τι

287 4439 440 4516 φέροι
463 4440 570 4491 τῶν
595 4431 914 4508 ἀγωγίμων.
939 4433 1025 4493 Ὠς
1046 4427 1102 4484 δὲ
1123 4437 1224 4499 τῆς
1257 4431 1572 4504 Αύγούστης
1595 4434 1732 4486 εἶναι
1764 4431 1933 4505 ἐμάν-

287 4529 430 4597 θανε,
465 4525 590 4580 τότε
622 4523 718 4597 μέν
758 4520 1070 4598 έφησύχασε
1099 4519 1188 4574 καὶ
1237 4519 1559 4595 παρέπεμψε
1605 4522 1696 4576 τὸν
1747 4524 1933 4598 καιρὸν

288 4615 418 4691 ἄχρι
449 4614 541 4670 καὶ
571 4615 637 4682 ἧς
665 4610 850 4666 ε’ἰωθεν
883 4611 1097 4682 ἡμέρας
1129 4608 1342 4662 ἀπιέναι
1374 4609 1510 4683 πρὸς
1557 4610 1651 4664 τὸν
1701 4608 1752 4665 ἐν
1789 4611 1928 4668 Βλα-

2113 1132 2248 1188 Haec
2278 1134 2582 1208 Theophili
2615 1137 2929 1210 principia-
2960 1139 3097 1204 Quae
3129 1144 3331 1195 secuta
3370 1146 3508 1195 sunt
3555 1141 3688 1196 lau-

2046 1219 2179 1276 dem
2211 1239 2325 1278 non
2354 1232 2677 1282 merentur.
2703 1227 3160 1299 Sanejustitiam
3186 1227 3387 1283 colens
3408 1229 3684 1284 omnibus

2045 1312 2220 1368 malis
2252 1316 2432 1371 metui
2461 1316 2750 1389 bonisque
2781 1319 3159 1375 admirationi
3195 1325 3356 1384 erat;
3392 1319 3502 1384 his,
3527 1319 3685 1389 quod

2048 1418 2182 1456 eum
2215 1402 2438 1460 bonum
2469 1423 2536 1460 ac
2557 1406 2726 1462 malis
2750 1409 3032 1464 infestum
3058 1426 3070 1475 ;
3105 1407 3246 1475 illis,
3275 1407 3432 1478 quod
3457 1424 3689 1480 gravem

2049 1497 2470 1566 austerumque
2493 1496 2854 1568 judicarent.
2889 1498 3000 1554 Sed
3030 1514 3149 1553 non
3181 1489 3373 1568 potuit
3412 1497 3689 1553 omnibus

2049 1597 2248 1638 carere
2279 1583 2460 1641 vitiis.
2501 1587 2644 1642 Nam
2696 1588 2930 1642 tametsi
2980 1603 3174 1644 veram
3234 1587 3691 1659 amplecteretur

2050 1671 2419 1744 religionem,
2453 1676 2638 1748 magis
2671 1681 2868 1732 tamen
2899 1694 2934 1732 a
2963 1682 3129 1748 patre
3167 1677 3240 1732 ad
3289 1693 3350 1731 se
3399 1677 3687 1731 devolutaa

2051 1759 2300 1833 impurus
2359 1764 2927 1836 imaginiperdarum
2977 1767 3190 1822 haaresi
3245 1766 3480 1821 deditus
3539 1771 3690 1832 erat,

2051 1850 2298 1922 piosque
2331 1854 2491 1907 omni
2524 1855 2614 1908 sui
2646 1855 2878 1928 imperii
2910 1861 3175 1926 tempore
3216 1855 3481 1910 exercuit
3509 1854 3692 1910 male-

2052 1939 2227 2009 ﬁelis,
2269 1941 2496 1996 nullam
2527 1943 2598 1997 iis
2629 1945 2890 2014 quietem
2920 1945 3290 2015 permittens.
3319 1945 3522 2014 Itaque
3555 1950 3612 1998 et
3632 1944 3693 1999 in

2049 2027 2205 2082 bello
2236 2045 2542 2101 nunquam
2575 2032 2733 2086 vicit.
2775 2032 2877 2088 sed
2908 2049 3142 2104 semper
3164 2033 3558 2088 succubuitac
3587 2033 3695 2089 do-

2051 2134 2211 2173 mum
2236 2135 2357 2174 non
2370 2121 3199 2194 convenienterimperatorim
3213 2122 3481 2194 dignitati
3497 2123 3692 2177 rediit.

2049 2208 2345 2264 Justitiam
2373 2226 2510 2282 ergo
2533 2210 2735 2266 colens
2759 2216 2837 2278 et,
2860 2218 2926 2266 ut
2948 2212 3212 2283 putabat,
3238 2227 3373 2284 erga
3393 2211 3692 2265 Christum

2051 2297 2298 2367 ejusque
2328 2301 2570 2352 Matrem
2602 2300 2884 2370 pietatem
2917 2300 3162 2372 singulis
3211 2299 3558 2370 septimanis
3589 2315 3696 2370 per

2049 2385 2200 2440 viam
2220 2386 2518 2457 publicam
2535 2388 2890 2444 satellitibus
2909 2390 3157 2460 stipatus
3171 2388 3245 2443 ad
3259 2389 3690 2444 Blachernense

2049 2474 2312 2546 Deiparee
2345 2475 2547 2531 fanum
2605 2477 2944 2546 equitabat;
2981 2478 3252 2548 interque
3305 2477 3693 2547 equitandum

2049 2564 2326 2620 omnibus
2348 2565 2605 2620 maxime
2632 2565 2870 2637 injuriis
2887 2567 3114 2622 affectis
3136 2565 3470 2629 vacabat,ut
3491 2566 3530 2618 ii
3557 2581 3692 2620 suas

2049 2653 2322 2724 querelas
2352 2671 2686 2725 proponere
2717 2661 2978 2726 possent,
3012 2672 3206 2726 neque
3229 2655 3299 2709 ab
3333 2653 3603 2709 sontibus
3631 2659 3690 2709 et

2048 2760 2282 2814 pmnam
2311 2745 2713 2800 metuentibus
2746 2745 3196 2816 impedirentur.
3250 2744 3436 2798 Simul
3485 2748 3543 2797 et
3580 2760 3688 2814 per

2047 2835 2240 2889 forum
2273 2834 2546 2904 equitans
2576 2850 2670 2888 res
2715 2834 2948 2890 venales
2995 2835 3150 2889 902
3196 2833 3567 2904 inspiciebat,
3620 2847 3690 2888 ac

2048 2921 2120 2975 de
2152 2920 2340 2992 pretio
2373 2919 2794 2991 interrogabat,
2826 2936 3019 2990 neque
3053 2919 3244 2974 obiter
3273 2919 3404 2987 hoc,
3438 2925 3540 2973 aut
3568 2935 3689 2974 una

2050 3014 2276 3065 tantum
2311 3009 2510 3080 aliqua
2538 3025 2622 3077 re,
2657 3009 2759 3064 sed
2790 3009 2861 3064 de
2892 3009 2966 3064 iis
2997 3025 3128 3080 quae
3159 3009 3284 3064 esui
3318 3014 3457 3062 sunt
3493 3024 3561 3062 ac
3591 3025 3690 3078 po-

2051 3100 2133 3156 tui
2165 3099 2236 3155 de
2267 3099 2526 3156 vestibus
2555 3099 2804 3155 fovendo
2837 3099 3068 3170 corpori
3101 3099 3274 3170 aptis,
3296 3104 3352 3152 et
3373 3098 3434 3152 in
3462 3098 3693 3154 univer-

2050 3206 2182 3248 sum
2213 3189 2487 3244 omnibus
2519 3205 2650 3260 quaa
2690 3189 2751 3244 in
2796 3189 2923 3244 foro
2972 3188 3319 3259 prostabant
3371 3187 3688 3242 mercibus.

2051 3279 2337 3336 Omnibus
2367 3283 2566 3333 autem
2598 3278 2658 3332 in
2689 3277 2866 3334 rebus
2899 3293 3173 3350 magnam
3223 3278 3284 3331 in
3337 3276 3598 3332 curanda
3626 3293 3690 3332 re

1968 3341 2010 3410 (ἶ
2047 3368 2282 3442 publica
2313 3367 2679 3440 diligentiam
2697 3341 3100 3434 ostendit,non
3119 3367 3178 3421 in
3196 3366 3287 3422 his
3306 3367 3367 3422 in
3385 3364 3690 3437 publicum

2044 3458 2220 3515 modo
2269 3457 2707 3529 septimanatim
2757 3456 3186 3528 progressibus,
3239 3455 3342 3510 sed
3389 3455 3565 3510 etiam
3624 3456 3684 3510 in

2037 3546 2301 3620 judiciis.
2363 3545 2695 3617 Aliquando
2745 3545 2927 3600 animi
2977 3546 3156 3600 causa
3196 3543 3567 3615 prospiciens
3616 3543 3688 3598 de

2043 3654 2213 3694 muro
2235 3636 2436 3708 palatii
2463 3636 2560 3707 qui
2586 3640 2676 3690 est
2701 3651 2902 3689 versus
2927 3649 3108 3700 mare,
3134 3634 3327 3688 navim
3350 3632 3688 3688 onerariam

2044 3727 2188 3782 vidit
2219 3725 2413 3798 plenis
2443 3724 2585 3781 velis
2615 3740 2682 3779 ac
2714 3722 2972 3778 secundo
2995 3727 3166 3776 vento
3189 3721 3506 3793 appellere,
3533 3721 3689 3776 mole

2045 3831 2111 3871 ac
2143 3813 2549 3886 magnitudine
2571 3829 2772 3884 parem
2794 3811 3022 3867 nullam
3045 3811 3156 3865 sibi
3183 3811 3521 3866 habentem.
3549 3811 3689 3866 Eam

2045 3922 2180 3962 cum
2212 3903 2606 3960 admiratione
2637 3900 3092 3972 contemplatus,
3118 3900 3430 3971 cujusnam
3456 3904 3610 3954 esset
3631 3903 3688 3954 et

2046 3993 2185 4064 quid
2219 4009 2418 4048 rerum
2451 3991 2766 4047 adveheret
2796 3990 3194 4061 interrogavit.
3230 3991 3372 4043 Cum
3405 4005 3535 4043 eam
3566 3991 3685 4042 Au-

2044 4088 2227 4157 gustae
2261 4097 2390 4136 esse
2418 4080 2741 4148 didicisset,
2799 4078 3090 4150 acquievit
3135 4078 3195 4132 in
3245 4078 3581 4150 praesentia,
3633 4081 3692 4132 et

2045 4171 2203 4228 diem
2249 4171 2606 4242 exspectavit
2660 4185 2775 4240 quo
2825 4168 2900 4222 ad
2951 4167 3445 4222 Blachernensem
3498 4167 3689 4221 mdem

2046 4262 2236 4316 iturus
2266 4265 2410 4315 erat.
2444 4261 2708 4328 Cumque
2751 4273 2818 4312 ea
2848 4257 3192 4328 appetisset,
3243 4257 3453 4311 deduci
3504 4273 3565 4310 se
3615 4255 3690 4310 ad

2044 4350 2211 4405 navis
2268 4349 2394 4421 ejus
2444 4349 2760 4403 stationem
2800 4347 3000 4418 jussit,
3055 4347 3355 4418 puppique
3405 4347 3690 4400 assistens

2043 4456 2144 4496 eos
2183 4439 2279 4509 qui
2314 4438 2560 4494 aderant
2589 4436 2904 4508 aliquoties
2933 4440 3314 4507 percontatus
3346 4441 3453 4499 est,
3479 4434 3688 4489 cibone

2041 4527 2259 4598 aliquis
2290 4527 2553 4596 ipsorum
2585 4530 2686 4580 aut
2715 4524 2848 4579 vino
2880 4529 2983 4580 aut
3009 4524 3132 4580 ulla
3161 4523 3279 4579 alia
3308 4539 3370 4577 re
3403 4523 3690 4578 destitue-

2040 4621 2227 4671 retur.
2257 4616 2400 4669 Cum
2433 4631 2586 4686 sape
2619 4613 2962 4686 interrogati
3004 4613 3096 4667 vix
3145 4613 3387 4668 tandem
3438 4628 3686 4684 respon-

289 4709 507 4782 χέρναις
539 4705 684 4759 θεῖον
716 4699 862 4755 ναόν.
913 4698 1002 4758 Ὠς
1055 4694 1100 4751 δ’
1145 4693 1256 4766 ἤδη
1309 4703 1488 4770 παρῆν
1519 4699 1554 4768 ἦ
1585 4697 1743 4770 κυρία
1790 4701 1880 4756 καί
1908 4702 1936 4758 δ

2047 4705 2274 4771 derent,
2310 4704 2391 4759 ita
2421 4703 2532 4758 sibi
2592 4703 2970 4774 imperatoris
3021 4701 3263 4757 solertia
3310 4708 3687 4774 prospectum

288 4799 384 4850 τοῦ
413 4791 613 4849 πλοίου
645 4788 816 4865 ὅρμος
859 4783 1030 4855 δῆλος
1080 4783 1320 4860 ἐγεγόνει
1362 4791 1442 4858 τῷ
1495 4786 1715 4862 βασιλεῖ
1765 4801 1936 4855 πυθο-

298 4885 444 4958 μένῳ
475 4881 618 4956 παρά
647 4899 817 4947 τινος,
857 4883 956 4947 τῆς
990 4876 1065 4937 εἰς
1097 4877 1232 4932 αὐτὸ
1266 4876 1536 4953 φερούσης
1569 4876 1698 4934 ὁδοῦ
1729 4879 1933 4956 εἴχετο,

287 4974 380 5029 καὶ
415 4969 722 5041 πλησιάσας
781 4965 907 5037 ἔστη
967 4969 1116 5042 παρά
1171 4968 1272 5036 τήν
1330 4972 1606 5041 πρύμναν,
1665 4969 1754 5025 καῖ
1808 4972 1933 5033 τοὺς

288 5061 563 5136 παρόντας
594 5059 784 5134 ἠρώτα
813 5055 1088 5117 πολλάκις
1123 5057 1250 5110 ὅτου
1297 5077 1380 5118 τις
1426 5052 1543 5133 ἔχει
1586 5059 1774 5134 χρείαν
1825 5065 1931 5116 τῶν

287 5151 604 5228 ἀγωγίμων,
639 5152 790 5203 σίτου
819 5147 988 5222 τυχὸν
1091 5145 1236 5201 οἴνου
1267 5148 1302 5217 ἢ
1334 5145 1509 5203 ἄλλου
1538 5149 1686 5214 τινὸς
1729 5149 1930 5215 εἷ’δους.

288 5246 374 5318 [Ρ.
404 5240 532 5312 515]
562 5239 650 5298 Ὠς
681 5233 738 5290 δὲ
785 5234 1058 5296 πολλάκις
1109 5233 1467 5307 ἐρωτηθέντες
1521 5237 1655 5311 ἅπαξ
1705 5239 1934 5315 ἀπεκρί-

291 5343 460 5399 θησαν
501 5326 592 5380 καὶ
627 5323 788 5397 μόλις
823 5321 1051 5396 μηδενὸς
1082 5321 1360 5386 λείπεσθαι
1389 5325 1517 5386 τοὺς
1553 5325 1656 5380 ὑπὸ
1684 5333 1784 5396 τῆς
1831 5335 1932 5397 σῆς

288 5411 780 5495 προμηθουμένους
841 5409 1156 5473 δεσποτείας
1213 5411 1305 5466 καὶ
1366 5411 1664 5488 βασιλείας,
1717 5439 1738 5465 ι
1773 5414 1932 5471 Ἀλλ’

291 5508 390 5566 οὐκ
421 5505 534 5561 ἴστε
565 5501 656 5572 δὴ,
689 5496 792 5579 ἔφη
834 5501 862 5556 ὁ
898 5499 1154 5576 βασιλεὺς
1187 5527 1214 5554 ‹‹
1248 5501 1332 5558 ὅτι
1386 5523 1452 5575 με
1498 5504 1602 5558 ὕπὸ
1651 5509 1785 5560 Θεοῦ
1834 5506 1931 5580 βα-

290 5595 446 5653 σιλέα
483 5590 844 5670 γεγενημένον
873 5593 908 5660 ἡ
941 5589 1219 5666 Αὖγοῦστά
1251 5612 1356 5665 μου
1396 5592 1486 5648 καὶ
1534 5588 1764 5666 σύμϐιος
1802 5593 1932 5649 ναύ-

2048 4811 2176 4850 esse
2207 4798 2272 4848 ut
2300 4793 2525 4849 nullius
2556 4793 2642 4848 rei
2683 4792 2944 4848 sentiant
2993 4793 3326 4862 penuriam,
3384 4813 3405 4840 ι
3440 4792 3690 4847 Nescitis

2045 4899 2199 4951 vero,
2235 4905 2263 4934 »
2296 4883 2397 4950 ait,
2434 4903 2459 4934 ι
2492 4881 2649 4953 quod
2667 4897 2756 4936 me
2782 4881 3244 4952 divinitusi908
3267 4881 3688 4951 imperatorem

2043 4973 2263 5028 factum
2284 4988 2434 5028 uxor
2456 4987 2589 5026 mea
2609 4976 2667 5024 et
2688 4972 2947 5042 Augusta
2968 4970 3315 5024 nauclerum
3337 4968 3685 5023 reddidit?»

2043 5058 2389 5130 addiditque
2421 5057 2820 5128 indignanter.
2859 5078 2884 5106 α
2909 5056 3116 5110 Fuitne
3143 5055 3256 5110 nlla
3279 5070 3544 5124 unquam
3570 5059 3684 5109 Au~

2042 5154 2232 5221 gusta,
2267 5165 2397 5219 quae
2433 5146 2710 5203 maritum
2753 5162 2925 5202 suum
2959 5150 3345 5201 mercatorem
3378 5144 3633 5200 viderit?
3657 5167 3684 5194 η

2044 5240 2176 5293 Hanc
2207 5237 2360 5292 fatus
2391 5235 2701 5291 confestim
2745 5235 3014 5289 homines
3053 5249 3196 5287 nave
3238 5233 3435 5303 egredi
3479 5233 3683 5304 jussit,

2043 5327 2211 5382 nulla
2273 5344 2336 5381 re
2403 5331 2726 5397 exportata,
2797 5339 3125 5393 navemque
3190 5323 3458 5377 comburi
3544 5325 3686 5396 ipsis

2044 5432 2178 5471 cum
2210 5415 2356 5470 velis
2407 5418 2465 5469 et
2519 5413 2795 5468 omnibus
2853 5411 3168 5467 mercibus.
3199 5413 3429 5468 Acriter
3485 5421 3684 5470 autem

2047 5509 2364 5578 Augustam
2396 5501 2743 5575 objurgavit,
2778 5501 3037 5556 minatus
3069 5500 3119 5556 ei
3145 5501 3412 5569 exitium,
3438 5503 3485 5558 si
3509 5521 3684 5576 porro

2042 5593 2268 5665 aliquid
2297 5593 2414 5648 tale
2453 5591 2710 5659 fecisset,

289 5685 498 5764 κληρον
531 5682 942 5760 ἀπειργάσατο;
979 5703 1008 5733 ››
1041 5677 1340 5757 [Ιροσέθετο
1390 5678 1448 5738 δὶ
1497 5685 1632 5757 μετά
1673 5685 1889 5762 πικρίας
1937 5682 2024 5739 καὶ
2074 5685 2255 5737 τοῦτο·
2312 5680 2462 5743 «Τίς
2511 5699 2644 5734 ποτε
2693 5675 2918 5753 βασιλέα
2974 5677 3260 5754 Ῥωμαίων
3360 5683 3458 5750 τὴν
3519 5681 3680 5736 αὐτοῦ
