4054 6286
409 328 525 386 98Ἰ

415 457 660 533 γαμετὴν
714 448 954 527 ἔμπορον
1010 451 1312 519 ἐθεάσατος

1757 320 2086 381 GEORGII
2132 320 2473 382 CEDRENI
3676 324 3770 382 988

1377 475 1404 503 »
1456 453 1637 508 Ταῦτα
1694 449 1752 506 δὶ
1820 449 1986 506 εἰπὼν
2047 449 2321 506 ἐκᾶλευσεν
2379 435 2629 529 αὖθωρὺν
2699 451 2895 526 μόνους
2980 450 3209 526 ἐξελθεῖν
3287 452 3413 515 τοὺς
3469 451 3771 524 ἀνθρώπους,

412 546 511 613 τήν
554 541 610 598 δὲ
636 545 761 597 ναῦν
794 542 1004 611 ἐκείνην
1039 538 1374 614 παραδοῦναι
1404 541 1532 595 πυόὶ
1565 540 1749 601 αὐτοῖς
1797 539 1991 600 ἴστίοις
2046 538 2136 594 καὶ
2193 545 2311 603 τοῖς
2368 539 2560 605 ἂλλοις
2623 540 2816 597 ἅπασιν
2877 542 3204 618 ἀγωγίμοις.
3268 535 3556 614 Περιέϐαλε
3611 537 3661 594 δὲ
3702 542 3773 594 καὶ

417 635 515 701 τήν
547 630 826 686 δέσποιναν
861 625 1066 705 ὕϐρεσι,
1098 631 1186 684 καὶ
1216 638 1318 699 τῆς
1351 637 1499 699 ζωῆς
1528 629 1800 706 ἐξαγαγεῖν
1841 627 2140 698 ἠπείλησεν
2174 629 2217 684 εἰ
2251 632 2527 708 φωραθείη
2565 629 2747 686 ἔκτοτε
2775 632 3022 686 τοιοῦτόν
3053 653 3102 685 τι
3134 634 3385 687 ποιοῦσα.

483 720 2062 795 NomenAugustaefuitTheodora.patriaPaphlagonia:
2096 725 2145 788 Α

417 817 695 885 parentes
725 812 986 867 Marinus
1014 811 1100 865 vir
1129 827 1248 865 non
1283 810 1578 883 ignobilis,
1633 815 1691 863 et
1733 810 2067 865 Theoctista

420 907 813 973 cognomento
845 899 1098 967 Florina,
1130 900 1225 969 pie
1257 904 1505 968 uterque
1539 897 1842 961 educatus,
1874 915 2067 969 neque

417 991 751 1047 divinarum
783 989 1111 1060 imaginum
1143 987 1583 1042 venerationem
1624 987 1906 1052 difﬁtens,
1965 989 2068 1042 sed

415 1080 836 1136 ardentissimo
869 1095 998 1133 eam
1033 1078 1235 1133 colens
1266 1078 1478 1133 studio.
1531 1079 1825 1134 Coronata
1880 1081 2071 1132 Theo-

418 1169 584 1235 dora,
616 1174 807 1223 mater
839 1185 1074 1238 quoque
1109 1168 1238 1238 ejus
1268 1168 1601 1222 Theoctista
1631 1173 1802 1222 zostaa
1860 1172 1919 1221 et
1966 1184 2071 1238 pa-

419 1257 607 1312 triciae
641 1257 926 1328 dignitate
961 1261 1171 1311 ornata
1202 1262 1308 1310 est.
1335 1257 1414 1310 Ea
1445 1256 1687 1311 domum
1711 1256 1917 1310 habuit
1937 1273 2070 1326 pro-

426 1346 652 1400 ximam
685 1345 949 1400 Gastriis.
976 1347 1045 1398 Et
1077 1344 1230 1400 ﬁlias
1260 1344 1580 1398 Theodoree
1635 1344 1706 1399 ad
1757 1362 1816 1399 se
1865 1345 2072 1399 crebro

420 1436 674 1490 invitans
724 1434 1012 1504 (quinque
1067 1439 1240 1489 erant
1285 1451 1557 1500 numero,
1599 1435 1831 1500 Thecia,
1879 1438 2071 1502 Anna,

419 1524 750 1592 Anastasia,
789 1523 1102 1578 Pulcheria
1125 1529 1181 1578 et
1197 1524 1396 1589 Maria)
1421 1541 1488 1578 ac
1510 1524 1685 1578 variis
1702 1524 2072 1590 muneribus,

419 1613 604 1684 quibu
627 1612 982 1667 sdemulceri
1014 1612 1063 1665 is
1095 1628 1271 1666 sexus
1303 1612 1475 1678 solet,
1508 1611 1844 1674 blandiens,
1911 1629 2074 1667 seor-

427 1703 539 1756 sim
574 1703 878 1756 exhortata
909 1708 998 1755 est
1028 1707 1092 1756 ut
1124 1718 1302 1772 supra
1333 1717 1506 1756 suum
1540 1719 1743 1756 sexum
1779 1706 2075 1772 saperent,

424 1792 774 1861 animosque
806 1791 999 1845 viriles
1031 1795 1089 1844 et
1127 1796 1398 1845 materna
1447 1790 1684 1845 fortuna
1723 1776 1930 1862 dignos
1980 1808 2076 1845 su-

430 1885 682 1945 merent,
717 1879 1192 1949 abominataaque
1224 1880 1408 1950 patris
1439 1879 1692 1934 haeresin
1724 1896 1919 1934 sacras
1948 1895 2073 1934 am-

427 1968 832 2040 plecterentur
889 1969 1198 2039 imagines.
1259 1969 1442 2022 Simul
1496 1974 1555 2022 et
1608 1984 1676 2022 ex
1733 1969 1882 2024 cista
1939 1985 2079 2038 qua-

2247 721 2499 792 Ὥρμητο
2534 718 2579 775 δ’
2613 724 2646 790 ἡ
2683 722 2899 795 βασιλὶς
2931 717 3182 794 Θεοδώρα
3210 719 3271 774 ἐκ
3323 727 3422 788 τῆς
3472 719 3648 794 χώρας
3687 725 3774 774 τῶν

2174 806 2570 886 Παφλαγόνων,
2604 812 2929 886 γεννήτορας
2963 810 3213 883 αὐχοῦσα
3257 811 3494 884 Μαρῖνον
3533 808 3623 862 οὐκ
3665 809 3777 879 ἄση-

2177 918 2276 969 μον
2309 893 2475 970 ἄνδρα
2505 897 2592 952 καὶ
2627 900 2837 973 μητὲρα
2895 897 3218 966 Θεοκτίστην
3264 899 3360 964 τήν
3411 895 3552 950 οὕτω
3593 897 3777 972 Φλωρῗ-

2173 1007 2264 1040 ναν
2320 987 2859 1060 κατονομαζομένην,
2929 987 3273 1066 ἀμφοτέρους
3359 981 3597 1057 εὐσεϐείᾳ
3663 985 3778 1041 ἐντε-

2176 1076 2526 1148 θραμμένους
2557 1077 2647 1130 καὶ
2679 1078 2778 1146 τὴν
2823 1081 2930 1130 τῶν
2982 1080 3190 1130 σεπτῶν
3241 1074 3462 1130 εἰκόνων
3511 1077 3783 1149 προσκύνη-

2175 1185 2256 1218 σιν
2315 1164 2412 1219 οὐκ
2477 1163 2901 1240 ἐξαρνουμένους
2987 1165 3062 1224 ὡς
3145 1166 3261 1219 κατ’
3365 1164 3538 1218 ἐκεῖνο
3622 1164 3780 1226 πάντες

2175 1259 2386 1327 κειροῦ,
2420 1253 2830 1327 ἀσπαζομένους
2861 1252 2919 1308 δὲ
2966 1255 3055 1308 καὶ
3109 1255 3604 1327 ἐνστερνιζομένους
3647 1255 3778 1327 ὑπερ-

2178 1344 2346 1422 φυῶς.
2383 1341 2691 1416 Διαδήματι
2750 1341 2805 1398 δέ
2869 1348 2970 1408 τῆς
3030 1341 3312 1417 Θεοδώρας
3372 1343 3778 1419 καταστεφθείσης

2177 1434 2267 1487 καὶ
2299 1435 2332 1501 ἡ
2364 1431 2565 1503 ταύτης
2601 1435 2787 1507 μήτηρ
2820 1433 3116 1503 Θεοκτίσπη
3161 1435 3339 1502 ζωστή
3391 1453 3452 1486 τε
3493 1432 3579 1486 καὶ
3623 1453 3780 1506 πατρι-

2177 1521 2265 1577 κία
2299 1524 2408 1595 (85)
2437 1523 2722 1595 τετίμητο.
2756 1521 2906 1593 Αὖτη
2937 1520 2984 1576 δ’
3031 1523 3124 1576 οὖν
3158 1525 3191 1591 ἡ
3221 1523 3523 1592 Θεοκτίστη
3571 1522 3692 1575 κατά
3715 1523 3785 1576 τὸν

2179 1613 2377 1680 ἒακτῆς
2408 1614 2556 1666 οἷκον
2588 1609 2808 1688 ἔγγιστα
2840 1609 3181 1684 διακείμενον
3212 1617 3319 1665 τῶν
3388 1612 3674 1684 Γαστρίων,
3715 1613 3786 1672 τὰς

2179 1707 2279 1768 τῆς
2310 1697 2593 1766 Θεοδώρας
2629 1698 3083 1772 μετακαλουμένη
3136 1697 3338 1760 παῖδας
3391 1700 3562 1772 (πέντε
3591 1696 3641 1753 δὲ
3674 1699 3783 1766 ἦσαν

2179 1789 2270 1843 τὸν
2301 1788 2556 1862 ἀριθμὸν,
2589 1789 2623 1857 ἢ
2656 1810 2714 1843 τε
2745 1788 2941 1856 Θέκλα,
2999 1791 3186 1857 “Αννα,
3241 1787 3584 1857 Ἀναστασία,
3633 1787 3784 1844 H00).-

2184 1878 2346 1952 χερία
2375 1898 2434 1932 τε
2463 1877 2553 1931 καῖ
2585 1878 2790 1952 Μαρία)
2822 1875 3020 1942 ἄλλαις
3046 1899 3104 1932 τε
3154 1875 3388 1952 δωρεαῖς
3441 1879 3526 1938 αἷς
3566 1876 3783 1950 {iamips-

2183 1972 2305 2026 σθαι
2337 1972 2400 2025 τὸ
2433 1969 2574 2040 θῆλυ
2605 1970 2836 2050 πέφυκεν
2889 1969 3180 2040 ἐδεξιοῦτο,
3231 1971 3324 2025 καὶ
3376 1969 3492 2040 ἲδίᾳ
3542 1969 3783 2043 παραλαμ-

427 2058 563 2112 dam
625 2057 1005 2128 depromptas
1066 2073 1166 2112 eas
1225 2058 1285 2111 in
1370 2073 1583 2112 manus
1642 2058 1798 2112 904
1865 2057 2079 2129 puellis

2192 2055 2423 2115 ϐάνουσα
2458 2061 2534 2133 μὴ
2571 2059 2960 2133 μαλακίζεσθαι
2997 2057 3136 2133 μηδὲ
3172 2058 3348 2130 μὲνειν
3409 2057 3646 2129 θηλείας,
3687 2056 3785 2128 ὅπερ

426 2147 610 2213 dedit,
641 2146 934 2216 facieique
967 2153 1025 2201 et
1055 2146 1228 2201 labiis
1260 2146 1537 2214 admovit,
1565 2152 1631 2201 ut
1661 2163 1866 2201 earum
1914 2164 2075 2202 amor

423 2254 550 2291 rem
584 2237 886 2290 excitaret.
923 2237 1043 2290 Hoc
1073 2252 1208 2291 cum
1239 2237 1336 2290 illa
1365 2235 1690 2290 identidem
1750 2241 1966 2307 ageret,
2015 2241 2082 2290 ut

420 2325 786 2381 desiderium
820 2325 1012 2380 cultus
1045 2325 1476 2379 venerabilium
1523 2325 1849 2396 imaginum
1883 2326 1944 2378 in
1975 2341 2084 2378 ne-

425 2414 624 2485 ptibus
668 2413 998 2482 accederet,
1051 2429 1171 2466 non
1219 2412 1429 2466 fefellit
1475 2413 1883 2484 Theophilum.
1936 2415 2080 2468 Nam

428 2505 480 2559 is
510 2505 832 2575 aliquando
865 2521 999 2559 cum
1034 2504 1184 2558 filias
1226 2503 1622 2575 interrogaret
1670 2503 1953 2574 quidnam
2009 2504 2080 2558 ab

429 2594 557 2649 avia
579 2593 869 2649 donorum
897 2593 1398 2664 accepissent,aut
1414 2593 1558 2663 quid
1573 2593 1788 2647 scitum
1801 2593 2080 2666 egissent,

426 2683 673 2754 reliquis
692 2683 1214 2750 interrsgationem
1240 2683 1368 2754 ejus
1382 2681 1560 2736 veluti
1583 2699 1787 2737 ansam
1813 2689 2084 2738 constan-

424 2778 516 2830 ter
547 2771 1005 2828 declinantibus.
1040 2772 1358 2827 Pulcheria
1389 2771 1624 2827 tenellae
1649 2773 1839 2828 aetatis
1860 2773 2083 2845 simpli-

427 2863 604 2918 citate
637 2862 832 2930 ducta,
868 2878 1045 2932 quam
1077 2861 1294 2916 blande
1316 2867 1580 2917 tractatae
1599 2868 1800 2917 essent
1818 2880 1885 2918 ac
1903 2880 2081 2934 quam

429 2953 603 3007 variis
635 2951 924 3007 fructibus
957 2951 1188 3006 donata;
1221 2967 1544 3022 exponens,
1587 2952 1904 3023 imaginum
1937 2968 2085 3022 quo-

430 3059 545 3113 que
569 3041 979 3097 adorationem
1001 3041 1282 3111 prodidit,
1301 3041 1442 3095 aviae
1465 3041 1526 3096 in
1553 3042 1699 3096 cista
1714 3041 1934 3096 multas
1955 3057 2083 3096 esse

430 3133 667 3202 Puppas
689 3130 914 3194 dicens,
940 3146 1086 3200 quas
1116 3129 1382 3200 ipsarum
1414 3129 1704 3200 capitibus
1738 3135 1795 3184 et
1824 3131 2078 3186 vultibus

430 3235 498 3274 ea
529 3223 662 3288 post
693 3217 895 3272 oscula
923 3217 1296 3287 applicuerit.
1332 3217 1414 3272 Ob
1464 3218 1590 3272 haec
1637 3217 1834 3272 furore
1882 3219 2074 3289 perci-

433 3313 527 3362 tus
548 3307 872 3377 imperator
883 3306 1094 3360 durius
1115 3312 1314 3362 tamen
1329 3307 1389 3360 in
1412 3324 1648 3362 socrum
1663 3313 1920 3363 statuere
1933 3308 2085 3364 nihil

435 3411 614 3450 ausus
647 3399 757 3460 est,
783 3393 1115 3449 reverentia
1144 3394 1343 3448 uxoris
1376 3400 1432 3450 et
1463 3395 1648 3449 multo
1679 3397 1865 3468 magis
1891 3397 2083 3468 1psius

2187 2150 2345 2219 ἦσαν,
2390 2149 2716 2222 ἐξελιπαρει,
2769 2146 3106 2223 ἀνδρίζεσθαι
3169 2145 3224 2202 δὲ
3280 2150 3371 2202 καὶ
3420 2154 3522 2217 τῆς
3581 2148 3786 2220 μητρῴπς

2186 2237 2366 2307 θηλῆς
2399 2237 2522 2308 ἄξια
2553 2235 2881 2292 διανοεῖσθαι
2931 2237 3021 2292 καὶ
3071 2237 3372 2315 πγέποντα.
3422 2238 3523 2304 τὴν
3573 2237 3782 2310 πατρῴαν

2189 2329 2283 2401 μὲν
2345 2327 2554 2403 α’ίρεσιν
2615 2327 3049 2402 μυσαττομένας,
3110 2329 3590 2401 κατασπαζομένας
3642 2324 3688 2380 δὲ
3717 2324 3783 2386 τὰς

2185 2422 2291 2472 τῶν
2351 2417 2514 2491 ἁγίων
2574 2417 2798 2472 εἷ’κόνων
2859 2419 3090 2495 μορφάς.
3172 2419 3278 2474 Καὶ
3340 2413 3458 2492 ἅμα
3509 2418 3684 2477 tat-511;
3722 2415 3775 2472 si:

2185 2511 2378 2583 χεῖρας
2411 2503 2767 2578 ἐμϐάλλουσα
2797 2505 3082 2584 (ἐφύλαττε
3112 2504 3168 2561 δὲ
3199 2501 3253 2560 ἐν
3301 2527 3412 2560 τινι
3457 2501 3699 2575 κιϐωτίῳ)
3726 2506 3783 2572 τῷ

2184 2615 2244 2650 τε
2303 2595 2583 2670 προσώπῳ
2641 2596 2730 2649 καὶ
2785 2601 2903 2659 τοῖς
2956 2593 3199 2670 χείλεσιν
3257 2596 3438 2650 αὐτῶν
3495 2593 3780 2663 ἐπιτιθεμένη

2185 2683 2402 2758 ἠγίαζε,
2435 2685 2522 2738 καὶ
2557 2684 2694 2758 πρὸς
2725 2684 2788 2738 τὸ
2823 2683 3045 2739 ἐκείνων
3076 2685 3364 2758 ἀνηρέθιζε
3396 2683 3632 2763 φίλτρον.
3654 2683 3785 2736 Τοῦτο

2188 2774 2279 2827 οὗν
2313 2770 2621 2847 ἐνδελεχῶς
2658 2774 2912 2842 ποιοῦσα,
2944 2773 3032 2828 καὶ
3061 2779 3182 2835 ταῖς
3212 2773 3464 2848 ἐγγόνοις
3485 2774 3571 2828 τὸν
3592 2772 3695 2845 περῖ
3718 2769 3784 2827 τὰς

2188 2862 2333 2923 θείας
2367 2860 2574 2924 εἶ’κόνας
2601 2865 2767 2917 πόθον
2801 2862 3108 2919 ἀνάπτουσα
3147 2862 3247 2918 οὐκ
3294 2860 3460 2918 ἔλαθε
3501 2862 3588 2917 τὸν
3636 2859 3785 2937 Θεόφι-

2189 2948 2286 3006 λον
2318 2951 2718 3024 πυνθανόμενον
2752 2950 2784 3006 ὅ
2809 2973 2861 3007 τι
2893 2956 2970 3022 ςτε
3020 2951 3203 3013 αὐταῖς
3254 2953 3404 3023 παρά
3449 2959 3547 3021 τῆς
3599 2950 3786 3024 μάμμης

2189 3037 2495 3114 δεδώρηται
2518 3041 2609 3095 καὶ
2640 3039 2670 3096 ὅ
2699 3063 2754 3096 τι
2786 3043 3024 3121 χάριτος
3055 3041 3393 3118 ἐξείργασται
3427 3041 3588 3113 ἄξιον.
3620 3039 3677 3094 Αἱ
3717 3037 3784 3109 μὶν

2189 3127 2283 3182 οὗν
2320 3127 2487 3184 ἄλλαι
2518 3129 2613 3190 τὰς
2643 3130 2840 3185 τούτου
2871 3129 3107 3195 πεύσεις,
3143 3130 3413 3204 σταθηρὸν
3443 3123 3656 3209 ἔχουσαι
3690 3123 3784 3201 φρό-

2190 3239 2363 3290 νημα,
2426 3217 2609 3292 ὥσπερ
2668 3218 2814 3280 τινὰς
2873 3214 3044 3280 λαϐὰς
3104 3218 3428 3294 ἐρρωμένως
3490 3217 3786 3293 παρέτρεχοψ

2194 3307 2229 3376 ἡ
2261 3305 2317 3361 δέ
2349 3305 2662 3384 Πουλχερία
2692 3310 2828 3362 κατά
2855 3309 2954 3378 τὴν
2988 3307 3212 3376 ἡλικίαν
3263 3308 3597 3378 νηπιᾶζουσα
3636 3303 3712 3364 τάς
3747 3321 3787 3354 τε

2196 3393 2599 3472 φιλοφροσύνας
2632 3395 2889 3470 κατέλεγε
2918 3397 3008 3450 καὶ
3057 3394 3121 3451 τό
3170 3394 3388 3465 πλῆθος
3439 3401 3546 3452 τῶν
3587 3396 3789 3466 ὀπωρῶν,

431 3449 784 3540 Theoctistaa
816 3481 1090 3536 libertate
1122 3482 1443 3553 impeditus
1474 3487 1632 3551 (nam
1678 3449 2084 3556 generumea

2208 3449 2219 3472 1
2315 3449 2460 3471 'II"’
2549 3449 2984 3470 '7‘7iﬂiv_"lvriﬂ
3073 3449 3113 3451 Vi
3214 3449 3386 3465 VV'V7‘
3453 3449 3536 3452 'vir
3692 3449 3700 3466 ³
3781 3449 3788 3455 ’

2196 3487 2502 3564 προσετίθει
2536 3485 2592 3542 δὲ
2617 3488 2704 3542 καὶ
2754 3489 2853 3557 τήν
2900 3493 3007 3541 τῶν
3070 3492 3275 3541 σεπτῶν
3334 3486 3560 3542 εἰκόνων
3605 3479 3788 3556 προσκύ-

435 3569 633 3642 palam
694 3569 1119 3637 insectabatur,
1179 3571 1773 3642 reprehendebatque
1851 3578 2092 3644 propter

438 3660 818 3732 quotidianas
849 3659 1258 3716 confessorum
1290 3662 1630 3717 vexationes
1671 3663 2086 3734 haaresimque,

437 3755 494 3807 et
522 3751 677 3806 ferre
711 3750 834 3805 sola
861 3749 1276 3806 universorum
1310 3752 1371 3806 in
1404 3767 1538 3806 eum
1583 3752 1719 3807 odia
1771 3753 2088 3823 patefacie-

438 3839 562 3910 bat)
586 3855 597 3892 :
627 3844 857 3894 tantum
885 3839 1122 3895 ﬁliabus
1143 3841 1285 3895 aviae
1313 3840 1473 3895 aditu
1502 3841 1562 3896 in
1585 3847 1886 3913 posterum
1907 3843 2088 3898 inter-

439 3927 612 3982 dixit.

2193 3599 2372 3649 νησιν,
2421 3576 2565 3630 οὕτω
2622 3573 2678 3630 δὲ
2734 3574 2918 3632 ἁπαλὰ
2977 3580 3249 3655 φρονοῦσα
3300 3577 3392 3630 καὶ
3453 3575 3686 3650 λέγουσα,
3733 3569 3785 3628 ὡς

2195 3664 2335 3718 νινία
2364 3662 2553 3718 πολλὰ
2583 3661 2667 3731 εἴη
2703 3661 2837 3726 αὖτῆ
2869 3663 3004 3718 κατὰ
3032 3664 3093 3718 τὸ
3124 3658 3411 3730 κιϐώτιον,
3443 3663 3531 3718 καὶ
3577 3663 3718 3714 ταῦτα

2195 3751 2407 3832 κεφαλῇ
2438 3751 2528 3805 καὶ
2559 3758 2677 3814 τοῖς
2709 3752 3025 3825 προσώποις
3064 3753 3222 3824 ἡμῶν
3269 3750 3543 3821 ἐπιτίθησι
3592 3749 3706 3820 μετὰ
3742 3743 3788 3798 τᾶ

2197 3840 2508 3920 φιλήματα.
2541 3842 2722 3896 Ταῦτα
2759 3840 2850 3894 τὸν
2906 3837 3134 3915 βασιλέα
3193 3840 3268 3901 εἰς
3330 3840 3524 3913 μανίαν
3583 3836 3790 3909 διήγειρε,

2195 3927 2474 4006 πρᾶξαιδὲ
2503 3949 2554 3984 τι
2603 3933 2713 3982 τῶν
2769 3925 3215 4001 δραστικωτέρων
3267 3930 3342 3990 εἱς
3387 3929 3552 3997 αὐτὴν
3607 3924 3791 3982 ἐκωλύε-

437 4035 524 4080 το,
564 4017 632 4086 τῇ
665 4035 720 4068 τε
753 4015 888 4088 πρὸς
917 4016 1014 4082 τήν
1049 4021 1273 4090 γυναῖκα
1303 4015 1451 4072 αῗδοῖ
1497 4019 1590 4072 καὶ
1645 4014 1906 4090 εὐλαϐείᾳ
1950 4019 2040 4074 καὶ
2098 4017 2265 4074 πλέον
2321 4019 2356 4088 ἦ
2417 4017 2687 4097 ἐκέχρητο
2744 4016 3020 4094 παρρησίᾳ
3077 4017 3393 4092 ἐργόμενος
3458 4019 3563 4091 (καὶ
3617 4017 3700 4092 γὰρ
3744 4011 3790 4077 ἦν

437 4102 718 4177 ἀριδήλως
750 4101 1166 4160 ἓπισκώπτουσα
1194 4111 1386 4161 τοῦτον
1437 4107 1526 4162 καὶ
1580 4105 1940 4183 διελέγχουσα
1994 4107 2082 4162 ἐπί
2128 4129 2187 4164 τε
2233 4113 2353 4170 τοῖς
2402 4110 2519 4170 καθ’
2576 4107 2783 4182 ἡμέραν
2843 4105 2951 4162 τῶν
3011 4105 3381 4181 ὁμολογητῶν
3440 4106 3682 4180 διωγμοῖς
3728 4099 3788 4154 καὶ

433 4197 505 4266 τῇ
538 4190 852 4268 δηλωθείσῃ
915 4195 1136 4268 αἱρέσει,
1199 4198 1286 4269 [Ρ.
1344 4199 1468 4270 516]
1524 4196 1614 4251 καὶ
1676 4197 1812 4270 μόνη
1873 4202 2070 4272 μικροῦ
2137 4198 2365 4275 φανερὰν
2425 4201 2660 4251 ποιοῦσα
2713 4198 2812 4264 τὴν
2872 4196 3008 4271 πρὸς
3061 4196 3219 4251 αὐτὸν
3279 4201 3388 4251 τῶν
3444 4196 3672 4252 ἀπάντων
3715 4190 3789 4245 ἀπ-

437 4283 698 4356 έχθειαν),
732 4279 941 4336 ἐκώλυε
972 4281 1028 4336 δὲ
1062 4284 1227 4355 μόνον
1259 4286 1358 4353 τήν
1393 4285 1528 4358 πρὸς
1556 4286 1654 4354 τήν
1687 4287 2014 4354 Θεοκτίστην
2043 4291 2150 4341 τῶν
2183 4285 2495 4362 θυγατέρων
2529 4286 2696 4341 αὐτοῦ
2729 4285 2926 4362 ἄφιξιν.

511 4372 730 4428 Similis
763 4389 934 4429 casus
966 4375 1242 4445 Augustas
1275 4374 1501 4449 obtigit.
1536 4376 1820 4431 Alebatur
1851 4376 1909 4430 in
1955 4377 2092 4433 aula

436 4460 756 4516 homuncio
786 4461 988 4517 fatuus
1020 4467 1078 4516 et
1109 4464 1398 4518 Homerici
1430 4464 1714 4519 Thersitae
1770 4465 2090 4536 persimilis

2273 4374 2501 4436 Τούτοις
2552 4375 2912 4450 παραπλήσια
2970 4370 3283 4448 συμϐέϐηκε
3339 4375 3428 4431 καὶ
3477 4380 3542 4448 τῇ
3602 4363 3789 4448 βασιλίδι

2204 4461 2482 4538 Θεοδώρᾳ.
2516 4463 2804 4543 Ἐτρὲφετο
2851 4465 2997 4536 παρᾶ
3051 4469 3168 4528 τοῖς
3215 4462 3514 4540 βασιλείοις
3559 4458 3787 4534 ἀνδράριω

1637 4642 2000 4698 XYLANDRI
2039 4644 2126 4697 ET
2166 4643 2379 4699 GOARI
2421 4644 2639 4698 NOTIE.

509 4811 624 4884 (85)
657 4812 845 4881 Supra
874 4818 1049 4884 Ζοεερεί
1065 4811 1184 4866 sive
1216 4811 1736 4884 icinctzeprivilegio
1759 4816 1818 4866 et
1842 4811 2095 4882 patriciae
2126 4815 2173 4878 ι)
2208 4809 2384 4884 honor
2412 4812 2528 4884 ipse
2559 4811 2768 4884 cinctu;
2798 4815 2899 4884 est,
2931 4825 3053 4884 cum
3092 4817 3335 4884 vacaret,
3392 4807 3544 4864 nihil
3555 4879 3569 4884 _
3575 4794 3787 4876 jurisdie'

442 4883 685 4939 nomine
717 4888 965 4954 augetur
981 4883 1329 4947 ,Theoctista
1359 4883 1678 4954 Theodorei
1719 4889 1926 4937 mater.
1960 4886 2094 4937 Am-

441 4955 680 5010 bierunt
709 4953 869 5008 enim
901 4954 1080 5009 etiam
1104 4954 1344 5008 femina)
1389 4953 1804 5009 sublimiorum
1853 4959 1912 5008 et
1959 4955 2095 5009 viris

441 5025 818 5082 solummodo
833 5041 1252 5082 concessarum
1272 5025 1704 5096 appellationes
1718 5026 2094 5096 dignitatum,

443 5099 652 5169 quidni
685 5104 743 5152 et
776 5097 1060 5170 insignia,
1087 5114 1220 5170 quae
1248 5097 1475 5170 nullam
1507 5104 1840 5170 anguerunt
1872 5098 1930 5150 in
1958 5097 2096 5150 viris

447 5168 944 5232 iurisdictionem,
977 5168 1167 5223 solam
1209 5168 1541 5223 indicarent
1581 5169 2009 5224 sublimitatem
2043 5173 2099 5222 et

489 5257 735 5295 onorem
750 5240 777 5294 ‘.’
791 5241 1136 5311 patriciatus
1155 5247 1352 5294 autem
1378 5241 1633 5311 dignitas
1650 5241 1770 5312 juri
1783 5240 2096 5307 sdictione,

448 5312 863 5383 quagsolitaria
893 5317 1004 5377 est,
1038 5317 1224 5374 vacat,
1257 5312 1459 5380 gloriae
1491 5313 1613 5367 fere
1665 5329 1978 5383 supremus
2011 5317 2103 5367 est

452 5381 691 5454 gradus,
714 5382 786 5436 ad
807 5400 978 5454 quem
996 5383 1243 5454 proinde
1268 5383 1520 5437 feminas
1534 5384 1645 5438 sibi
1661 5381 2101 5453 con-iunctiores

451 5453 774 5527 potuerunt
805 5453 1190 5527 imperatores
1217 5455 1482 5527 evehere,
1504 5471 1736 5509 necnon
1759 5456 2102 5527 patriciatus

453 5523 639 5578 virilis
667 5523 992 5594 insignibus
1017 5542 1321 5589 exornare,
1346 5526 1566 5593 cingulo
1588 5523 1872 5582 nimir—um
1921 5526 2104 5595 Hujus

454 5595 813 5668 conjecturae
844 5596 1555 5668 Qassiodorusauctorem
1585 5613 1647 5651 se
1673 5599 1870 5668 prodit
1891 5599 2021 5668 Var.
2049 5599 2105 5663 6,

2209 4883 2374 4936 tionis
2404 4882 2605 4935 habens
2635 4888 2686 4935 et
2706 4881 3018 4951 judicantis
3050 4881 3332 4949 cingulum
3374 4897 3484 4936 non
3533 4879 3756 4951 deponam:
3774 4889 3784 4951 ε

2205 4959 2396 5008 morte
2429 4953 2648 5023 quippe
2677 4938 2799 5008 n'on
2830 4938 3225 5021 exstinguitur
3253 4953 3446 5008 honor
3485 4938 3785 5023 hujusmod‘

2204 5023 2410 5078 Subdit
2445 5015 2773 5094 propterea
2809 5040 2820 5076 :
2881 5015 3107 5078 ornatus
3163 5024 3498 5085 individuus,
3540 5015 3779 5094 cingula?!

2202 5096 2380 5165 ﬁdele,
2413 5081 2770 5165 qiwd‘nescit
2827 5101 2956 5149 ante
3011 5096 3254 5166 deserere
3311 5081 3780 5166 quamﬂefnundo

2206 5163 2359 5221 ἐπήν-ε
2384 5183 2396 5231 ;
2421 5163 2634 5236 inique
2665 5173 2881 5220 tantum
2929 5165 3071 5220 cedit
3123 5163 3373 5236 (coronae)
3419 5163 3630 5236 fulgori,
3664 5167 3780 5236 quq”

2208 5222 2488 5293 interdum
2516 5222 2680 5292 e‘tiam
2707 5254 2742 5292 a
2770 5237 2926 5293 nobis
2955 5222 3166 5292 constat
3205 5222 3429 5293 asswni:
3456 5222 3538 5290 Ita
3580 5222 3780 5301 fon-nul;

2209 5327 2281 5365 ex
2305 5310 2592 5381 principis
2618 5325 2889 5380 persona.
2915 5310 2994 5363 Ex
3019 5308 3234 5378 quibus
3246 5325 3422 5381 quam
3437 5296 3781 5381 vicinus_fueril

2211 5373 2592 5452 imperatorio
2619 5373 2970 5452 Theoctistaa
3007 5373 3113 5452 ceu
3146 5373 3336 5435 socrui
3387 5378 3596 5434 delatus
3642 5373 3781 5452 hanf

2210 5440 2328 5507 non
2362 5453 2604 5526 difficile
2638 5457 2724 5507 est
2754 5451 3052 5523 colligere.
3075 5451 3414 5526 Secundam
3443 5454 3637 5526 zostelp
3664 5440 3777 5526 Ιεξεςξ

2212 5541 2270 5595 p.
2304 5526 2426 5593 850,
2461 5524 2694 5595 tertiam
2720 5539 2779 5595 Ρ.
2835 5508 2956 5577 δοῖ.
3010 5523 3194 5590 Ζώνης
3245 5522 3533 5595 ὑπεροχήν,
3579 5508 3777 5595 sicine}

2213 5578 2287 5669 ob
2318 5578 2902 5669 crimen‘o’cqmt‘peew,
2964 5578 3255 5669 memorat
3307 5578 3774 5669 libe'r'_l:eonis_8t

454 5671 511 5722 2.
553 5657 738 5737 Cujus
764 5665 942 5720 verba
1000 5670 1175 5720 sunt:
1236 5665 1380 5720 Hinc
1437 5673 1515 5721 est
1574 5657 1721 5737 quo'd
1770 5657 2108 5740 patriciatui
2217 5665 2586 5723 Constantini
2618 5657 2743 5724 A'A.
2770 5665 2858 5724 tit.
2889 5657 2990 5734 vn,
3023 5659 3167 5723 tom.
3201 5666 3271 5738 ΙΙ,
3301 5665 3452 5724 Juris
3479 5664 3576 5720 GR.
3614 5657 3748 5712 ῧοηο
