4054 6286
216 457 334 517 989

211 583 699 662 περικεκομμένον
773 587 883 658 (86)
941 585 1030 639 καὶ

214 677 550 750 παρόμοιον,
595 670 839 748 Δένδερις
906 677 1017 744 (87)
1077 669 1251 744 ὄνομα
1307 673 1509 744 τούτῳ,
1569 669 1760 744 ἄσημά
1817 691 1875 725 τε

219 766 591 844 φθεγγόμενον
622 763 710 818 καὶ
746 761 963 838 γέλωτα
989 765 1173 816 κινοῦν
1231 761 1321 816 καὶ
1379 757 1647 834 θυμηδίας
1698 755 1876 814 ἕνεκεν

223 861 342 915 τοῖς
378 852 675 930 βασιλείοις
720 851 1154 923 ἐνδιαιτώμενον.
1195 851 1369 907 Τοῦτο
1426 854 1554 924 γοῦν
1614 845 1876 917 εἴσπηδῆ-

222 945 319 999 σάν
353 965 487 998 ποτε
521 942 656 996 κατᾶ
685 941 776 996 τὸν
805 948 904 1010 τῆς
932 940 1252 1017 Αὐγούστης
1310 937 1667 994 κοιτωνίσκον
1726 936 1874 999 Θείας

223 1033 437 1094 εἰκόνας
495 1025 792 1087 κατέλαϐεν
848 1029 1013 1098 αὐτὴν
1087 1028 1612 1103 περιπτυσσομένην.
1672 1025 1878 1088 Ταύτας

224 1121 356 1178 ἰδὼν
390 1122 544 1183 οὗτος
580 1122 608 1175 6
656 1119 976 1195 παραπαίων
1006 1118 1055 1174 τί
1088 1116 1146 1174 τέ
1200 1117 1332 1172 εἰσιν
1393 1116 1738 1182 ἐπυνθάνετο,
1788 1114 1877 1168 καὶ

222 1211 624 1286 πλησιέστερον
681 1209 854 1274 ἐλθὼν
931 1209 1340 1282 κατεμάνθανεν.
1401 1208 1464 1264 Ἠ
1519 1203 1575 1260 δὲ
1635 1201 1875 1280 βασιλὶς.

233 1328 255 1354 ι
321 1303 400 1360 Τὰ
482 1301 626 1356 καλά
687 1321 812 1373 μου,
890 1295 1084 1376 ἔφησεν
1142 1299 1498 1374 ἀγροικικῶς,
1547 1296 1688 1350 νινία
1746 1297 1878 1368 (88),

224 1393 317 1448 καὶ
351 1392 546 1468 ἀγαπῶ
605 1395 772 1447 ταῦτα
830 1388 1034 1445 πολλά.
1106 1413 1134 1440 ››
1197 1388 1448 1444 Εἷστιᾶτο
1503 1391 1800 1457 τηνικαῦτα
1853 1385 1880 1439 6

432 1484 443 1500 ε
618 1482 630 1498 ε
744 1482 757 1498 ς
883 1481 895 1497 ι
1035 1479 1047 1498 .
1100 1480 1112 1495 ς
1303 1475 1365 1504 ρ,
1563 1479 1575 1495 ς
1693 1477 1706 1496 .
1794 1475 1843 1508 με

229 1482 513 1558 βασιλευς,
545 1504 633 1537 και
699 1479 766 1550 δη
801 1501 934 1555 προς
990 1501 1150 1534 αυτον
1210 1475 1468 1533 διαοαντα
1523 1499 1614 1532 τον
1656 1475 1882 1549 αισχρον

223 1577 423 1626 τοῦτον
459 1568 702 1646 Δένδεριν
735 1572 900 1646 ἢρετο
933 1569 1058 1624 ὅποι
1091 1570 1222 1623 ποτέ
1263 1567 1548 1643 ἐτύγχανεν
1606 1560 1702 1619 ὥν·
1738 1567 1766 1619 6
1827 1563 1884 1618 δέ

230 1665 382 1735 παρὰ
408 1663 508 1729 τήν
563 1659 756 1732 μάνναν
817 1662 926 1731 (89)
985 1655 1178 1732 ἔφησεν
1233 1656 1390 1724 εἶναι,
1447 1657 1544 1723 τήν
1603 1653 1884 1709 δέσποιναν

233 1751 382 1806 οὕτω
435 1748 618 1804 καλῶν
669 1745 972 1821 Θεοδώραν,
1033 1747 1122 1800 καὶ
1180 1747 1465 1808 θεάσασθαι
1517 1745 1686 1813 αὐτην
1742 1743 1884 1797 καλὰ

230 1839 379 1894 νινία
407 1843 503 1892 τοῦ
524 1835 967 1916 προσκεφαλαίου
1025 1835 1359 1910 ὲξαίρουσαν.
1394 1837 1627 1898 Συνῆκεν
1685 1833 1775 1888 οὖν
1854 1833 1881 1887 ὁ

1340 449 1876 513 HlSTURlARUM
1925 448 2466 512 COMPENDIUM.

1121 585 1202 656 τῷ
1289 584 1574 657 Ὁμηρικῷ
1633 581 1863 657 Θερσίτῃ

2005 581 2266 638 )enderis
2294 586 2557 653 nomine,
2618 587 2916 658 impeditae
2977 587 3214 660 linguas,
3274 587 3425 644 905
3472 587 3630 644 risus

3513 455 3632 516 990

1987 672 2288 739 excitator,
2323 691 2390 730 ac
2445 676 2504 731 in
2552 677 2773 749 regiam
2821 677 2942 748 joci
2992 693 3172 733 causa
3196 677 3516 734 adhibitus.
3572 676 3628 731 Is

1980 763 2306 836 aliquando
2349 766 2542 822 subito
2595 769 2656 822 in
2715 769 3053 826 cubiculum
3087 773 3360 844 Augustae
3395 770 3628 825 intrans

1981 853 2374 926 deprehendit
2415 874 2545 912 eam
2595 875 2796 913 sacras
2827 860 3285 930 amplectentem
3318 860 3624 933 imagines,

1983 961 2203 1015 easque
2227 945 2426 1000 videns
2457 946 2743 1016 quidnam
2765 948 2850 1001 rei
2877 954 3035 1002 esset
3065 949 3632 1020 qumsivit,propius-

1983 1051 2096 1104 que
2141 1034 2428 1090 accedens
2486 1037 2767 1107 percepit.
2830 1040 3092 1108 Augusta
3149 1037 3481 1092 subrustice
3539 1055 3637 1093 re-

1985 1124 2226 1194 spondit
2274 1141 2412 1179 suas
2460 1124 2738 1196 pulchras
2791 1142 3016 1196 puppas
3080 1142 3231 1191 esse,
3300 1127 3464 1182 valde
3521 1127 3634 1182 sibi

1985 1218 2229 1268 amatas.
2265 1215 2402 1269 Erat
2433 1219 2556 1268 tum
2590 1215 2651 1268 in
2683 1216 2944 1270 convivio
2977 1216 3382 1286 imperator,et
3405 1221 3636 1286 turpem

1985 1301 2166 1356 istum
2200 1302 2516 1358 Deuderim
2534 1304 2606 1358 ad
2627 1320 2686 1358 se
2721 1304 2857 1358 inde
2877 1306 3204 1359 venientem
3235 1305 3638 1376 interrogabat

1983 1390 2085 1445 ubi
2117 1391 2344 1446 fuisset.
2377 1394 2702 1464 Respondit
2761 1394 2809 1448 is
2853 1395 3007 1465 apud
3039 1411 3280 1449 manam
3312 1395 3415 1463 (sic
3438 1394 3639 1464 appel-

1985 1479 2146 1535 labat
2169 1482 2514 1553 Augustam)
2540 1499 2600 1536 se
2632 1483 2835 1551 fuisse,
2869 1482 3204 1554 vidisseque
3238 1500 3366 1538 eam
3396 1499 3467 1538 ex
3507 1483 3638 1554 pul-

1985 1570 2172 1624 vinari
2206 1570 2484 1642 pulchras
2516 1588 2744 1642 puppas
2802 1573 3272 1644 depromentem.
3332 1573 3639 1628 Intellecta

1986 1675 2050 1714 re
2074 1660 2395 1731 imperator
2447 1661 2548 1714 iraa
2609 1660 2823 1732 plenus
2854 1662 2925 1716 de
2955 1678 3160 1716 mensa
3189 1662 3463 1729 surrexit,
3520 1668 3640 1716 sta—

1989 1748 2213 1818 timque
2247 1766 2494 1804 uxorem
2521 1750 2687 1816 adiit,
2723 1751 3042 1820 multisque
3083 1751 3327 1822 ingestis
3359 1749 3637 1805 conviciis

1990 1853 2119 1891 eam
2145 1838 2579 1909 imaginicolam
2629 1839 2836 1893 effreni
2899 1839 3101 1910 lingua
3159 1839 3505 1907 nominavit,
3561 1839 3642 1892 si—

237 1928 514 2006 βασιλεὺς,
543 1929 632 1982 καὶ
665 1926 888 1997 πλήρης
952 1926 1121 2002 ὀργῆς
1175 1923 1468 2000 γενόμενος
1519 1923 1766 1997 ἰεανέστη
1827 1943 1883 1976 τε

2005 1927 2116 1980 :nul
2140 1927 2485 1981 Denderidis
2519 1927 2806 1982 indicium
2839 1945 3161 2000 exponens.
3197 1928 3308 1983 Sed
3339 1928 3644 1984 Theodora

229 2028 332 2088 τῆς
364 2017 636 2094 τραπέζης
664 2017 752 2071 καὶ
784 2017 918 2091 πρὸς
948 2015 1117 2084 αὐτὴν
1149 2011 1394 2083 ἀπῆλθεν
1447 2012 1623 2080 εὐθὺς,
1685 2009 1882 2072 ἄΛλαις

234 2131 295 2165 τε
325 2106 564 2170 πολλαῖς
594 2102 778 2180 ὕϐρεσι
809 2104 1030 2159 πλύνων
1059 2104 1148 2158 καὶ
1171 2099 1569 2176 εἷδωλολάτριν
1598 2099 1890 2171 ἀκολάστῳ

235 2196 460 2273 γλώσσῃ
489 2195 804 2250 ἀποκαλῶν·
837 2192 926 2248 καὶ
959 2193 1072 2264 ἅμα
1102 2189 1302 2266 διεξῄει
1355 2191 1481 2251 τοὺς
1542 2189 1744 2266 λόγους
1794 2192 1890 2243 τοῦ

245 2291 510 2360 μυσαροῦ.
541 2285 603 2340 Ἣ
637 2281 694 2338 δὲ
723 2283 858 2344 τέως
932 2283 1026 2354 μὲν
1085 2282 1176 2336 τὸν
1233 2280 1406 2352 θυμὸν
1435 2281 1892 2352 καταστορεννῦσα

240 2381 337 2430 τοῦ
373 2373 666 2450 βασιλέως,
730 2397 756 2423 ‹‹
802 2377 989 2433 Κακῶς
1047 2369 1371 2447 ὑπείληφας,
1431 2365 1638 2444 ἔλεγεν,
1697 2368 1742 2420 ὦ
1795 2367 1894 2440 βα-

245 2463 417 2519 σιλεῦ⁸
443 2463 552 2538 οὐχ
589 2462 664 2525 ὡς
689 2462 1041 2521 ὑπώπτευσας
1073 2455 1191 2538 ἔχει
1221 2458 1310 2513 καὶ
1341 2461 1375 2527 ἡ
1421 2457 1670 2528 ἀλήθεια.
1713 2459 1805 2527 Τῷ
1837 2452 1891 2510 δὲ

251 2555 542 2626 κατόπορῳ
604 2573 706 2623 μου
764 2549 918 2622 ἥμην
977 2548 1351 2615 ένατενίζουσα
1413 2547 1546 2618 μετά
1590 2551 1696 2600 τῶν
1746 2547 1896 2618 θερα-

253 2639 542 2708 παινίδων,
591 2639 679 2693 καὶ
744 2639 838 2699 τὰς
894 2635 1210 2709 τικτομένας
1270 2632 1396 2689 ἰδὼν
1452 2636 1480 2688 6
1539 2631 1778 2707 Δένδερις
1835 2630 1893 2686 ἐκ

253 2730 449 2785 τούτου
485 2728 692 2806 μορφὰς
751 2726 920 2782 ἐλθὼν
980 2724 1312 2799 ἀπήγγειλεν
1341 2724 1589 2799 ἀφρόνως
1619 2724 1684 2778 τὰ
1719 2744 1895 2795 μηνυ-

255 2821 428 2884 θέντα.
465 2842 493 2870 ››
526 2817 628 2874 Καὶ
686 2816 776 2871 τὸν
822 2817 915 2888 μέν
975 2819 1072 2870 τοῦ
1133 2813 1401 2890 βασιλέως
1452 2814 1621 2886 θυμὸν
1711 2810 1895 2866 τοῖσδε

246 2908 581 2979 κατεπράϋνε
641 2910 759 2966 τοῖς
817 2903 1031 2982 λόγοις,
1089 2904 1182 2958 τὸν
1241 2901 1483 2978 Δένδεριν
1539 2900 1596 2958 δὲ
1677 2899 1894 2972 παιδείᾳ

246 2991 596 3062 καθυπέϐαλε
623 2994 1180 3071 πρεπούσῃ,πείσασα
1230 2995 1306 3068 μή
1367 3013 1499 3048 ποτε
1529 2991 1710 3067 λέγειν
1771 2990 1894 3066 περὶ

246 3094 353 3144 τῶν
383 3088 566 3143 νινίων
596 3086 721 3143 τινί.
786 3086 878 3141 Διὸ
935 3093 1034 3155 τῆς
1090 3082 1375 3156 δεσποίνης
1433 3084 1895 3158 κατεπαιρόμενὸς

1995 2022 2060 2069 ut
2091 2017 2287 2070 mariti
2322 2017 2471 2071 iram
2494 2017 2729 2071 sedaret
2759 2018 2819 2072 in
2854 2019 3194 2088 praesentia,
3229 2018 3377 2073 falso
3410 2017 3471 2072 id
3501 2035 3639 2073 eum

2001 2106 2358 2175 suspicatum
2394 2123 2522 2160 esse
2545 2106 2710 2176 dixit,
2745 2113 2803 2160 et
2855 2124 2978 2162 rem
3033 2123 3200 2162 secus
3226 2108 3441 2162 habere
3467 2123 3646 2178 quam

2002 2194 2126 2266 ipse
2150 2202 2460 2266 putasset:
2515 2213 2576 2249 se
2635 2213 2768 2251 cum
2813 2197 3045 2251 ancillis
3105 2198 3164 2251 in
3218 2198 3456 2268 speculo
3516 2214 3645 2252 sese

2001 2285 2351 2350 contuitam,
2383 2299 2449 2338 ac
2476 2284 2793 2338 Deuderim
2827 2285 3114 2357 imagines
3155 2287 3215 2340 in
3249 2301 3316 2340 eo
3349 2287 3649 2357 conspica-

2003 2376 2128 2426 tum
2179 2371 2357 2426 stulte
2389 2372 2674 2426 indicium
2708 2374 2778 2426 de
2812 2373 2949 2428 visis
2980 2375 3194 2444 puppis
3225 2375 3514 2429 attulisse.
3552 2375 3651 2428 His

2002 2459 2120 2514 illis
2146 2461 2336 2514 verbis
2367 2477 2500 2516 cum
2535 2461 2937 2533 demitigasset
2969 2463 3176 2517 virum.
3213 2462 3529 2517 Deuderim
3558 2462 3650 2516 di-

2002 2551 2134 2622 guis
2157 2551 2348 2605 modis
2379 2550 2702 2621 castigavit,
2727 2550 3044 2620 docuitque
3075 2551 3136 2604 in
3167 2557 3470 2622 posterum
3504 2549 3654 2604 nihil

2005 2638 2075 2693 de
2111 2640 2323 2711 puppis
2350 2639 2530 2709 loqui.
2583 2639 2839 2710 Ideoque
2889 2640 3210 2710 aliquando
3243 2641 3650 2710 imperatrices

2004 2729 2709 2799 accedente,Theopbilus
2740 2745 2872 2783 eum
2915 2745 3049 2784 cum
3081 2729 3469 2800 interrogaret
3497 2744 3652 2783 anne

2004 2818 2247 2872 domina
2302 2833 2540 2872 rursum
2598 2817 2752 2872 900
2785 2817 3063 2888 pulchras
3091 2834 3226 2872 suas
3257 2834 3483 2889 puppas
3514 2834 3648 2871 am-

2003 2907 2364 2978 plexaretur,
2395 2905 2683 2960 Denderis
2714 2922 2894 2960 manu
2926 2907 3134 2961 dextra
3168 2906 3341 2960 labiis
3371 2907 3649 2977 imposita

2007 3018 2034 3045 «
2068 2997 2236 3061 Tace,
2270 2995 2485 3064 inquit,
2516 3011 2548 3048 ο
2577 2994 2922 3065 imperator,
2968 2994 3039 3049 de
3079 2995 3314 3066 puppis.
3351 3016 3379 3044 ››
3412 2995 3537 3049 haec
3569 2995 3652 3049 ita

2005 3089 2185 3157 gesta.

249 3182 435 3236 ποτεὸ
475 3179 745 3252 Θεόφιλας
777 3179 967 3253 ἠρώτα
1021 3179 1111 3232 τὸν
1177 3174 1418 3251 Δένδεριν
1480 3177 1524 3230 εἰ
1582 3174 1748 3230 πάλιν
1805 3177 1910 3250 ἆρα
1966 3176 2035 3230 τὰ
2092 3172 2236 3229 καλά
2285 3174 2424 3228 νινία
2480 3175 2514 3241 ἠ
2551 3173 2723 3244 μάννα
2752 3173 3047 3242 ἠσπάζετο·
3084 3175 3112 3227 6
3175 3171 3231 3227 δὲ
3288 3180 3406 3234 τοῖς
3459 3173 3648 3247 χείλε-

245 3292 327 3324 σιν
359 3267 559 3331 ἐπιθεὶς
591 3270 690 3338 τήν
723 3265 915 3337 δεξιὰν,
949 3290 977 3318 ‹‹
1001 3267 1157 3342 Σίγα,
1222 3267 1350 3341 σίγα
1417 3267 1536 3340 περὶ
1598 3269 1705 3320 τῶν
1765 3264 1971 3336 νινίων,
2023 3262 2332 3339 ἀντέφησεν,
2398 3261 2442 3316 ὦ
2495 3261 2737 3337 βασιλεῦ.
2801 3287 2829 3314 ››
2863 3263 2965 3319 Καὶ
3005 3267 3170 3318 ταῦτα
3202 3263 3295 3335 μὲν
3327 3263 3654 3336 συνεκύρησε

243 3355 372 3413 ὧδε.

323 3449 670 3521 Στρατιώτου
702 3443 760 3500 δέ
785 3465 930 3507 τινος
975 3442 1139 3518 χεῖρά
1185 3463 1243 3498 τε
1297 3446 1546 3511 νεανικὴν
1601 3444 1690 3498 καὶ
1725 3440 1895 3497 ἵππον

2076 3445 2256 3498 Porro
2289 3443 2462 3498 miles
2493 3443 2733 3515 quidam
2766 3459 2945 3500 manu
2973 3449 3280 3515 promptus
3313 3461 3530 3516 equum
3554 3444 3657 3499 ha-

248 3533 472 3611 ἔχοντος
515 3533 709 3606 δεξιὸν,
768 3537 796 3589 6
853 3535 1158 3612 στρατηγὸς
1227 3534 1312 3612 ὑφ’
1373 3535 1430 3588 ὃν
1488 3531 1642 3595 οὗτος
1704 3530 1898 3600 ἐτέλει,

251 3621 411 3702 ἔρωτι
435 3624 789 3699 κατασχεθεὶς
816 3629 913 3677 τοῦ
931 3624 1107 3677 ἳππου
1165 3623 1250 3701 ὑφ’
1311 3623 1372 3677 οὗ
1429 3619 1701 3682 πολλάκις
1735 3622 1762 3675 6
1807 3620 1903 3674 ἅν-

248 3715 472 3789 ’Θρωπος
505 3713 565 3768 έκ
594 3711 844 3786 πολέμου
886 3712 1141 3788 ἐρρύσθη,
1196 3711 1375 3781 ἐζήτει
1431 3715 1646 3777 τοῦτον,
1697 3722 1903 3772 καθυπ-

257 3803 614 3878 ισχνούμενος
647 3797 842 3854 δώσειν
870 3799 1075 3856 πολλά.
1108 3801 1570 3870 Ἀπαναινομένου
1601 3797 1658 3853 δέ
1699 3797 1903 3852 ἐκείνου

251 3892 338 3946 καὶ
379 3891 494 3966 βίαν
527 3897 794 3963 προσῆγε.
829 3886 972 3958 Μηδ’
1006 3889 1148 3943 οὕτω
1207 3885 1263 3944 δὲ
1318 3891 1519 3944 πείθων
1571 3889 1904 3959 ἀποδοθῆναί

257 3982 308 4034 οἱ
338 3979 428 4033 τὸν
453 3977 648 4043 ἶππον,
679 3975 964 4052 ἀνανδρίας
995 3974 1246 4052 ἔγκλημα
1277 3980 1560 4052 προσάψας
1617 3978 1690 4040 εῗς
1751 3982 1907 4054 βασι-

259 4067 358 4125 λέα
393 4069 711 4142 μετεκίνησε
735 4071 924 4120 τοῦτον
957 4067 1022 4135 ἧς
1085 4065 1275 4140 μετῂει
1331 4088 1628 4141 στρατειας.
1661 4067 1906 4140 Ἐγένετο

261 4160 487 4228 ζήτησις
523 4157 667 4230 παρὰ
697 4154 967 4232 Θεοφίλου
1025 4155 1147 4229 περὶ
1213 4155 1386 4210 ’ἰππου
1435 4155 1760 4233 ἀκροφυοῦς,
1817 4156 1907 4210 καὶ

263 4245 605 4321 διατάγματα
636 4243 944 4317 ἐπέμποντο
975 4247 1257 4298 πανταλοῦ
1306 4243 1514 4298 τοιόνδε
1559 4242 1732 4299 *ἱππον
1763 4246 1906 4318 εὗρε·

262 4341 419 4404 θῆναι
449 4335 538 4388 καὶ
567 4335 880 4409 πεμφθῆναι
922 4333 1089 4402 αὐτῷ.
1151 4335 1329 4388 Τοῦτο
1383 4330 1714 4406 δραξάμενος
1745 4333 1912 4410 ἀφορ-

270 4430 376 4495 μῆς
433 4424 461 4476 6
509 4422 814 4498 στρατηγὸς
880 4420 1186 4495 ἀφαιρεῖται
1262 4420 1350 4474 καὶ
1410 4421 1595 4476 ἃκοντι
1665 4422 1756 4476 τὸν
1815 4427 1912 4476 τοῦ

263 4510 458 4586 ἀνδρὸς
487 4510 682 4582 ἵππον,
716 4514 798 4585 [Ρ.
833 4511 960 4582 51⁸7]
993 4508 1082 4564 καὶ
1125 4510 1260 4584 πρὸς
1326 4509 1552 4584 βασιλέα
1584 4511 1658 4574 ὡς
1716 4511 1913 4566 οἰκεῖον

263 4589 530 4674 ἐκπέμπει
595 4607 803 4672 κτῆμα.
863 4597 1062 4673 Χρείας
1123 4595 1179 4654 δὲ
1237 4601 1535 4676 γενομένης
1579 4599 1629 4654 έν
1681 4599 1916 4674 πολέμῳ

264 4688 536 4744 πλειόνων
569 4691 938 4764 στρατιωτῶν,
996 4687 1085 4740 καὶ
1144 4692 1240 4742 τοῦ
1299 4688 1568 4761 βασιλέως
1624 4686 1914 4743 κελεύσαν-

2006 3533 2137 3588 buit
2165 3533 2486 3605 egregium,
2519 3533 2617 3604 qui
2659 3533 2852 3604 ipsum
2904 3549 3058 3602 saepe
3091 3549 3161 3588 ex
3183 3533 3388 3605 praelio
3420 3533 3656 3588 incolu-

2007 3637 2165 3678 mem
2219 3621 2524 3676 extulerat.
2588 3623 2774 3692 Hujus
2827 3623 2963 3692 equi
3023 3639 3225 3677 amore
3284 3628 3491 3693 captus
3541 3622 3661 3677 dux

2010 3710 2119 3765 sub
2151 3727 2268 3781 quo
2302 3710 2351 3764 is
2383 3709 2694 3774 militabat,
2727 3726 2861 3764 cum
2896 3727 3088 3780 neque
3125 3710 3658 3781 pollicitationibus

2010 3816 2204 3870 neque
2277 3799 2454 3854 minis
2508 3799 2872 3870 impetraret,
2949 3800 3250 3854 hominem
3322 3799 3657 3854 timiditatis

2010 3893 2349 3943 accusatum
2409 3887 2565 3958 apud
2622 3888 3045 3958 imperatorum
3105 3895 3462 3943 exauctorat.
3513 3890 3658 3942 Cum

2011 3983 2209 4032 autem
2263 3977 2620 4047 Theophilus
2679 3993 2896 4048 equum
2965 3977 3180 4048 insigni
3260 3978 3476 4032 virtute
3558 3993 3658 4030 cu-

2014 4073 2182 4138 peret
2212 4067 2453 4134 habere,
2507 4073 2563 4122 et
2617 4068 2818 4122 missis
2867 4068 2928 4122 in
2991 4085 3199 4123 omnes
3233 4075 3428 4139 partes
3486 4085 3658 4123 man-

2016 4156 2168 4211 datis
2198 4155 2372 4209 talem
2407 4155 2517 4208 sibi
2568 4157 2750 4226 qumri
2783 4163 2959 4226 atque
3019 4159 3214 4212 afferri
3238 4157 3497 4228 juberet,
3531 4174 3662 4211 eam

2017 4250 2225 4299 nactus
2280 4245 2652 4298 occasionem
2716 4245 2833 4300 dux
2880 4247 2990 4299 iste
3049 4245 3225 4299 militi
3303 4247 3353 4299 ei
3440 4263 3660 4315 equum

2017 4333 2199 4388 invito
2230 4333 2438 4388 adimit
2471 4340 2528 4388 et
2559 4339 2840 4404 tanquam
2881 4351 3052 4388 suum
3086 4335 3428 4405 imperatori
3457 4335 3660 4390 mittit.

2018 4424 2156 4478 Post
2179 4439 2312 4477 eum
2343 4423 2667 4477 necessitas
2705 4423 2920 4478 bellica
2971 4424 3174 4495 plures
3205 4424 3426 4478 milites
3457 4425 3665 4495 requi-

2020 4519 2194 4574 reret,
2231 4513 2628 4585 mandatoque
2679 4514 3055 4585 imperatoris
3112 4531 3318 4568 omnes
3366 4513 3466 4585 qui
3499 4531 3667 4570 arma

2019 4604 2171 4658 ferre
2205 4609 2448 4674 possent
2477 4603 2536 4656 in
2561 4604 2884 4658 exercitum
2917 4603 3324 4676 allegerentur,
3358 4603 3458 4658 ille
3491 4604 3670 4659 etiam

2023 4693 2194 4748 miles
2225 4709 2391 4747 arma
2422 4693 2695 4764 sumpsit,
2729 4699 2788 4747 et
2830 4693 2891 4746 in
2924 4694 3128 4763 praslio
3158 4693 3303 4749 fusis
3335 4695 3476 4760 suis,
3509 4694 3668 4765 quod

265 4800 359 4840 τος
392 4775 720 4847 ἁπαξαπλῶς
760 4777 936 4832 πάντα
970 4776 1348 4849 στρατεύεσθαι
1400 4777 1492 4831 τὸν
1552 4776 1696 4832 ὅπλα
1745 4783 1896 4833 κινεῖπ

2023 4799 2242 4853 equum
2282 4798 2315 4836 a
2346 4798 2460 4852 quo
2510 4782 2732 4836 servari
2785 4788 3174 4838 consueverat
3229 4801 3348 4838 non
3404 4783 3668 4851 haberet,

270 4865 580 4941 δυνάμενον,
632 4866 1014 4940 ἐστρατεύσατο
1073 4868 1162 4921 καὶ
1223 4868 1250 4922 6
1312 4865 1498 4941 ῥηθεὶς
1549 4869 1910 4942 στρατιώτης·

263 4965 473 5032 τροπῆς
505 4955 562 5012 δὲ
590 4957 885 5033 γενομένης
916 4951 1072 5011 ἔπεσε
1108 4959 1181 5029 μὴ
1218 4954 1360 5012 ἔχων
1389 4957 1563 5010 ἳππον
1619 4958 1708 5011 τὸν
1744 4962 1913 5012 σῶσαι

2024 4871 2320 4939 occubuit,
2356 4887 2534 4926 uxore
2594 4875 2652 4925 et
2710 4870 2914 4925 liberis
2962 4871 3206 4927 relictis.
3254 4872 3436 4928 Vidua
3466 4871 3670 4927 amissi

2025 4962 2221 5016 mariti
2255 4959 2550 5015 desiderio
2581 4977 2850 5028 accensa,
2885 4967 2942 5014 et
2997 4960 3155 5030 quod
3197 4960 3532 5015 necessaria
3557 4975 3667 5028 pu-

1483 5105 1846 5161 XYLANDRI
1884 5107 1970 5159 ET
2010 5107 2226 5162 GOABI
2269 5106 2489 5160 ΝΟΤᾹΞ.

333 5226 449 5295 (86)
484 5226 775 5292 Ut/‘actus,
802 5225 882 5279 ita.
913 5228 972 5278 et
1001 5230 1110 5278 tote
1158 5240 1386 5294 corpore
1437 5231 1682 5279 truncus.
1714 5241 1912 5293 nanus,

268 5303 446 5368 atque
478 5296 656 5368 etiam
689 5297 899 5368 excisus
928 5295 1197 5368 virilibus,
1219 5295 1513 5368 eunuchus.
1541 5295 1700 5368 Alias
1724 5311 1910 5366 quan-

267 5366 483 5422 tumvis
540 5367 736 5421 fatuus
795 5366 852 5420 in
911 5367 1229 5421 mulierum
1288 5366 1741 5421 contubernium
1793 5383 1912 5420 non

264 5439 481 5493 fuisset
510 5437 828 5493 admissus.
863 5439 1038 5493 Goxn.

336 5511 447 5578 (87)
474 5509 722 5580 Turcica
743 5509 920 5564 dictio
943 5526 955 5574 ;
974 5509 1420 5580 hominemque.
1440 5513 1507 5563 ut
1525 5508 1911 5580 aiuntGraaci,

261 5576 696 5654 magnam,
731 5581 994 5654 humeris
1041 5586 1098 5634 et
1155 5576 1344 5652 capite
1394 5579 1804 5636 subsilientem
1859 5587 1916 5636 et

272 5652 565 5707 tremulum
596 5652 796 5706 refert.
821 5652 996 5706 Gosn.

344 5723 453 5795 (88)
488 5724 567 5777 Ex
601 5724 711 5777 hoc
755 5722 884 5777 loco
941 5721 1111 5778 facile
1171 5727 1259 5776 est
1316 5721 1656 5793 Cuspiniani
1718 5722 1912 5780 locum

2026 5225 2372 5296 emendare,
2400 5241 2577 5295 quem
2634 5220 2887 5293 καλάμου
2938 5225 3148 5296 legisse
3173 5225 3328 5294 apud
3387 5227 3672 5280 Zonaram

2029 5302 2170 5370 puto
2206 5293 2352 5370 ὑφέν,
2389 5293 2521 5370 cum
2557 5306 2662 5370 μου
2721 5296 2795 5350 sit
2835 5293 3164 5370 pronomen
3201 5293 3539 5350 encliticum
3572 5314 3584 5362 ;
3617 5304 3678 5354 et

2026 5367 2172 5436 quid
2207 5367 2570 5422 calaminina
2601 5367 2741 5431 sint,
2777 5367 2985 5420 merito
3022 5372 3353 5438 quaeratur,
3387 5372 3565 5438 atque
3588 5375 3678 5437 (ut

2025 5439 2190 5511 puto)
2221 5455 2338 5511 non
2365 5439 2660 5511 immerito
2698 5437 3052 5511 etiamgquid
3086 5438 3331 5511 thalami
3389 5437 3516 5492 esse
3542 5457 3676 5511 pos—

2026 5509 2148 5563 sint
2179 5509 2380 5564 nimia.
2418 5509 2595 5563 Multa
2637 5516 2774 5563 sunt
2825 5509 2962 5563 talia
3018 5510 3172 5580 apud
3223 5509 3673 5580 Cuspinianum,

2025 5598 2155 5651 quas
2183 5599 2251 5635 ex
2283 5587 2484 5635 nostro
2519 5588 2576 5634 et
2606 5582 2831 5635 Zonara
2879 5582 3048 5636 facile
3107 5598 3228 5636 sum
3289 5583 3676 5638 restituantur

2023 5653 2368 5722 integritati.
2396 5651 2532 5707 XYL.

2069 5720 2206 5795 ,(89)
2237 5727 2484 5793 Matrem,
2520 5724 2776 5797 vulgaris
2810 5724 3110 5782 idiomatis
3161 5726 3461 5783 vocabulo.
3498 5727 3671 5782 Gon.
