4054 6286
435 365 548 427 991

1798 367 2118 431 GEORGII
2160 370 2500 435 CEDBBM

3730 368 3850 433 992

436 500 600 575 pillis
648 500 1024 573 suppeditare
1080 500 1400 573 nequibat,
1452 499 1706 574 justitiae
1763 501 2076 574 imperato

2202 499 2495 580 δύναμενον
2545 504 2724 566 αὐτόν.
2780 507 2978 564 Ἔπεσε
3034 501 3093 561 δὶ
3144 509 3371 581 γυναῖκα
3426 500 3849 566 καταλελοιπὼς

437 589 522 645 ris
568 589 732 645 fama
781 588 1101 661 instigante
1177 589 1388 661 Cpolin
1434 589 1617 656 venit,
1676 590 2094 664 Theophilum?

444 693 557 750 que
615 677 689 731 ad
756 675 1045 749 templum
1104 677 1541 735 Blachernense
1589 680 1960 750 equitantem
2021 679 2092 735 de

438 782 604 821 more
636 767 975 838 conspicata
1007 767 1205 821 mariti
1256 768 1347 822 sui
1396 784 1548 838 equo
1580 768 1735 836 vehi,
1795 769 2092 825 concitato

440 874 617 912 cursu
650 874 924 929 aggressa
979 857 1214 913 frenum
1273 858 1410 928 equi
1469 858 1881 930 apprehendit,
1918 876 2093 916 suum

438 946 598 1001 hunc
630 964 759 1002 esse
778 947 1130 1013 vociferans,
1159 952 1218 1001 et
1237 962 1359 1002 non
1379 947 1526 1002 997
1548 946 1864 1014 alium,sed
1896 948 2092 1020 ipsum

436 1035 860 1107 imperatorem
892 1035 1038 1090 caedi
1070 1037 1267 1091 mariti
1318 1036 1409 1090 sui
1458 1052 1697 1092 causam
1738 1037 2086 1107 praebuisse.

433 1124 792 1180 Perterritus
820 1125 1146 1196 imperator
1178 1141 1418 1179 manere
1442 1140 1572 1179 eam
1615 1125 1786 1197 jubet
1828 1125 1971 1182 dum
2029 1127 2091 1182 in

437 1214 726 1285 palatium
753 1215 880 1285 ipse
912 1213 1133 1269 rediret
1161 1231 1174 1279 ;
1209 1231 1277 1270 ac
1333 1231 1604 1270 reversus
1664 1216 1863 1271 statim
1923 1216 1997 1271 ad
2028 1233 2091 1272 se

437 1309 623 1370 vocat,
657 1319 724 1357 ac
753 1302 824 1357 de
851 1320 913 1359 re
948 1308 1067 1357 tota
1096 1303 1429 1358 accuratius
1458 1303 1921 1375 inquirit.Quam
1953 1321 2090 1361 cum

435 1407 503 1445 ea
534 1406 568 1445 a
588 1391 881 1462 principio
901 1391 974 1446 ad
996 1390 1177 1445 ﬁnem
1202 1407 1391 1463 usque
1424 1390 1886 1459 recitaret,illico
1910 1392 2086 1451 etiam

435 1479 554 1534 dux
611 1479 721 1534 iste
781 1479 1031 1547 sistitur,
1083 1484 1143 1534 et
1197 1479 1447 1535 muliere
1501 1481 1677 1551 jussu
1707 1480 2088 1553 imperatoris

432 1568 729 1624 occultata
804 1568 876 1622 de
931 1586 1082 1640 equo
1159 1569 1377 1625 acriter
1429 1570 1874 1642 interrogatur;
1908 1587 2086 1642 quem

431 1674 565 1714 cum
597 1663 1138 1713 asseveraretsuum
1167 1657 1349 1713 fuisse
1371 1675 1567 1730 neque
1598 1664 1769 1731 raptu
1787 1665 2083 1732 paratum,

431 1747 780 1818 producitur
808 1752 975 1802 extra
1019 1747 1216 1802 velum
1241 1745 1483 1810 mulier,
1515 1764 1682 1803 reum
1719 1746 1791 1803 de
1824 1748 1877 1802 vi
1909 1765 2084 1821 pera-

431 1835 749 1900 ctura.Qua
769 1836 819 1891 is
841 1841 1162 1908 conspecta
1175 1836 1420 1909 diriguit
1435 1841 1495 1891 et
1515 1836 1867 1908 aliquandiu
1881 1843 2083 1893 mutus

428 1927 697 1993 adstitit;
732 1927 1091 1999 tandemque
1122 1927 1196 1983 ad
1250 1945 1311 1983 se
1355 1945 1625 1984 reversus
1653 1927 1899 2001 supplex
1920 1928 2084 2000 pedi-

425 2017 535 2073 bus
567 2018 946 2090 imperatoris
978 2035 1109 2089 sese
1166 2018 1440 2088 advolvit,
1475 2019 1815 2091 lacrymans
1845 2036 1913 2075 ac
1943 2035 2083 2091 pec-

2200 593 2291 649 καὶ
2321 590 2500 655 τέχναι
2531 595 2651 665 ἣτις
2704 595 2767 652 τὸ
2819 592 3166 669 φιλοδίκαιον
3223 596 3322 648 τοῦ
3384 589 3657 668 βασιλέως
3687 591 3849 647 ἀκού-

2200 702 2360 754 σασα,
2388 680 2715 758 ἐκκαιομὲνη
2749 680 2808 738 δὲ
2838 683 2929 738 καὶ
2958 686 3038 756 τῷ
3087 685 3185 738 τοῦ
3238 678 3434 754 ἀνδρὸς
3462 678 3699 758 φίλτρῳ,
3760 680 3854 736 καὶ

2198 778 2315 835 τοῖς
2342 772 2549 837 τέκνοις
2580 773 2940 853 ἐπιχορηγεῖν
2970 773 3235 828 ἀτονοῦσα
3278 773 3346 828 τά
3400 771 3691 840 ἀναγκαῖα,
3750 773 3852 841 τήν

2202 859 2461 934 βασιλίδα
2516 857 2946 937 καταλαμϐάνει.
2999 861 3097 916 Καὶ
3151 861 3244 916 τὸν
3305 858 3569 938 Θεόφιλον
3618 860 3738 914 καθ’
3786 859 3853 928 ἦν

2197 951 2409 1027 ἡμέραν
2440 949 2644 1007 εἷ’θιστο
2674 947 2884 1009 ἀπιέναι
2924 951 3061 1027 πρὸς
3103 950 3197 1005 τὸν
3256 948 3310 1004 ἐν
3341 948 3679 1024 Βλαχέρναις
3710 954 3857 1013 θεῖον

2197 1040 2347 1113 ναὸν,
2379 1033 2585 1116 ἔποχον
2618 1043 2697 1112 τῷ
2736 1045 2831 1095 τοῦ
2861 1036 3055 1115 ἀνδρὸς
3121 1039 3290 1108 αὐτῆς
3338 1036 3499 1110 ’ίππῳ
3556 1034 3860 1093 κατιδοῦσα

2199 1124 2391 1203 δρόμῳ
2421 1128 2620 1201 πολλῷ
2647 1131 2739 1185 τὸν
2774 1129 3001 1211 χαλινὸν
3034 1129 3257 1207 κατέχει
3283 1131 3384 1183 τοῦ
3413 1125 3615 1195 ἵππου,
3649 1128 3855 1183 οῗγεῖον

2196 1217 2338 1273 εἶναι
2365 1221 2557 1273 τοῦτον
2591 1215 2844 1294 λέγουσα,
2874 1216 2964 1272 καὶ
2998 1218 3078 1291 μή
3134 1214 3307 1272 ἄλλον
3361 1214 3484 1271 τινὰ
3514 1212 3687 1271 αῗτιον
3721 1212 3855 1270 ἀλλ’

2195 1305 2354 1363 αὐτὸν
2398 1307 2662 1384 ὑπάρχειν
2692 1308 2787 1364 τὸν
2832 1306 3059 1384 βασιλέα
3114 1314 3215 1376 τῆς
3270 1310 3368 1362 τοῦ
3423 1303 3617 1381 ἀνδρὸς
3674 1306 3852 1374 αὐτῆς

2196 1404 2430 1473 σφαγῆς.
2464 1395 2789 1473 Ἐκπλαγείς
2820 1397 2964 1452 οὗνὸ
3020 1393 3277 1473 βασιλεὺς
3330 1395 3464 1458 τέως
3525 1396 3622 1470 μὲν
3675 1396 3849 1465 αὐτὴν

2194 1486 2517 1561 προσμένειν
2578 1483 2867 1563 διωρίσατο
2924 1483 3056 1565 ἄχρι
3111 1493 3212 1556 τῆς
3297 1485 3386 1541 ἐπὶ
3443 1486 3513 1540 τὰ.
3578 1485 3857 1560 ἀνάκτορα

2195 1572 2461 1631 ἐπανόδου
2491 1575 2679 1645 αὐτοῦ,
2718 1572 2921 1649 ἤδηξδὲ
2971 1572 3369 1651 ἐπαναδραμὼν
3408 1574 3606 1639 εὐθέως
3666 1576 3850 1645 αὐτὴν

2193 1666 2596 1739 παρεστήσατο,
2649 1663 2739 1720 καὶ
2800 1662 3180 1728 διεπυνθάνετο
3231 1661 3554 1743 σαφέστερόν
3608 1685 3663 1719 τι
3717 1666 3855 1739 περί

2191 1756 2302 1808 τῶν
2343 1751 2653 1827 λεγομένων
2719 1759 2931 1826 μαθεῖν.
2985 1747 3362 1809 Ἀναλαϐοῦσα
3422 1750 3481 1807 δὶ
3510 1755 3545 1823 ἡ
3588 1757 3723 1827 γυνή
3784 1756 3857 1809 τά

2191 1840 2281 1896 ἀπ’
2341 1840 2521 1916 ἀρχῆς
2589 1841 2725 1918 ἄχρι
2788 1840 2984 1906 τέλους
3038 1838 3383 1896 ἀναδιδάσκει
3446 1843 3536 1897 τὸν
3593 1841 3858 1918 βασιλέα.

2195 1931 2573 2005 Παρεστήσατο
2602 1935 2729 2005 γοῦν
2759 1928 2956 1996 εὑθὲως
2986 1930 3078 1986 τὸν
3123 1932 3452 2006 στρατηγὸν,
3512 1930 3604 1988 καὶ
3672 1936 3857 2004 ζήτη-

2195 2038 2276 2072 σιν
2308 2022 2547 2073 ποιεῖται
2587 2018 2710 2090 περὶ
2738 2022 2837 2073 τοῦ
2878 2016 3055 2073 ’ίππου
3112 2020 3386 2092 νεανικὴν,
3446 2025 3546 2088 τῆς
3595 2021 3863 2095 γυναικὸς

426 2114 625 2165 catum
684 2108 997 2164 conﬁtens.
1051 2110 1197 2180 Ergo
1230 2108 1557 2180 imperator
1586 2109 1714 2180 ejus
1771 2108 2076 2165 facultates

2192 2106 2329 2169 τὲως
2357 2108 2644 2182 προστάξει
2697 2106 2961 2182 βασιλικῇ
3019 2108 3429 2184 κρυπτομένης.
3466 2109 3861 2181 Ἐνισταμένου

425 2195 616 2251 vidua)
658 2198 905 2268 ejusque
936 2196 1143 2252 liberis
1192 2198 1361 2268 quasi
1411 2198 1549 2269 jure
1581 2197 1959 2253 haereditario
2015 2214 2076 2253 ex

2195 2192 2253 2251 δὲ
2282 2195 2378 2251 τοῦ
2409 2200 2714 2271 στρατηγοῦ
2745 2194 2944 2252 οἷκεῖον
2980 2196 3117 2251 εἶναι
3145 2197 3236 2251 τὸν
3289 2195 3459 2251 ἳππον
3512 2195 3603 2252 καὶ
3663 2199 3746 2270 μή
3805 2197 3856 2267 ἐξ

428 2305 598 2363 aequo
630 2289 871 2357 addicit,
902 2289 1219 2361 ipsumque
1254 2288 1540 2362 dignitate
1580 2290 1896 2361 spoliatum
1928 2289 2076 2345 exsi-

2196 2286 2447 2360 άρπαγῆς
2514 2283 2774 2355 κτηθέντα
2839 2283 3008 2358 αὐτῷ,
3093 2283 3268 2359 ἐξάγει
3352 2291 3702 2360 παραχρῆμα
3756 2290 3856 2340 τοῦ

426 2377 511 2432 lio
538 2382 823 2449 perpetuo
857 2377 1118 2435 damnat.
1145 2378 1302 2433 Adeo
1331 2379 1604 2435 infensus
1635 2384 1762 2434 erat
1790 2384 1849 2433 et
1877 2380 1949 2434 iis
1983 2379 2076 2450 qui

2193 2374 2684 2448 παραπετάσματος
2714 2375 2816 2442 τὴν
2847 2379 3097 2447 γυναῖκα,
3159 2370 3387 2450 ἔλεγχον
3456 2372 3856 2449 ἀψευδέστατον

426 2466 653 2539 injuste
685 2483 826 2537 opes
858 2482 1068 2538 parare
1100 2466 1503 2523 intenderent.
2006 2458 2009 2463 ’

2195 2464 2287 2519 καὶ
2343 2464 2652 2540 κατήγορον
2704 2467 2814 2517 τῶν
2868 2458 3202 2537 λεγομένων.
3277 2465 3381 2520 "HV
3462 2464 3492 2518 6
3547 2466 3857 2539 στρατηγὸς

433 2553 760 2625 θεασάμενος
792 2553 1041 2629 ἀπεπάγη
1074 2555 1161 2608 καὶ
1198 2552 1285 2609 ἐπὶ
1316 2553 1490 2610 πολὺν
1522 2553 1723 2628 χρόνον
1749 2551 1939 2609 ἵστατο
1978 2551 2141 2616 ἐνεός⁸
2179 2549 2344 2626 μόλις
2377 2550 2424 2607 δ’
2454 2552 2544 2611 οὗν
2571 2552 2647 2616 εἰς
2679 2551 2866 2607 ἑαυτὸν
2901 2552 3195 2628 γενόμενος
3225 2557 3334 2607 τῶν
3392 2549 3577 2608 ποδῶν
3611 2549 3845 2609 ἅπτεται

422 2647 525 2697 τοῦ
563 2641 836 2719 βασιλέως
868 2644 1004 2717 μετὰ
1033 2643 1345 2715 κλαυθμοῦ,
1379 2643 1466 2699 καὶ
1497 2645 1682 2714 ἱκέτης
1710 2642 1942 2706 ἐλεεινὸς
1982 2642 2212 2718 γίνεται,
2243 2643 2343 2712 τὴν
2370 2639 2658 2718 ἁμαρτάδα
2687 2639 3064 2717 ἐξαγορεύσας.
3094 2641 3163 2699 Τί
3196 2640 3288 2696 οῦν
3318 2642 3347 2697 6
3380 2641 3639 2717 βασιλεὺς
3668 2661 3684 2712 ;
3732 2645 3851 2713 Τὴν

426 2731 521 2804 μὲν
562 2738 801 2807 γυναῖκα,
824 2733 962 2805 μετά
985 2736 1094 2788 τῶν
1125 2728 1331 2791 παίδων
1363 2730 1634 2809 ἀδελφοὺς
1667 2730 1716 2805 ἐξ
1748 2729 1870 2787 ἴσου
1898 2732 1990 2788 καὶ
2022 2728 2410 2806 κληρονόμους
2438 2737 2537 2800 τῆς
2568 2728 2773 2786 ἐκείνου
2806 2728 3071 2786 δείκνυσιν
3124 2731 3491 2799 ὑποστάσεως,
3550 2731 3719 2787 αὐτὸν
3781 2729 3839 2788 δὲ

422 2827 525 2890 τῆς
557 2820 741 2900 ἀρχῆς
769 2819 1039 2888 παραλύει
1071 2820 1163 2876 καὶ
1197 2820 1459 2897 ὑπερορίᾳ
1491 2818 1729 2892 διηνεκεῖ
1759 2818 2002 2889 δίδωσιν.
2037 2818 2197 2879 Οὕτω
2226 2817 2670 2897 φιλαπεχθήμων
2699 2819 2765 2889 ἦν
2800 2820 2938 2896 πρὸς
2993 2818 3089 2882 τὰς
3148 2820 3391 2896 ἁρπαγάς
3449 2820 3540 2875 καὶ
3596 2820 3732 2884 τοὺς
3790 2820 3841 2892 ἐξ

422 2906 634 2971 ἀδικίας
660 2909 920 2966 πλουτεῖν
953 2909 1263 2975 ἐθέλοντας.

486 3002 768 3058 Ediﬂciis
816 3019 1051 3074 quoque
1115 3002 1211 3058 hic
1249 3003 1576 3075 imperator
1605 3018 1850 3074 operam
1892 3001 2075 3068 dedit,
2105 3007 2149 3075 α

415 3108 738 3163 murosque
759 3092 926 3149 urbis
956 3108 1188 3148 summo
1222 3092 1415 3148 studio
1463 3090 1693 3160 refecit,
1726 3091 2068 3148 humiliori-

413 3180 524 3237 bus
553 3180 800 3251 dejectis
831 3187 890 3236 et
914 3181 1229 3237 exstructis
1246 3181 1688 3252 altioribus,qui
1706 3180 1778 3237 ab
1797 3179 2069 3237 hostibus

411 3270 732 3326 conscendi
757 3286 877 3324 non
902 3276 1143 3339 possent
1165 3279 1196 3336 ;'
1214 3269 1316 3340 qui
1347 3270 1676 3325 etiamnum
1690 3269 2071 3340 stant,nomi-

409 3375 484 3414 ne
535 3359 663 3427 ejus
712 3358 1020 3429 inscripto.
1055 3358 1209 3423 Quin
1240 3363 1299 3414 et
1331 3359 1673 3414 meretrices
1704 3357 2065 3430 quibusdam

416 3445 650 3502 cellulis
702 3445 1058 3506 exturbavit.
1112 3445 1476 3517 domumque
1507 3447 1659 3503 908
1694 3463 1826 3502 eam
1879 3451 2065 3504 totam

416 3540 797 3608 expurgatam
856 3551 1153 3591 xenonem
1195 3534 1329 3607 (hoc
1386 3541 1479 3591 est
1530 3535 1687 3591 sedes
1737 3534 2069 3607 peregrinis

414 3624 783 3696 excipiendis
814 3624 1162 3695 destinatas)
1218 3624 1378 3691 fecit,
1406 3641 1441 3680 a
1488 3642 1550 3681 se
1592 3625 2070 3696 denominatum,

412 3716 630 3788 insigni
662 3713 1057 3786 amplitudine
1082 3719 1259 3786 atque
1290 3713 1754 3786 pulchritudine.
1783 3716 1945 3769 Nunc
1983 3718 2073 3770 est

411 3805 840 3861 monasterium
869 3803 1180 3859 muliebre.
1212 3805 1295 3859 Ex
1318 3820 1386 3858 eo
1419 3803 1609 3876 liquet
1654 3819 1832 3875 quam
1891 3802 2075 3858 fuerit

413 3893 758 3949 scortationi
790 3892 1087 3949 inimicus.
1113 3893 1322 3948 Fertur
1352 3909 1492 3948 sane
1524 3891 1711 3948 semel
1724 3891 2072 3946 dissolutius

413 3987 540 4038 tum
569 3982 1121 4045 viventem,ancillaa
1152 3982 1616 4054 pulchritudine,
1651 3998 1783 4052 quae
1807 3985 1934 4035 erat
1958 3980 2070 4035 im-

415 4071 725 4143 peratricis
754 4070 1136 4141 pedissequa,
1168 4070 1504 4141 deceptum,
1537 4086 1671 4125 cum
1703 4085 1771 4124 ea
1804 4085 1931 4124 rem
1964 4068 2072 4123 ha-

416 4160 617 4216 buisse
650 4177 663 4214 :
690 4160 794 4216 sed
824 4161 1021 4232 agnito
1053 4176 1189 4215 mox
1210 4159 1449 4226 delieto,
1482 4176 1619 4215 cum
1648 4158 1879 4214 videret
1906 4157 1980 4213 ob
2011 4156 2070 4212 id

414 4250 781 4306 Theodoram
813 4249 874 4303 in
907 4265 1142 4304 summo
1185 4264 1314 4304 esse
1346 4264 1621 4317 mmrore,
1654 4247 1893 4319 culpam
1923 4263 2069 4302 con-

408 4339 634 4396 fessum
665 4338 942 4394 manibus
967 4338 1041 4393 ad
1074 4339 1258 4393 Deum
1289 4336 1539 4393 sublatis
1554 4334 2069 4408 jurasse,nonnisi

413 4428 522 4485 hac
553 4428 676 4483 vice
706 4427 941 4499 lapsum
973 4442 1036 4482 se
1059 4442 1210 4491 esse,
1242 4425 1593 4497 veniamque
1622 4425 1752 4495 ejus
1783 4422 1855 4479 ab
1885 4439 2067 4479 uxore

414 4517 679 4589 petiisse.
711 4515 940 4572 Palatia
988 4516 1166 4570 etiam
1195 4514 1429 4571 ﬁliabus
1481 4514 1605 4569 suis
1652 4512 1942 4582 condidit,
1998 4528 2069 4568 ea

416 4606 659 4679 regione
709 4621 839 4676 quae
898 4604 1129 4661 Cariani
1188 4603 1441 4670 dicitur;
1503 4620 1757 4674 quorum
1800 4608 2064 4674 tempore

417 4695 799 4751 subrutorum
831 4699 1033 4750 nostra
1062 4694 1388 4755 etiamnum
1438 4696 1608 4747 astate
1641 4697 1876 4747 exstant
1921 4690 2064 4745 reli-

415 4784 590 4856 quia).
617 4784 771 4838 999
796 4783 1065 4854 Bryantis
1123 4799 1358 4854 quoque
1417 4780 1703 4852 palatium
1735 4779 2064 4847 aediﬁcavit,

414 4874 488 4930 ad
518 4871 969 4929 similitudinem
1000 4872 1487 4929 Seracenicarum
1518 4869 1757 4925 aedium.

480 5150 672 5220 Atque
697 5147 790 5202 his
820 5143 1062 5217 quidem
1086 5144 1148 5198 in
1169 5141 1347 5199 rebus
1377 5140 1677 5215 magnifici
1717 5156 1939 5196 nomen
1960 5138 2065 5195 ad-

409 5238 909 5306 mirationemque
941 5232 1162 5289 meruit
1190 5231 1569 5302 Theophilus.
1599 5228 1711 5286 Sed
1740 5229 1801 5285 in
1828 5246 1929 5285 eos
1959 5225 2064 5300 qui

410 5325 638 5380 cultum
660 5323 875 5380 divinis
897 5321 1257 5395 imaginibus.
1268 5319 1825 5392 praestarentnimis
1845 5317 2063 5376 durum

411 5430 474 5468 se
501 5419 677 5485 atque
735 5414 1131 5468 inhumanum
1190 5410 1463 5483 prasbuit,
1515 5426 1725 5466 omnes
1764 5409 1865 5481 qui
1924 5415 2063 5466 ante

411 5502 609 5574 ipsum
640 5501 806 5556 fuere
838 5507 1123 5572 tyrannos
1173 5499 1523 5556 crudelitate
1555 5499 1789 5553 vincere
1821 5505 2064 5554 conten-

413 5591 584 5646 dens.
615 5590 761 5646 Nam
788 5588 1106 5644 Michaelus
1136 5587 1293 5643 919
1331 5592 1498 5660 pater
1528 5588 1658 5660 ejus
1693 5585 1958 5643 edixerat
1986 5603 2061 5645 ne

414 5678 525 5735 ulli
555 5677 728 5751 pictam
785 5676 1053 5748 imagini,
1078 5676 1422 5750 ubicunque
1479 5692 1552 5734 ea
1605 5679 1785 5747 esset,
1842 5691 2061 5735 nomen

2261 2997 2528 3056 Ἐνὲκειτο
2559 2996 2618 3055 δί
2646 2998 2735 3055 καὶ
2769 3004 2888 3062 ταῖς
2920 2995 3241 3073 οἰκοδομαῖς
3282 3001 3312 3056 ὁ
3369 2999 3528 3062 αὐτὸς
3566 2999 3851 3075 βασιλεὺς,

2179 3088 2272 3144 καὶ
2301 3091 2408 3142 τῶν
2440 3087 2643 3145 τειχῶν
2673 3094 2777 3159 τῆς
2809 3084 3025 3152 πόλεως
3070 3089 3332 3164 μεγίστην
3382 3086 3681 3164 ἐνεδείξατο
3717 3089 3845 3147 ἔπι-

2184 3175 2434 3257 μὲλειαν,
2492 3177 2561 3234 τά
2611 3176 3025 3255 χθαμαλώτερα
3079 3180 3448 3255 καταστρέψας
3502 3179 3594 3234 καὶ
3624 3179 3846 3255 ἀνυψώ-

2182 3285 2280 3328 σας
2307 3265 2397 3320 καὶ
2437 3260 2608 3320 ἄϐατα
2649 3266 2972 3336 πεποιηκὼς
3026 3270 3144 3330 τοῖς
3202 3264 3446 3341 ἐχθροῖς·
3507 3266 3539 3321 ἃ
3594 3264 3686 3321 καὶ
3747 3268 3843 3322 νῦν

2180 3351 2448 3421 ἳστανται,
2526 3355 2625 3423 τήν
2684 3353 2889 3409 ἐκείνου
2946 3353 3316 3430 προσηγορίαν
3389 3354 3442 3410 δν
3517 3356 3841 3432 γράμμασιν

2180 3435 2401 3518 ἔχοντα,
2439 3441 2514 3500 Οὐ
2551 3443 2660 3516 μὴν
2690 3439 2838 3499 ἀλλὰ
2888 3441 2982 3498 καὶ
3036 3441 3239 3517 πόρνας
3296 3442 3570 3506 ἀπελάσας
3603 3443 3654 3514 ἐξ
3682 3444 3851 3516 οἰκη-

2183 3530 2368 3605 μάτων
2397 3535 2584 3601 τινῶν,
2643 3530 2734 3586 καὶ
2791 3530 3028 3605 καθάρας
3081 3529 3210 3587 ὅλον
3266 3530 3469 3589 ἐκεῖνον
3524 3533 3619 3588 τὸν
3653 3538 3847 3610 χῶρον

2180 3621 2375 3690 ξενῶνα
2405 3620 2675 3690 πεποίηκε
2722 3621 2821 3689 τὴν
2887 3618 3090 3675 ἐκείνου
3148 3620 3520 3697 προσηγορίαν
3580 3623 3849 3698 φέροντα,

2181 3707 2375 3765 κάλλει
2457 3730 2516 3765 τε
2572 3708 2869 3766 κάλλιστον
2924 3707 3017 3765 καί
3087 3711 3339 3784 μέγιστον
3423 3711 3841 3784 κατεσκεύασεν,

2180 3797 2312 3875 ὅπερ
2387 3798 2528 3871 ἐστὶν
2610 3796 2733 3874 ἄρτι
2806 3804 3104 3873 γυναικεῖον
3196 3801 3587 3875 μοναστήριον.
3649 3801 3845 3867 Οὕτως

2180 3885 2385 3953 ἐκεῖνος
2414 3890 2537 3964 εἶχε
2565 3890 2700 3964 πρὸς
2730 3890 2828 3960 τὴν
2897 3888 3173 3962 πορνείαν.
3234 3885 3389 3956 Πλήν
3446 3890 3529 3943 ὅτι
3564 3890 3628 3964 γὲ
3682 3912 3844 3969 φασιν

2181 3977 2341 4033 αὐτὸν
2395 3976 2591 4034 κάλλει
2648 3977 2780 4034 ποτε
2838 3974 3214 4050 θεραπαινίδος
3254 3975 3477 4043 ἁλόντα,
3539 3979 3846 4053 ὑπηρετού-

2179 4087 2277 4138 σης
2305 4069 2374 4140 τῇ
2410 4063 2673 4141 βασιλίδι,
2731 4069 3113 4143 συμφθαρῆναι
3175 4065 3336 4136 αὐτῆ,
3396 4065 3655 4141 ῥᾳθύμως
3710 4069 3838 4124 τότε

2184 4155 2420 4230 βιοῦντα.
2482 4156 2629 4210 Ἐπεὶ
2689 4151 2745 4210 δὲ
2802 4153 3000 4230 ᾔσθετο
3059 4152 3584 4233 ὠλισθηκὼς,ἓγνω
3640 4153 3704 4211 δὶ
3742 4157 3837 4212 καὶ

2176 4246 2276 4314 τήν
2310 4241 2593 4322 Θεοδώραν
2625 4241 2765 4315 ὅλην
2794 4243 3095 4319 γενομένην
3160 4248 3257 4300 τοῦ
3311 4245 3516 4308 πάθους
3559 4247 3651 4299 καὶ
3705 4267 3842 4302 κατ-

2179 4337 2448 4412 ηφιῶσαν,
2483 4335 2567 4407 [Ρ.
2616 4336 2743 4405 518]
2799 4333 2958 4413 φασὶν
3022 4331 3247 4404 ἐξειπεῖν
3298 4331 3681 4409 ἒπομνύμενον
3746 4335 3840 4392 καὶ

2176 4421 2271 4484 τάς
2304 4426 2494 4496 χεῖρας
2523 4419 2747 4496 α’ίροντα
2775 4422 2913 4496 πρὸς
2940 4421 3069 4477 Θεὸν
3099 4424 3137 4492 ἦ
3193 4423 3299 4496 μὴν
3356 4422 3479 4478 τότε
3511 4423 3680 4498 μόνον
3754 4422 3841 4479 διο

2178 4508 2492 4581 ολισθῆσαι,
2523 4510 2611 4565 καὶ
2664 4508 2994 4587 συγγνώμην
3051 4508 3218 4566 αἰτεῖν
3274 4509 3421 4586 παρά
3474 4518 3577 4580 τῆς
3633 4511 3836 4567 ἑαυτοῦ

2175 4598 2453 4675 γυναικός.
2487 4597 2858 4655 Κατεσκεύασε
2901 4595 2958 4653 δὲ
3008 4598 3099 4653 καὶ
3152 4598 3420 4674 ἀνάκτορα
3481 4605 3601 4662 ταῖς
3633 4601 3837 4656 ἑαυτοῦ

2175 4688 2465 4764 θυγατράσι
2491 4688 2640 4762 παρά
2665 4688 2755 4742 τὸν
2790 4685 2933 4743 οὕτω
2962 4685 3303 4762 καλούμενον
3355 4692 3543 4765 χῶρον
3592 4690 3657 4744 τὰ
3723 4695 3837 4746 Κα-

2175 4780 2383 4853 ριανοῦ,
2414 4776 2489 4842 ὡς
2534 4777 2625 4832 καί
2673 4774 2726 4839 ἐς
2783 4779 2933 4852 ἡμᾶς
2999 4780 3080 4849 τῷ
3111 4776 3297 4853 χρόνῳ
3352 4776 3833 4855 κατεργασθέντων

2174 4869 2406 4945 λείψανα
2435 4868 2853 4944 περισώζονται.
2886 4868 3106 4925 "Exue:
3131 4863 3190 4923 δὲ
3237 4868 3266 4923 6
3317 4866 3579 4943 βασιλεὺς
3638 4870 3737 4924 καὶ
3769 4872 3840 4927 τὰ

2171 4962 2269 5015 τοῦ
2299 4959 2570 5034 Βρύαντος
2602 4958 2890 5031 ἀνάκτορά,
2930 4957 3067 5032 πρὸς
3102 4957 3200 5025 τήν
3259 4961 3368 5012 τῶν
3433 4963 3837 5034 Σαρακηνικᾶν

2172 5047 2492 5121 οἰκημάτων
2518 5046 2781 5121 ὁμοίωσιν
2813 5045 3218 5111 κατασκευάσας
3245 5043 3402 5103 αὖτά.

2244 5135 2346 5194 Καὶ
2377 5137 2498 5211 περὶ
2535 5136 2629 5209 μὶν
2656 5134 2723 5190 τὰ
2768 5137 2993 5190 τοιαῦτα
3048 5129 3224 5190 ἐδόκει
3279 5154 3338 5190 τε
3393 5134 3485 5190 καὶ
3542 5133 3831 5209 ἐνομίζετο

2175 5222 2599 5300 μεγαλοπρεπὴς
2652 5224 2681 5279 6
2737 5221 3003 5303 Θεόφιλος
3054 5222 3145 5278 καὶ
3196 5224 3526 5298 θαυμαστὸς,
3596 5226 3726 5300 περὶ
3771 5224 3833 5282 ὂὶ

2172 5315 2300 5377 τοὺς
2332 5313 2429 5375 τάς
2462 5312 2607 5378 θείας
2639 5310 2727 5369 καί
2777 5312 3087 5388 ἀχράντους
3118 5317 3553 5387 προσκυνοῦντας
3611 5314 3837 5379 εἲκόνας

2180 5403 2302 5461 λίαν
2339 5400 2505 5479 βαρύς
2536 5422 2620 5464 τις
2658 5401 2748 5456 καὶ
2794 5401 3064 5475 αὐστηρὸς
3122 5401 3215 5457 καὶ
3274 5403 3480 5468 πάντας
3532 5403 3659 5467 τοὺς
3721 5410 3837 5480 πρὸ

2173 5492 2342 5549 αὐτοῦ
2371 5491 2661 5568 τυράννους
2691 5489 2947 5564 ὠμότητι
2984 5490 3290 5566 παρελάσαι
3349 5492 3705 5571 φιλονεικῶν.
3771 5496 3844 5555 Οἱ

2176 5583 2271 5657 μὲν
2305 5580 2408 5660 γὰρ
2443 5574 2814 5656 προλαϐόντες
2841 5576 2991 5636 Λέων
3044 5600 3104 5635 τε
3157 5582 3291 5651 ἦσαν
3345 5581 3436 5639 καὶ
3497 5589 3845 5642 Κωνσταντῖ-

2179 5693 2273 5736 νος
2308 5672 2337 5728 6
2367 5671 2745 5749 Κοπρώνυμος
2789 5669 2881 5726 κάὶ
2939 5668 3177 5746 Μιχαὴλ
3233 5671 3261 5728 6
3312 5672 3513 5729 τούτου
3568 5673 3754 5750 πατὴρ
3809 5676 3846 5732 6
