4056 6276
241 363 383 425 993

1386 363 1926 426 HISTORIARUM
1975 361 2530 428 GOMPENDIUM.

3573 366 3691 428 994

247 497 542 576 Τρσυλός.
575 501 636 558 Ὀ
669 501 762 573 μὶν
795 497 1039 565 ἐθέσπισε
1093 501 1170 575 μή
1228 521 1336 555 τινι
1389 500 1497 555 τῶν
1527 500 1917 577 γεγραμμένων

2043 500 2254 555 sanctus
2277 501 2907 574 imprimeretur,quod
2928 502 2989 558 id
3010 500 3159 558 nulli
3184 502 3268 558 rei
3291 507 3688 574 praeterquam

251 589 515 661 εἰκόνων,
606 590 706 645 κᾶν
800 612 905 645 που
970 591 1311 671 γραφόμεναι
1384 590 1631 665 τύχοιεν,
1704 595 1924 665 ⁴ἰλγιος,

232 682 455 757 φωνὴν
484 679 934 757 ἐγχαράττεσθαι,
988 680 1062 743 ὡς
1120 679 1219 735 οὐκ
1281 678 1438 753 ἄλλῳ
1465 679 1570 735 τινὶ
1609 684 1711 748 τῆς
1744 676 1925 733 τοιαύ-

245 787 366 839 της
398 767 747 843 ἁρμοζούσης
780 775 967 846 φωνῆς
993 768 1028 840 ἢ
1064 768 1218 842 μόνῳ
1252 772 1330 841 τῷ
1360 766 1518 841 Θεῖῳ,
1545 768 1646 823 οὐκ
1673 766 1925 842 εὐστόχῳ

251 857 457 933 βαλὼν
485 862 564 929 τῷ
593 855 701 912 νοΐ⁶
732 864 833 929 τῆς
873 858 997 933 γὰρ,
1043 857 1191 925 Θεὸς,
1247 863 1433 937 φωνῆς
1463 860 1579 919 τοῖς
1611 855 1927 930 ἀνθρώποις

254 944 592 1021 μεταδιδοὺς
622 947 649 1001 6
683 947 836 1015 Θεὸς,
863 945 1207 1021 ὑψηλοτέρας
1232 944 1398 1017 οὔσης
1430 946 1577 1020 παρὰ
1599 945 1684 1011 τὸ,
1713 945 1927 1020 Ἃγιος,

250 1038 589 1111 πρόσρημα,
647 1037 1029 1109 ταπεινοτέρας
1094 1031 1263 1107 οὔσης
1338 1026 1465 1105 τῆς,
1522 1041 1737 1110 Ἃγιος,
1795 1033 1931 1089 κατά

250 1126 440 1195 πολὺ,
475 1126 576 1180 οὐκ
625 1125 688 1181 ἃν
730 1125 957 1188 τούτους
1008 1126 1416 1202 ἀποστερήσειε.
1453 1121 1604 1196 ιιλὴν
1635 1128 1797 1180 τοῦτο
1834 1123 1928 1197 μὶν

253 1217 427 1272 οὗτος
460 1213 754 1285 ἐθέσπισεν,
778 1217 806 1271 ὁ
828 1216 933 1291 πρὸ
964 1214 1130 1271 αὐτοῦ
1162 1212 1217 1269 δὲ
1250 1215 1397 1269 Λέων
1426 1213 1515 1269 καὶ
1546 1214 1574 1268 6
1603 1213 1718 1276 υἱὸς
1740 1212 1932 1291 αὐτοῦ,

257 1304 680 1367 Κωνσταντίνος
739 1305 801 1360 τὸ
866 1303 1008 1378 μηδὲ
1062 1303 1479 1379 προσκυνεῖσθαι
1538 1302 1688 1367 ’ὀλως
1741 1302 1926 1366 critic“

257 1392 534 1473 Θεόφιλος
592 1391 650 1449 δὲ
704 1393 768 1449 τὸ
810 1391 950 1467 μηδὲ
988 1393 1250 1468 χρώμασι
1303 1392 1500 1455 ταύτας
1563 1393 1931 1472 μορφοῦσθαι-

260 1482 625 1557 χαμαίζηλον
656 1483 761 1559 γὰρ
795 1483 858 1538 τὸ
907 1482 1043 1559 πρὸς
1089 1483 1157 1537 τά
1213 1485 1439 1537 τοιαῦτα
1468 1480 1785 1554 ἐπτοῆσθαι,
1821 1480 1921 1555 μόν

269 1572 373 1641 νῆν
436 1568 492 1627 δὲ
550 1575 772 1627 σκοπεῖν
828 1573 928 1642 τήν
983 1570 1259 1642 ἀλήθειαν.
1322 1570 1668 1646 Καθῃροῦντο
1713 1569 1808 1643 μὲν
1837 1568 1934 1625 οὗ-

272 1660 519 1717 ἔντεῦθεν
577 1661 713 1718 κατά
768 1666 942 1718 πᾶσαν
997 1661 1097 1731 τῆν
1150 1659 1447 1733 ἒκκλησίαν
1507 1661 1562 1715 αἱ
1619 1661 1754 1715 θεῖαι
1795 1678 1931 1735 μορ,

268 1751 390 1827 φαὶ,
425 1749 589 1825 θηρία
622 1747 678 1805 δὶ
709 1750 801 1805 καὶ
864 1744 1077 1825 ὄρνιθες
1132 1748 1252 1803 ἀντὶ
1292 1748 1500 1804 τούτων
1531 1746 1931 1820 ἀνεστηλοῦντο

267 1838 371 1907 τὴν
403 1839 600 1895 τούτου
631 1835 881 1914 θηριώδη
922 1839 1009 1893 καὶ
1062 1834 1459 1913 ἀνδραποδώδη
1492 1836 1677 1892 ἄνοιαν
1709 1834 1927 1911 ἐξελέγ-

273 1947 473 2004 χοντα.
528 1932 804 1991 Ἐντεῦθεν
867 1922 1132 2002 βεϐήλοις
1186 1926 1345 2005 χερσὶ
1396 1926 1462 1981 τὰ
1517 1927 1645 2003 ἅγια
1691 1924 1781 1980 καὶ
1810 1923 1931 2000 ἱερά

270 2014 546 2091 κειμήλια
590 2014 677 2071 ἐπὶ
734 2022 832 2086 τῆς
868 2010 1089 2092 ’ἀγορᾶς
1149 2014 1503 2091 ἐῤῥιπτοῦντο
1558 2016 1648 2070 καί
1706 2008 1931 2094 ἐφυϐρί-

279 2109 458 2176 ζοντο.
507 2106 781 2163 Ἐντεῦθεν
838 2105 906 2160 τὰ
958 2108 1066 2160 τῶν
1126 2104 1442 2181 κακούργων
1499 2102 1810 2179 ἐπληροῦτο
1841 2098 1932 2158 δε-

278 2196 569 2271 σμωτήρια
607 2198 715 2250 τῶν
757 2191 845 2249 διὰ
890 2199 1058 2266 τιμῆς
1115 2192 1353 2269 ἀγόντων
1384 2192 1479 2256 τὰς
1512 2193 1658 2256 θείας
1693 2192 1926 2270 μορφὰς,

280 2283 650 2359 μοναζόντων,
718 2281 1052 2354 ἐπισκόπων,
1127 2280 1599 2358 ποιμαινομένων,
1664 2281 1755 2337 καὶ
1819 2284 1926 2336 τῶν

273 2374 588 2452 γραφόντων
636 2371 823 2436 αὐτάς.
881 2371 1077 2448 [ιλήρη
1111 2370 1169 2427 δὶ
1197 2371 1288 2428 καὶ
1335 2372 1403 2429 τὰ
1434 2369 1536 2447 ὅρη
1567 2369 1658 2427 καὶ
1688 2371 1755 2428 τὰ
1785 2370 1931 2443 σπήε-

272 2461 407 2518 λαια
472 2467 577 2518 τῶν
649 2462 725 2525 ὡς
788 2461 1108 2538 κακούργων
1167 2459 1323 2537 λιμῷ
1387 2458 1772 2536 ἀναιρεθέντων
1838 2458 1929 2515 καὶ

276 2548 446 2627 δίψει.
480 2545 744 2614 Ἀὄάτους
774 2552 879 2629 γὰρ
908 2552 1191 2627 τηρεῖσθαι
1242 2552 1337 2615 τὰς
1385 2550 1579 2614 πόλεις
1610 2556 1727 2615 τοῖς
1760 2571 1931 2625 μονα-

275 2646 410 2721 χοῖς
483 2639 968 2719 ἰγκελευσάμενος,
1034 2640 1126 2697 καὶ
1191 2639 1364 2696 πάντα
1454 2641 1659 2715 τρόπον
1734 2638 1929 2702 αὐτοὺς

276 2729 679 2795 ἀπελαύνεσθαι
739 2729 1014 2797 θεσπίσας,
1073 2727 1289 2803 μᾶλλον
1320 2726 1378 2784 δὲ
1412 2726 1553 2803 μηδὲ
1581 2730 1717 2785 κατά
1741 2728 1927 2805 χώραν

277 2817 506 2895 ὁρᾶσθαι
561 2818 796 2893 τολμᾶν,
846 2818 1134 2895 εἰργάσατο
1182 2818 1250 2874 τά
1294 2817 1633 2895 μοναστήριά
1675 2817 1765 2874 καὶ
1796 2820 1933 2887 ἡσυ-

277 2910 557 2985 χαστήρια
613 2914 880 2986 περιφανῆ
940 2903 1303 2983 πολυάνδρια,
1346 2910 1457 2964 τῶν
1502 2907 1664 2983 ἰερῶν
1720 2902 1931 2982 ἀνδρῶν

280 2995 577 3074 προδοῦναι
607 3001 709 3069 τὴν
760 2998 954 3072 ἀρετήν
1007 2999 1099 3053 καὶ
1157 2997 1218 3053 τὸ
1275 2997 1419 3072 ἱερὸν
1452 2992 1655 3069 ἔνδυμα
1687 2996 1764 3070 μὴ
1801 2996 1932 3072 βου-

279 3086 555 3161 λομένων,
589 3086 742 3161 λιμῷ
775 3085 832 3143 δὲ
862 3085 952 3142 καὶ
982 3086 1306 3163 κακουχίαις
1347 3086 1798 3162 προαιρουμένων
1828 3087 1930 3155 τήν

282 3178 431 3248 ζωὴν
485 3172 892 3256 καταστρέφειν,
948 3174 1105 3231 ἐνίων
1163 3174 1221 3231 δὶ
1277 3170 1579 3250 περιϐολῆς
1621 3173 1932 3250 κατολιγω-

2034 588 2144 645 soli
2175 589 2292 644 Deo
2325 607 2653 664 congruere
2676 592 2939 666 putabat,
2965 609 3163 649 errore
3188 592 3428 665 quidem
3460 592 3688 664 opinio-

2034 679 2144 733 nis.
2181 676 2324 733 Cum
2352 679 2512 734 enim
2546 683 2684 735 Deus
2713 697 2933 737 nomen
2967 682 3332 750 Deus,multo
3365 698 3545 754 quam
3574 697 3685 736 vox

2034 766 2267 823 Sanctus
2300 766 2375 821 sit
2408 767 2732 840 augustius,
2767 769 2995 824 homini
3026 775 3226 826 tamen
3263 768 3501 840 tribuat,
3534 787 3685 842 quo-

2035 854 2210 908 modo
2242 853 2299 908 id
2351 852 2511 926 quod
2565 855 2755 910 multo
2812 856 2987 911 vilius
3046 863 3134 911 est
3176 857 3544 931 denegaret?
3576 859 3687 914 Leo

2037 946 2234 1000 autem
2266 949 2326 1000 et
2355 944 2512 1000 filius
2540 946 2667 1016 ejus
2691 946 3097 1018 Copronymus
3120 936 3283 1003 omni
3316 966 3519 1004 earum
3551 948 3689 1003 ado-

2035 1037 2264 1092 ratione
2287 1054 2528 1109 prorsus
2552 1035 3368 1110 interdixerant.Theophilus
3394 1045 3592 1095 autem
3614 1054 3689 1093 ne

2034 1123 2197 1199 pingi
2256 1125 2500 1197 quidem
2561 1142 2660 1183 eas
2717 1125 3018 1182 coloribus
3095 1128 3408 1194 concessit,
3468 1127 3686 1200 abjecti

2036 1215 2240 1271 dicens
2271 1215 2456 1271 animi
2488 1232 2617 1272 esse
2644 1216 2852 1273 talium
2885 1233 3085 1271 rerum
3117 1216 3689 1287 admirationem,ip-

2038 1321 2282 1377 samque
2315 1305 2503 1360 solam
2537 1305 2921 1377 spectandam
2964 1322 3093 1361 esse
3124 1305 3452 1361 veritatem.
3487 1306 3690 1375 Itaque

2036 1392 2246 1449 divinas
2273 1393 2562 1467 imagines
2585 1394 2860 1450 omnibus
2881 1395 2943 1450 in
2969 1395 3202 1467 templis
3233 1394 3691 1468 dejiciebantur,

2038 1498 2361 1555 earumque
2393 1482 2520 1538 loco
2551 1482 2875 1539 bestiarum
2899 1488 2958 1539 et
2986 1484 3180 1539 avium
3204 1483 3522 1538 simulacra
3549 1482 3690 1555 fige-

2035 1571 2274 1638 bantur,
2308 1571 2637 1628 belluinam
2666 1577 2726 1628 et
2746 1571 3017 1628 servilem
3040 1572 3352 1644 Theophili
3384 1570 3694 1645 arguentia

2038 1664 2357 1719 vesaniam.
2391 1663 2473 1717 Ex
2504 1679 2573 1719 eo
2625 1669 3004 1720 sacrosancta
3053 1662 3306 1718 donaria
3336 1663 3395 1717 in
3423 1661 3550 1717 foro
3581 1662 3691 1718 im-

2038 1753 2202 1825 puris
2235 1753 2510 1809 manibus
2531 1752 2916 1826 jactabantur
2944 1757 3120 1824 atque
3144 1751 3538 1824 ignominiose
3567 1756 3691 1805 tra-

2038 1842 2389 1909 ctabantur;
2435 1859 2502 1898 ac
2553 1838 2820 1897 sontibus
2861 1840 3045 1897 debiti
3078 1857 3344 1896 carceres
3376 1839 3446 1895 iis
3476 1838 3693 1911 imple-

2038 1929 2274 2000 bantur,
2304 1932 2404 2005 qui
2436 1930 2666 1987 divinas
2712 1931 2998 2004 imagines
3030 1929 3324 1994 colebant,
3357 1928 3690 1996 monachis,

2040 2020 2351 2094 episcOpis,
2386 2019 2658 2091 subditis,
2694 2036 3018 2091 earumque
3048 2018 3412 2093 pictoribus:
3456 2020 3690 2073 montes

2080 2126 2274 2181 uoque
2290 2115 2347 2165 et
2359 2110 2657 2181 speluncas
2672 2108 2743 2166 iis
2757 2109 3141 2182 replebantur
3153 2109 3252 2181 qui
3267 2107 3693 2181 ﬂagitiosorum

2080 2127 2274 2181 uoque
2290 2127 2347 2165 et
2359 2127 2657 2181 speluncas
2672 2128 2743 2166 ns
2757 2127 3141 2182 reptenamur
3153 2127 3252 2181 qui
3267 2127 3693 2181 uagiuosorum

2039 2127 2169 2254 iloco
2195 2198 2351 2254 fame
2376 2215 2444 2255 ac
2474 2198 2571 2254 siti
2602 2198 2989 2254 necabantur.
3013 2198 3292 2253 Edixerat
3325 2196 3485 2252 enim
3506 2196 3693 2251 Theo-

2037 2286 2238 2359 philus
2266 2303 2340 2343 ne
2382 2286 2692 2343 monachis
2730 2287 2914 2342 ullam
2961 2287 3171 2342 urbem
3201 2287 3425 2341 intrare
3456 2284 3687 2350 liceret,

2027 2376 2409 2449 jusseratque
2441 2375 2603 2431 omni
2634 2374 2809 2431 modo
2840 2393 2941 2431 eos
2961 2375 3170 2442 arceri,
3194 2380 3370 2445 atque
3402 2370 3547 2428 adeo
3570 2388 3690 2427 non

2038 2469 2232 2520 tutum
2252 2471 2378 2520 erat
2400 2465 2472 2520 iis
2494 2464 2757 2538 conspici
2791 2481 2860 2520 ea
2886 2464 2950 2519 in
2980 2463 3239 2536 regione.
3263 2462 3411 2516 9H
3445 2461 3596 2526 Quin
3629 2465 3689 2514 et

2038 2554 2403 2610 monasteria
2455 2559 2633 2625 atque
2690 2553 2797 2608 otii
2838 2552 2992 2608 sacri
3023 2568 3202 2607 causa
3233 2550 3501 2606 conditas
3534 2547 3688 2603 mdes

2038 2643 2304 2714 profanis
2325 2642 2666 2698 hominibus
2686 2641 3121 2714 frequentabat.
3138 2640 3382 2697 Interim
3400 2639 3482 2711 pii
3506 2636 3695 2693 homi-

2040 2746 2168 2797 nes,
2202 2731 2303 2801 qui
2361 2730 2610 2803 prodere
2670 2731 2952 2786 virtutem
3009 2743 3361 2799 sacrumque
3408 2727 3689 2781 vestitum

2040 2818 2293 2883 nollent,
2324 2818 2480 2874 fame
2510 2835 2579 2875 ac
2608 2819 2968 2875 cruciatibus
2997 2817 3149 2873 mori
3183 2815 3504 2873 malebant.
3541 2815 3692 2869 Non-

2041 2907 2190 2963 nulli
2215 2908 2481 2981 neglecto
2505 2907 2713 2963 habitu
2733 2907 3007 2979 peribant
3031 2924 3044 2961 :
3070 2906 3237 2962 multi
3267 2903 3692 2976 etiam,quibus

2042 2996 2241 3052 minus
2271 3002 2398 3052 erat
2434 2996 2663 3051 virtutis
2712 2995 2996 3066 studium,
3028 2996 3268 3068 hymnis
3299 3010 3367 3049 ac
3399 2991 3691 3049 cantioni-

2040 3083 2152 3141 bus
2183 3088 2367 3141 sacris
2399 3085 2649 3158 ipsoque
2697 3085 2878 3140 etiam
2926 3086 3141 3141 vestitu
3172 3081 3457 3148 dimissis,
3488 3080 3700 3135 liberm

2043 3191 2110 3230 ac
2141 3174 2349 3229 solutas
2407 3174 2536 3230 vitae
2596 3190 2725 3230 esse
2782 3172 3094 3230 dederunt.
3125 3174 3270 3228 Nam
3322 3172 3430 3227 hos
3461 3184 3697 3242 quoque

283 3240 529 3341 ροόντων
561 3240 816 3340 καὶ
859 3240 1004 3342 παρά
1056 3269 1220 3320 τοῦτο
1252 3240 1672 3335 ἀπόλλυμένων.
1719 3240 1929 3319 Πολλοὶ

2045 3269 2228 3320 castus
2258 3265 2584 3336 imperator
2613 3263 2941 3336 dissipavit,
2975 3264 3074 3335 qui
3128 3262 3240 3318 soli
3272 3261 3346 3317 ad
3390 3260 3701 3315 refrenan-

285 3352 344 3410 δὲ
392 3356 484 3410 καὶ
536 3359 646 3411 τῶν
703 3353 1072 3431 ῥᾳθυμότερον
1131 3351 1440 3423 διαζώντων
1486 3354 1580 3409 τὸν
1629 3350 1812 3409 ἄνετον
1839 3353 1930 3408 καὶ

283 3441 647 3518 ἐκλελυμένον
680 3443 995 3513 ἠσπάσαντο
1032 3444 1176 3519 βίον,
1236 3440 1419 3516 ὕμνων
1449 3442 1609 3497 θείων
1652 3443 1739 3497 καὶ
1774 3439 1931 3515 ᾠδῶν

283 3533 374 3589 καὶ
429 3531 595 3590 αὐτοῦ
652 3537 750 3589 τοῦ
832 3535 1124 3608 σχήματος
1181 3532 1269 3607 [Ρ.
1331 3533 1458 3606 519]
1526 3528 1930 3611 ἀφειδήσάντεςο

285 3624 375 3679 καὶ
429 3624 532 3700 γὰρ
588 3621 712 3679 οὐδὲ
766 3622 995 3685 τούτους
1051 3621 1328 3677 τελεῖσθαι
1387 3621 1514 3685 τοὺς
1573 3619 1935 3697 συλλόγουςὸ

288 3712 541 3787 τύραννος
574 3712 974 3788 συνεχώρησεν,
1020 3710 1073 3765 οἳ
1120 3708 1389 3772 πολλάκις
1432 3708 1521 3764 καὶ
1564 3708 1720 3784 μόνοι
1752 3705 1936 3765 δύναν-

285 3804 585 3871 ταιτηρεῖν
619 3799 709 3855 καὶ
769 3801 883 3855 οἷον
943 3797 1171 3875 χαλινός
1230 3819 1314 3861 τις
1374 3798 1507 3853 εἶναι
1557 3803 1675 3862 τοῖς
1706 3798 1841 3873 πρὸς
1872 3796 1940 3853 τὰ

289 3890 451 3967 πάθη,
492 3889 708 3965 ἀλόγως
748 3887 1250 3954 κατολισθαίνουσι.
1314 3887 1466 3957 Πλήν
1526 3889 1591 3944 οὐ
1632 3888 1939 3945 παντάπασι

289 3983 397 4033 τῶν
428 3977 725 4053 ἀνθρώπων
770 3976 899 4033 οὐδὲ
954 3978 1078 4032 τότε
1132 3976 1194 4032 τὸ
1251 3976 1712 4054 παρρησιαστικόν
1758 3998 1817 4034 τε
1846 3978 1934 4033 καὶ

295 4064 592 4139 ἐλευθεριον
651 4066 1034 4147 ἀπεφοίτησεν.
1108 4063 1253 4121 ἀλλά
1316 4086 1457 4128 τινες
1513 4070 1620 4121 τῶν
1677 4067 1937 4141 θερμοτᾶ·

296 4175 425 4228 ρων,
458 4151 664 4210 πολλοὶ
722 4154 816 4227 μὲν
865 4155 954 4210 καὶ
1013 4156 1127 4219 καθ’
1181 4151 1425 4225 ἕκαστον,
1465 4154 1602 4217 τινὲς
1634 4151 1691 4209 ὂὶ
1720 4154 1810 4208 καὶ
1839 4174 1940 4209 κα-

294 4239 656 4314 τασυστάδην,
688 4241 866 4318 ὥσπερ
899 4243 951 4297 οἱ
985 4244 1078 4312 τῆς
1108 4246 1215 4297 τῶν
1269 4236 1623 4317 Ἀϐραμιτῶν
1673 4242 1940 4317 ὁρμώμε-

293 4358 376 4392 νοι
427 4342 604 4410 μονῆς
654 4332 913 4411 μοναχοὶ,
968 4334 1103 4407 μετά
1150 4329 1454 4409 παῤῥησίας
1504 4333 1753 4413 ὀφθέντες
1794 4332 1941 4405 αὐτῷ

295 4424 539 4499 λογικῶς
570 4420 631 4479 ἔκ
656 4443 714 4478 τε
743 4426 851 4477 τῶν
894 4426 1012 4484 τοῖς
1065 4418 1240 4496 ἁγίοις
1294 4418 1561 4495 Πατράσιν
1594 4422 1754 4494 ἡμῶν
1787 4420 1940 4495 ιίρη.

297 4511 491 4589 μένων,
553 4510 816 4583 Διονυσίῳ
871 4514 952 4582 τῷ
1008 4506 1257 4585 μεγάλῳ,
1321 4505 1566 4582 Ἰεροθέφ
1628 4509 1718 4563 καὶ
1767 4508 1941 4589 Et“.

2040 3354 2144 3410 das
2175 3353 2529 3426 cupiditates
2559 3353 2868 3410 hominum
2910 3352 3224 3409 faciebant.
3259 3352 3460 3422 Neque
3495 3355 3695 3404 tamen

2041 3460 2110 3499 eo
2142 3450 2407 3515 tempore
2435 3459 2677 3515 prorsus
2708 3441 2944 3498 dicendi
2974 3441 3219 3496 libertas
3250 3456 3321 3495 ex
3353 3437 3693 3493 hominibus

2041 3531 2278 3588 sublata
2305 3532 2436 3599 fuit,
2470 3532 2575 3588 sed
2607 3533 2849 3604 quidam
2873 3531 3072 3587 animo
3103 3528 3441 3593 calidiores,
3464 3524 3553 3580 vel
3573 3526 3693 3580 sin-

2038 3620 2160 3695 guli
2184 3620 2270 3676 vel
2292 3621 2471 3675 etiam
2494 3620 2645 3677 facto
2667 3621 2925 3695 agmine,
2949 3620 3280 3691 principem
3301 3613 3699 3688 reprehende-

2042 3710 2433 3765 runt.Horum
2450 3710 2732 3782 praecipui
2749 3709 2917 3766 fuere
2935 3707 3254 3763 Abramitaa
3279 3704 3577 3771 monachi,
3596 3703 3698 3774 qui

2041 3797 2227 3853 libere
2260 3798 2323 3853 in
2353 3803 2737 3870 conspectum
2762 3798 2892 3870 ejus
2924 3796 3221 3869 progressi
3254 3812 3325 3850 ex
3356 3796 3701 3849 sanctorum

2043 3893 2279 3962 patrum
2310 3888 2503 3958 dictis,
2546 3889 2742 3962 magni
2772 3887 3049 3944 videlicet
3077 3885 3364 3959 Dionysii,
3398 3880 3699 3939 Hierothei

2046 3984 2105 4033 et
2134 3978 2363 4045 Irenmi,
2414 3972 2855 4033 deinostrarunt
2885 3993 3005 4032 non
3040 3992 3231 4048 nuper
3260 3971 3491 4029 vivendi
3524 3969 3703 4025 ratio-

2046 4082 2184 4121 nem
2215 4065 2770 4137 institutionemque
2817 4065 3207 4121 monasticam
3250 4061 3567 4128 exstitisSe,
3601 4058 3706 4114 sed

2048 4154 2462 4225 perantiquam
2495 4169 2645 4222 esse,
2701 4152 2806 4208 sed
2864 4159 2922 4208 et
2979 4169 3175 4208 sacras
3227 4151 3515 4224 imagines
3556 4146 3703 4220 ipsis

2047 4240 2233 4298 fuisse
2263 4242 2548 4314 apostolis
2577 4242 2926 4309 familiares,
2972 4241 3209 4313 quando
3242 4246 3302 4297 et
3330 4242 3520 4295 Ducas
3554 4236 3703 4293 divi-

2048 4350 2162 4390 nus
2219 4332 2526 4405 apostolus
2581 4334 2847 4406 Deiparas
2924 4333 3176 4389 formam
3232 4330 3589 4404 depinxerit,
3643 4334 3704 4383 et

2050 4423 2317 4478 Christus
2332 4423 2620 4479 Dominus
2634 4424 2908 4494 Deusque
2925 4428 3130 4478 noster
3150 4421 3333 4476 linteo
3350 4421 3703 4491 impressam

2052 4512 2141 4567 sui
2190 4511 2449 4583 effigiem
2497 4511 2662 4567 nullo
2714 4528 2929 4567 manus
2978 4509 3312 4566 ministerio
3344 4507 3705 4563 elaboratam

293 4605 449 4677 ναίῳ,
507 4598 890 4657 ἀπεδείκνυσαν
950 4599 1025 4662 ὡς
1084 4597 1147 4655 οὐ
1206 4599 1335 4675 χθὲς
1387 4599 1474 4654 καὶ
1532 4598 1723 4672 πρώην
1770 4591 1935 4669 ἡτῶν

2053 4600 2225 4657 nobis
2245 4600 2576 4672 reliquerit.
2596 4600 2715 4656 Hoc
2740 4600 2917 4657 modo
2938 4597 3295 4655 divinissimi
3321 4597 3419 4652 isti
3440 4596 3546 4651 viri
3570 4610 3707 4650 cum

298 4697 559 4768 μοναχῶν
617 4688 875 4746 πολιτεία
924 4708 984 4744 τε
1064 4686 1356 4767 ἐφεύρηται
1435 4686 1525 4742 καὶ
1593 4687 1940 4756 κατάστασις,

295 4778 505 4837 παλαιά
560 4777 618 4835 δέ
666 4798 748 4843 τις
802 4778 893 4833 καὶ
949 4775 1266 4854 ἀρχέγονος.
1322 4776 1399 4833 Οὐ
1448 4776 1555 4851 μὴν
1588 4774 1645 4832 δὶ
1676 4775 1822 4833 ἀλλὰ
1851 4777 1943 4833 καὶ

298 4867 365 4924 τὰ
410 4873 517 4923 τῶν
574 4869 731 4924 θείων
778 4866 999 4923 εἰκόνων
1044 4865 1389 4944 μορφώματα
1436 4860 1781 4921 ἀπεδείκνυον
1822 4864 1943 4922 σόν-

297 4958 475 5034 τροφά
515 4977 575 5011 τε
618 4962 735 5020 τοῖς
784 4955 1118 5017 ἀποστόλοις
1176 4953 1265 5009 καὶ
1321 4949 1634 5028 ὁμοδίαιτα,
1667 4952 1775 5031 ε’ἱγε
1803 4961 1945 5011 Λου-

298 5052 398 5108 κᾶς
430 5045 526 5118 μὲν
558 5045 587 5099 6
618 5046 760 5108 θεῖος
794 5042 1104 5106 ἀπόστολος
1132 5044 1232 5112 τήν
1274 5048 1374 5113 τῆς
1425 5044 1692 5099 Θεοτόκου
1724 5043 1944 5122 μορφὴν

299 5134 663 5205 ἀνιτόπωσεν,
713 5132 873 5196 αὐτὸς
908 5129 966 5188 δὲ
993 5131 1225 5209 Χριστὸς
1276 5131 1304 5187 6
1357 5132 1634 5206 Δεσπότης
1665 5134 1827 5206 ἡμῶν
1855 5132 1944 5189 καὶ

302 5224 431 5288 Θεὸς
491 5225 591 5294 τήν
646 5224 842 5280 ἑαυτοῦ
909 5220 999 5279 ἰπί
1076 5242 1221 5284 τινος
1277 5220 1472 5292 ὀθόνης
1530 5223 1948 5297 ἀπομαξάμενος

303 5312 718 5390 ἀχειρότευκτον
779 5313 914 5387 ἡμῖν
986 5307 1401 5369 καταλέλοιπεν.
1469 5310 1632 5369 Οὗτοι
1693 5315 1823 5385 γοῦν
1892 5314 1947 5370 οἱ

302 5404 571 5460 θειότατοι
602 5398 785 5477 ἄνδρες
815 5402 913 5472 τὴν
956 5403 1056 5457 τοῦ
1111 5398 1372 5475 τυράννου
1424 5397 1611 5455 ἄνοιαν
1638 5398 1944 5476 ὲξελίγξαν-

2054 4691 2293 4762 tyranni
2326 4690 2480 4747 912
2524 4690 2821 4746 inscitiam
2854 4695 3032 4762 atque
3062 4689 3343 4745 saevitiam
3371 4686 3708 4759 redarguis-

2052 4785 2207 4849 sent,
2237 4778 2311 4836 ob
2342 4795 2639 4836 summam
2670 4778 2907 4836 dicendi
2946 4779 3285 4835 libertatem
3315 4777 3535 4834 multos
3565 4790 3704 4831 cru-

2053 4871 2241 4927 ciatus
2260 4875 2437 4942 atque
2467 4874 2767 4927 tormenta
2785 4869 3117 4943 passi,urbe
3138 4869 3318 4925 etiam
3339 4867 3401 4923 in
3423 4866 3703 4924 exsilium

2055 4960 2301 5033 relegati
2332 4959 2607 5025 sunt.Qui
2637 4975 2773 5015 cum
2797 4958 2872 5015 ad
2892 4959 3097 5015 fanum
3125 4957 3370 5015 Joannis
3401 4953 3701 5027 Baptista,

2052 5049 2212 5121 quod
2222 5048 2505 5106 Terribile
2521 5054 2911 5121 cognomento
2925 5048 3143 5103 dicitur
3164 5052 3368 5117 estque
3391 5045 3453 5099 in
3474 5042 3700 5098 Euxino

2053 5143 2234 5211 ponto
2260 5138 2894 5211 situm.pervenissent,
2923 5135 3294 5210 ﬂagellorum
3324 5132 3513 5206 plagis
3544 5148 3710 5203 pror-

2055 5244 2156 5285 sus
2212 5229 2467 5285 confecti
2524 5229 2786 5285 cmlitum
2857 5234 3071 5284 cmtum
3131 5225 3426 5281 abierunt.
3487 5227 3706 5279 Eorum

2055 5317 2345 5374 cadavera
2367 5317 2667 5389 insepulta
2685 5317 2748 5372 in
2765 5315 2958 5372 solum
2980 5316 3105 5387 proj
3115 5319 3245 5370 ecta
3264 5312 3366 5369 diu
3380 5310 3705 5368 admodum

2058 5407 2290 5480 integra
2317 5412 2691 5476 manserunt,
2722 5405 2911 5461 donec
2941 5406 3023 5476 pii
3056 5403 3298 5476 quidam
3331 5418 3400 5459 ea
3428 5402 3707 5458 humave-

1499 5484 1862 5558 XYLANDn'I
1896 5490 1985 5559 Er
2021 5500 2237 5561 coam
2274 5504 2495 5561 nor/.3.

374 5629 485 5714 (θο)
518 5628 702 5714 Locus
745 5632 836 5684 est
883 5624 1954 5714 ρδεοιιιεειελ.αφιειῖιξξξιέιξθεριιιειις..
2028 5638 2033 5645 ·

299 5695 474 5776 cujus
511 5699 738 5757 mentio
766 5697 941 5771 paulo
985 5703 1120 5769 post
1155 5698 1243 5768 ﬁt,
1294 5695 1516 5753 sodalis
1546 5695 1659 5753 fuit
1684 5697 1949 5771 Dionysii

2058 5623 2502 5758 ωᾹΞθορδεὶῑιυ
2528 5628 2541 5695 ;'
2574 5628 2645 5685 de
2678 5642 2794 5700 quo
2814 5626 3013 5683 videre
3033 5632 3202 5701 potes
3232 5622 3628 5701 Nicephorum
3649 5620 3707 5692 it,

2134 5742 2149 5757 .
2233 5717 2321 5756 γι..
3304 5710 3317 5720 -

2134 5742 2149 5757 .
2177 5710 2321 5757 ΧΠ..
3304 5710 3317 5720 ·
