4056 6276
394 230 514 293 995

1761 225 2071 288 GEORGII
2115 225 2425 288 CEDREN
2436 231 2451 288 1

402 371 563 437 runt,
585 372 646 420 et
666 366 873 421 eodem
896 381 1012 436 quo
1035 364 1249 421 Christi
1267 367 1480 434 martyi
1497 380 1559 417 es
1581 362 1803 417 honore
1828 361 2049 434 dignati

2166 380 2253 423 τες
2311 360 2400 415 καὶ
2460 362 2556 431 τὴν
2618 359 2919 438 θηριωδίαν
2962 367 3043 436 τῷ
3097 360 3307 441 σφόδρα
3350 361 3884 437 παίδῥῆεῖν-ίῑθῖτθῆντι

410 456 867 511 sunt.Fermana
891 456 983 510 his
1005 460 1143 509 sunt
1161 453 1428 508 facinora
1450 451 1726 508 monachi
1746 451 2059 522 cujusdam

400 548 529 619 jam
545 547 616 603 ad
634 546 1029 602 sacerdotium
1043 546 1383 617 provecti.Is
1397 544 1593 600 divino
1609 544 1829 600 mentis
1848 542 2059 599 ardore

408 636 636 690 excitus
661 636 721 690 in
742 635 952 691 faciem
975 640 1226 705 tyranno
1249 633 1551 700 restitit,et
1573 649 1704 688 eum
1735 632 1852 686 alia
1869 631 2060 688 multa

409 723 839 791 disseruit,tum
868 723 1016 777 illud
1049 722 1214 777 Pauli
1263 721 1408 792 (Gal.
1446 722 1493 791 1)
1525 721 1748 775 dictum
1779 720 2055 795 protulit;

407 813 803 868 Exsecrabilis
833 818 980 879 esto,
1006 812 1343 883 quicunque
1375 809 1535 865 aliud
1565 810 1637 864 ab
1670 827 1737 864 eo
1770 809 1929 879 quod
1959 824 2058 863 ac-

405 902 647 973 cepistis
674 900 1043 975 evangelium
1074 900 1235 954 vobis
1258 899 1453 954 tradit.
1489 898 1599 952 Sed
1631 899 1788 953 hunc
1820 912 2057 969 quoque

406 990 614 1047 multis
651 990 993 1045 verberibus
1043 989 1360 1043 multatum
1421 988 1763 1058 imperator,
1826 1003 1960 1041 cum
1992 986 2055 1041 iu

403 1081 698 1150 colloquio
725 1079 1193 1135 constantiorem
1224 1078 1468 1141 videret,
1500 1076 1574 1131 ad
1602 1078 2053 1145 Jannem,suum

404 1169 705 1241 quondam
736 1173 1157 1240 praeceptorem
1190 1183 1257 1222 ac
1286 1168 1653 1239 magistrum,
1687 1166 1867 1232 misit,
1891 1180 2055 1220 man-

403 1258 539 1313 dato
557 1264 624 1313 ut
638 1258 711 1313 iis
727 1258 1081 1313 monachum
1097 1257 1421 1312 dialecticis
1442 1256 2053 1313 demonstrationibus

405 1366 439 1404 a
469 1350 771 1421 proposito
806 1348 1130 1404 diduceret.
1157 1349 1337 1403 Istum
1367 1365 1601 1419 quoque
1625 1349 1868 1403 Jannem
1901 1364 2054 1419 prm-

404 1437 599 1492 clarus
624 1437 735 1492 iste
766 1442 1023 1493 certator
1052 1454 1171 1491 non
1219 1436 1544 1492 dialecticis
1575 1443 1676 1491 aut
1706 1435 2048 1507 sophisticis

398 1525 1084 1596 ratiocinationibus,sed
1107 1526 1448 1597 apostolicis
1470 1525 1942 1597 evangelicisque
1966 1524 2046 1579 di-

398 1615 510 1670 ctis
542 1615 703 1686 pisce
768 1614 954 1686 magis
1013 1620 1244 1668 mutum
1303 1613 1546 1685 redegit.
1580 1615 1662 1669 Ac
1694 1618 1818 1668 tum
1850 1613 2046 1669 denuo

2164 446 2587 522 ἐκκαλεσάμενοι
2650 453 2786 526 μετὰ
2832 451 3051 517 πολλὰς
3101 452 3279 515 αἰκίας
3326 473 3389 507 τε
3417 452 3515 506 καὶ
3571 450 3885 527 passivo“

2162 545 2263 607 τῆς
2321 537 2540 604 πόλεως
2605 540 2993 617 ἐξωρίσθησαν,
3051 543 3146 598 τὸν
3214 541 3271 599 δὲ
3327 546 3429 597 τοῦ
3503 538 3883 616 Πφδρὸμεεα

2163 628 2287 681 ναὸν
2318 629 2410 682 τὸν
2458 630 2606 684 οὕτω
2663 629 3006 703 καλούμενον
3062 635 3159 685 τοῦ
3213 626 3456 710 φοϐεροῦ
3490 630 3598 684 κᾶν
3642 632 3742 699 τῷ
3778 628 3885 684 Εέ-
3952 684 3961 693 _

2163 715 2319 789 ξείνῳ
2370 713 2711 791 διακείμενον
2769 719 2956 791 πόντῳ
3007 715 3430 790 καταλαϐόντες,
3486 720 3583 773 καὶ
3647 722 3795 778 ’ταὲ
3826 716 3883 771 ἐκ

2161 808 2269 859 τῶν
2334 806 2609 880 μαστίγων
2654 807 2899 883 πληγαῖς
2949 806 3176 870 τελείως
3204 807 3741 878 καταπονηθέντες,
3777 814 3879 873 τῆς

2163 891 2275 948 ἂνω
2306 897 2516 965 λήξεως
2549 898 2910 968 ήξειώθησαν.
2970 899 3065 959 Ὦς
3122 899 3211 953 καὶ
3266 900 3333 954 τὰ
3387 898 3560 970 τίμια
3612 897 3874 971 σώματα

2162 980 2339 1054 ἄταφα
2404 982 2706 1059 ἐῤῥιμμὲνα
2761 985 2839 1049 εἷς
2888 982 3163 1048 τοῦδαφος
3221 991 3336 1041 σῶα
3414 986 3511 1042 ἐπὶ
3572 983 3872 1041 πλεῖστον

2162 1068 2561 1146 διετηρήθησαν
2603 1073 2825 1151 χρόνον,
2879 1073 3044 1149 μέχρι
3100 1074 3229 1130 ὅτου
3276 1073 3464 1129 πιστοί
3518 1095 3695 1137 τινες
3734 1075 3870 1128 ἄνα-

2162 1158 2420 1225 λαϐόντες
2451 1168 2615 1218 ταῦτα
2644 1162 2939 1234 ἐκήδευσαν
2994 1166 3087 1220 καὶ
3138 1163 3529 1236 καταλλήλως
3564 1163 3869 1238 ἐτίμησαν

2155 1258 2274 1313 τοῖς
2335 1252 2468 1328 ὗπὶρ
2528 1254 2763 1326 Χριστοῦ
2820 1258 2917 1308 τοῦ
2975 1258 3111 1309 Θεοῦ
3183 1257 3657 1330 μαρτυρήμασιν.
3732 1256 3873 1332 Ἐφ-

2160 1340 2373 1414 άμιλλα
2400 1342 2615 1403 τούτοις
2652 1341 2741 1396 καὶ
2790 1339 3000 1421 ἀδελφὰ
3054 1342 3148 1397 καί
3202 1364 3288 1404 τις
3349 1345 3616 1418 μοναχὸς
3654 1340 3872 1413 ἕτερος

2157 1427 2484 1499 ἐπεδείξατο,
2516 1431 2654 1503 πρὸς
2709 1429 2891 1505 ἀρχὴν
2950 1431 3252 1506 ἱερωσύνης
3308 1428 3432 1507 ἄρτι
3465 1430 3867 1507 ἀναδραμὼν

2159 1516 2331 1588 ζήλου
2360 1518 2458 1592 γὰρ
2509 1518 2655 1573 θείου
2708 1519 2979 1590 πλησθεὶς
3034 1520 3172 1575 κατᾶ
3227 1520 3535 1595 πρόσωπον
3571 1519 3724 1591 ἔστη
3768 1525 3867 1574 τοῦ

2155 1608 2420 1681 τυράννου
2459 1609 2551 1664 καὶ
2608 1609 2753 1665 ἄλλα
2815 1611 2908 1683 μὲν
2970 1607 3181 1681 διεξιὼν
3238 1612 3340 1667 οὐκ
3397 1611 3601 1689 ὀλίγα,
3656 1611 3769 1666 καὶ
3800 1612 3862 1666 τὸ

401 1703 606 1758 multis
628 1703 876 1757 affectus
896 1701 1237 1756 verberibus
1255 1701 1448 1755 solum
1470 1704 1695 1755 vertere
1712 1699 1917 1770 jussus
1937 1702 2046 1753 est.

2161 1701 2257 1752 τοῦ
2287 1698 2599 1754 ἆπσστολου
2630 1696 2687 1754 δὲ
2716 1697 2937 1754 Παύλου
2982 1701 3167 1773 ῥητὸν.
3200 1704 3360 1756 τοῦτο
3395 1698 3463 1770 δὴ
3496 1701 3569 1755 τὸ
3603 1700 3856 1779 φάσκον-

400 1793 539 1846 Post
562 1808 696 1846 vero
720 1807 854 1845 cum
879 1805 1094 1861 magno
1117 1789 1341 1862 Ignatio
1362 1789 1713 1859 aliquandiu
1735 1804 2054 1844 conversa-

398 1886 495 1936 tus
525 1898 592 1936 ac
623 1882 694 1937 de
743 1882 1147 1937 subsecuturis
1194 1881 1544 1936 vaticinatus
1592 1878 2051 1951 imperatoribus

399 1971 554 2026 918
585 1972 746 2043 (nam
780 1977 838 2026 et
867 1970 1022 2025 dono
1078 1970 1465 2042 praescientisa
1517 1969 1853 2023 futurorum
1895 1969 2049 2023 Deus

399 2075 535 2114 eum
593 2059 865 2132 dignatus
924 2061 1131 2130 fuerat)
1188 2059 1262 2114 ad
1321 2058 1638 2113 Dominum
1697 2057 2047 2129 commigra-

399 2149 498 2202 vit.

2166 1808 2194 1838 (ι
2222 1786 2289 1842 Εἳ
2315 1787 2400 1849 τίς
2444 1788 2571 1861 ὑμῖν
2624 1787 3032 1863 εὐαγγελίζεται
3083 1790 3208 1862 παρ’
3240 1790 3269 1844 ὃ
3298 1785 3687 1863 παρελάϐετε,
3725 1790 3859 1843 ἀνεῖ-

2165 1885 2303 1947 θεμα
2332 1872 2491 1933 ἔστω.
2530 1900 2558 1927 ››
2611 1875 2790 1932 Ἀλλὰ
2848 1876 2939 1931 καὶ
2996 1876 3176 1949 τούτῳ
3226 1877 3443 1953 πληγὰς
3484 1877 3723 1940 ἐπιθεὶς
3761 1878 3860 1932 οὐκ

2163 1962 2379 2039 ὀλίγας,
2411 1962 2598 2035 ἐπειδὴ
2658 1965 3053 2041 σταθηρότερος
3108 1962 3281 2037 ἔδοξεν
3338 1965 3389 2021 ἐν
3439 1970 3513 2041 τῇ
3571 1964 3855 2037 διαλέξει,

2159 2054 2296 2125 πρὸς
2350 2054 2442 2108 τὸν
2502 2055 2703 2119 Ίαννῆν
2764 2053 3172 2127 ἐξαποστέλλει,
3228 2056 3565 2130 καθηγητήν
3611 2061 3727 2111 τοῦ
3759 2078 3851 2111 τυ-

2162 2144 2351 2217 ράννου
2380 2143 2637 2219 γεγονότα
2691 2144 2782 2198 καὶ
2843 2139 3191 2216 διδάσκαλον,
3253 2142 3641 2208 διαλεκτικαῖς
3700 2149 3849 2202 ἄπο-

400 2232 597 2304 δείξεσι
640 2238 833 2289 τοῦτον
892 2240 1073 2289 πεῖσαι
1132 2232 1610 2309 ἐγκελευσάμενος.
1670 2230 1847 2290 Ἀλλὰ
1902 2233 1991 2287 καὶ
2050 2235 2244 2289 τοῦτον
2292 2233 2321 2287 6
2376 2237 2617 2306 γενναῖος
2671 2233 2975 2306 ἀγωνιστὴς
3031 2233 3093 2288 οὐ
3155 2239 3498 2310 σοφιστικαῖς
3560 2236 3662 2290 καὶ
3730 2232 3859 2289 δια-

400 2322 686 2385 λεκτικαῖς
743 2321 1101 2393 ἀποδείξεσιν,
1162 2323 1551 2386 ἀποστολικοῖς
1607 2319 1663 2376 δὲ
1720 2323 1809 2378 καὶ
1867 2318 2246 2397 εὖαγγελικοῖς
2334 2320 2571 2397 ῥήμασιν
2632 2322 2973 2399 ἆφωνότερον
3062 2321 3269 2397 ῗχθύων
3355 2320 3645 2395 ἀπέδειξε.

3744 2326 3848 2381 Καὶ

395 2414 526 2470 τότε
556 2414 649 2487 μὲν
681 2413 785 2494 οὐκ
816 2411 1009 2489 ὀλίγας
1047 2414 1214 2470 πάλιν
1272 2409 1456 2469 λαϐὼν
1512 2411 1961 2487 ἐξοστρακίζεται,
2017 2409 2237 2486 ὕστέρον
2299 2408 2356 2467 δὲ
2412 2416 2491 2484 τῷ
2552 2410 2780 2489 μεγάλῳ
2831 2414 3027 2469 συστὰς
3078 2412 3319 2491 Ἰγνατίῳ
3349 2415 3439 2469 καὶ
3468 2417 3689 2490 χρόνον
3720 2416 3847 2470 τινὰ

397 2500 783 2579 συνδιατρίψας
814 2502 962 2574 αὐτῷ
991 2503 1079 2557 καὶ
1110 2501 1237 2577 περὶ
1269 2505 1381 2558 τῶν
1414 2499 1730 2575 μελλόντων
1764 2496 2082 2571 ἆναδιδάξας
2116 2499 2386 2575 βασιλέων
2420 2502 2506 2574 (ἦν
2535 2501 2636 2576 γὰρ
2668 2500 2758 2555 καί
2787 2505 3156 2576 προορατικοῦ
3187 2501 3497 2576 ἠξιωμένος
3542 2504 3846 2580 χαρίσμα-

397 2595 536 2666 τος),
568 2593 706 2668 πρὸς
746 2592 950 2667 Κύριον
985 2589 1304 2664 ἐξεδήμησε.

467 2683 779 2739 Enimvero
808 2682 1170 2754 Theophilus
1214 2683 1412 2738 animo
1443 2683 1504 2737 in
1536 2682 1824 2754 imagines
1853 2680 2049 2736 infen-

397 2773 636 2829 sissimo
668 2773 877 2828 statuit
921 2788 1127 2828 omnes
1183 2773 1439 2844 pietores
1497 2788 1529 2827 e
1586 2770 1783 2826 medio
1814 2769 2046 2835 tollere,

388 2862 569 2917 vitam
591 2878 714 2917 non
757 2861 933 2917 aliter
962 2867 1293 2918 servaturos
1351 2878 1529 2932 quam
1561 2861 1609 2915 si
1644 2876 1714 2916 ea
1744 2874 2046 2930 conspue-

387 2956 522 3007 rent
553 2957 611 3006 et
645 2956 708 3006 ut
741 2951 989 3023 profana
1018 2951 1183 3005 humi
1224 2950 1668 3006 conculcarent.
1710 2950 1871 3003 Inter
1902 2947 2049 3002 alios

390 3046 596 3111 captus
626 3057 696 3095 ea
726 3041 799 3095 de
831 3056 1008 3095 causa
1041 3040 1153 3094 fuit
1192 3040 1370 3094 etiam
1402 3040 1647 3094 Lazarus
1696 3036 2046 3104 monachus,

392 3144 460 3183 eo
487 3136 753 3200 tempore
783 3129 857 3183 ob
889 3133 1076 3185 artem
1102 3127 1383 3200 pingendi
1407 3126 1645 3183 nobilis.
1676 3129 1867 3198 Atque
1889 3126 2048 3180 hunc

2235 2680 2319 2752 [P.
2354 2680 2480 2753 520]
2534 2684 2661 2743 Ταῖς
2717 2677 2774 2734 δὲ
2826 2681 2994 2743 θείαις
3055 2680 3254 2737 εἰκόσιν
3306 2683 3335 2738 6
3389 2682 3674 2757 τύραννος
3736 2685 3841 2739 ἀπ-

2162 2768 2534 2846 εχθανόμενὸς
2566 2764 2789 2824 ἔσπευδε
2835 2771 3040 2833 πάντας
3072 2772 3392 2850 ζωγράφους
3423 2770 3479 2841 ἐξ
3511 2772 3837 2847 ἀνθρώπων

2161 2857 2438 2933 ἀφανίσαι,
2472 2858 2507 2927 ἢ
2539 2858 2602 2912 τὸ
2634 2860 2730 2932 ζῇν
2792 2859 3150 2933 αἱρουμὲνους
3209 2858 3471 2935 ἐμπτύειν
3502 2882 3565 2915 τε
3603 2862 3839 2923 ταύταις

2159 2944 2249 2999 καὶ
2294 2947 2368 3008 ὡς
2431 2940 2644 3022 βὲϐῆλά
2699 2968 2820 3002 τινα
2856 2946 2940 3003 ἐπ’
2994 2946 3224 3026 ἐδάφους
3282 2956 3646 3007 καταπατεῖν.
3683 2953 3832 3026 Πρὸς

2157 3041 2274 3096 τοῖς
2299 3032 2496 3093 ἄλλοις
2529 3033 2586 3090 δὲ
2633 3038 3038 3112 συγκατεσχὲθη
3069 3037 3161 3093 καὶ
3194 3039 3223 3093 6
3258 3038 3507 3114 μοναχὸς
3540 3040 3827 3115 Λάζαρος,

2157 3120 2488 3198 περιϐόητος
2541 3132 2840 3197 τηνικαῦτα
2889 3128 3026 3183 κατᾶ
3081 3130 3180 3198 τήν
3240 3131 3595 3208 ζωγραφικῆν
3648 3131 3825 3205 ὑπάρ-

390 3218 651 3289 primum
669 3218 994 3288 imperator
1012 3216 1247 3271 blandis
1264 3216 1457 3271 verbis
1480 3216 1750 3287 subigere
1771 3213 2047 3269 intendit:

2160 3233 2278 3289 χων
2335 3214 2558 3289 τέχνην.
2622 3215 2725 3272 Καὶ
2784 3220 2973 3289 πρῶτα
3028 3217 3122 3291 μὲν
3156 3218 3184 3272 6
3214 3219 3493 3293 θεομάχος
3547 3221 3820 3280 θωπείαις

392 3311 528 3376 post
547 3305 647 3360 ubi
672 3305 978 3359 hominem
1001 3304 1302 3359 adulando
1324 3304 1453 3375 capi
1486 3303 1733 3374 nequire
1761 3299 2051 3366 sensit,ad

391 3394 511 3448 vim
545 3393 656 3448 sibi
687 3392 1041 3447 familiarem
1076 3392 1733 3458 conversus,tormentis
1755 3392 1837 3445 ita
1861 3407 2054 3446 excar-

393 3481 703 3537 niﬁcatum
723 3487 788 3536 ut
807 3482 923 3537 vita
947 3498 1299 3537 excessurus
1321 3486 1631 3553 putaretur
1660 3481 1721 3535 in
1753 3495 2052 3535 carcerem

392 3570 944 3644 conjecit.Cumque
960 3587 1096 3626 eum
1111 3570 1458 3643 aegritudine
1474 3570 1838 3625 sublevatum
1854 3569 2050 3624 denuo

392 3677 589 3717 sacras
636 3659 858 3715 formas
915 3660 1157 3732 pingere
1203 3659 1456 3725 audiret,
1514 3659 1769 3714 laminas
1827 3658 2050 3714 ferreas

392 3749 606 3823 ignitae
636 3750 854 3821 palmis
914 3750 1043 3822 ejus
1101 3749 1388 3821 applicari
1439 3749 1639 3821 jussit,
1674 3766 1806 3819 quae
1840 3763 2048 3802 carnes

390 3844 635 3893 eatenus
666 3837 933 3908 depastaa
965 3843 1123 3904 sunt,
1158 3837 1299 3892 dum
1358 3837 1547 3892 victus
1576 3837 1734 3892 malo
1767 3836 2049 3890 semiani-

395 3942 528 3982 mus
554 3925 761 3997 jacuit.
794 3928 962 3997 Tum,
993 3927 1133 3998 quia
1176 3943 1312 3981 eum
1343 3926 1596 3999 posteris
1630 3942 1859 3982 servare
1889 3924 2048 3979 vole-

397 4014 499 4070 bat
524 4014 721 4071 divina
750 4015 1089 4081 clementia,
1122 4021 1408 4088 tyrannus
1457 4016 1719 4071 animam
1765 4031 1897 4070 eam
1920 4014 2048 4085 jam

394 4120 566 4176 agere
597 4104 865 4171 audiens,
892 4104 1410 4177 deprecationibus
1433 4105 1638 4159 uxoris
1663 4109 1841 4175 atque
1870 4104 2048 4174 hujus

391 4193 739 4249 intimorum
790 4199 987 4249 motus
1018 4211 1155 4249 eum
1214 4212 1286 4250 ex
1344 4209 1580 4249 carcere
1607 4192 1852 4247 dimisit.
1881 4192 1969 4246 Ita
1995 4190 2045 4245 is

392 4277 608 4336 deinde
640 4282 706 4336 in
734 4282 870 4338 fano
915 4284 1247 4353 Prodromi,
1281 4282 1438 4353 quod
1489 4281 1774 4337 Terribile
1806 4279 2044 4347 dicitur,

391 4370 722 4427 occultatus
753 4373 1073 4445 imaginem
1129 4372 1463 4438 Prodromi,
1508 4376 1810 4441 utcunque
1843 4368 2045 4424 saucio

396 4475 665 4531 corpore,
699 4460 969 4532 depinxit
986 4466 1188 4517 tamen
1216 4478 1231 4528 ;
1256 4478 1387 4533 quae
1410 4460 1511 4517 diu
1534 4460 1763 4516 duravit
1784 4458 2047 4514 morbos-

2157 3304 2318 3358 αὐτὸν
2348 3302 2599 3378 ἐπειρᾶτο
2633 3305 3031 3360 ὑποποιεῖσθαι·
3089 3306 3164 3368 ὡς
3221 3303 3280 3361 δὲ
3308 3307 3598 3381 κρείττονα
3629 3314 3823 3364 τοῦτον

2159 3390 2303 3462 ἑώρα
2332 3390 2624 3453 κολακείας
2680 3393 2913 3463 ἀπάσης,
2962 3397 3100 3469 πρὸς
3145 3396 3244 3464 τὴν
3294 3394 3595 3470 σύντροφον
3632 3394 3820 3452 ἄπεῖὂε

2160 3480 2306 3554 βίαν,
2365 3480 2455 3535 καὶ
2513 3485 2770 3536 τοσοῦτον
2826 3483 2986 3537 αὐτὸν
3043 3488 3163 3544 ταῖς
3221 3483 3474 3557 βασάνοις
3525 3485 3820 3559 κατῄκισεν

2158 3569 2234 3631 ὡς
2295 3567 2436 3643 μηδὲ
2491 3571 2859 3647 περιγενέσθαι
2920 3570 2980 3626 ἐκ
3040 3571 3250 3627 τούτων
3305 3573 3653 3647 νομίζεσθαι.
3712 3574 3814 3632 Καὶ

2156 3654 2330 3718 οὕτως
2387 3652 2590 3736 ἔχοντα
2644 3660 2902 3733 πονήρως
2975 3664 3072 3716 τοῦ
3131 3662 3384 3736 σώματος
3443 3659 3809 3738 δεσμωτηρίῳ

2153 3742 2542 3818 καθείργνυσιν.
2577 3745 2724 3800 Ἐπεὶ
2770 3742 2826 3801 δὲ
2883 3745 3106 3803 ἐπύθετο
3165 3749 3240 3811 ὡς
3299 3749 3623 3826 ἄναῤῥαίσας
3657 3749 3809 3815 αὖθις

2152 3829 2455 3903 ἆναστηλοῖ
2507 3833 2604 3895 τὰς
2660 3835 2805 3897 θείας
2864 3837 3097 3914 μορφὰς,
3149 3836 3395 3893 ἐκέλευσε
3460 3838 3676 3895 πέταλα
3722 3861 3801 3894 σιο

2154 3917 2297 3994 δηρᾶ
2351 3922 2834 3995 ἀπανθρακωθέντα
2880 3929 3001 3987 ταῖς
3058 3925 3342 4000 παλάμαις
3390 3926 3559 3983 αὐτοῦ
3615 3928 3799 3984 ἐπιτε-

2151 4009 2328 4078 θῆναι.
2364 4004 2651 4067 Ἐϐόσκετο
2689 4009 2782 4066 οὖν
2835 4013 2900 4067 τὸ
2954 4017 3066 4089 πῦρ
3093 4015 3189 4076 τὰς
3249 4017 3473 4090 σάρκας,
3504 4015 3641 4092 ἄχρι
3675 4020 3801 4074 ποτὲ

2151 4097 2527 4174 ἀπαγορεύσας
2587 4100 2615 4154 6
2667 4100 2913 4171 ἀθλητὴς
2952 4099 3127 4159 ἔκειτο
3160 4106 3462 4177 ἡμιθανής.
3495 4104 3665 4162 Ἀλλ’
3697 4104 3797 4163 ἔδει

2148 4184 2338 4242 τοῦτον
2370 4187 2473 4241 ὑπὸ
2520 4194 2620 4257 τῆς
2671 4188 2815 4252 θείας
2875 4192 3104 4265 χάριτος
3162 4189 3534 4269 διατηρεῖσθαι
3566 4194 3657 4250 καί
3687 4202 3796 4260 τοῖς

2149 4275 2371 4348 ὓστερον
2404 4270 2659 4351 ἔναυσμα,
2692 4276 2810 4342 ὅθεν
2872 4282 2900 4333 6
2960 4280 3219 4355 τύραννος
3275 4280 3462 4353 ἐπειδὴ
3510 4286 3582 4339 τὰ
3616 4285 3800 4341 τελευ-

2146 4370 2272 4419 ταῖα
2343 4369 2488 4420 πνεῖν
2549 4364 2869 4439 ἐμάνθανεν,
2925 4369 3153 4433 ἱκεσίαις
3201 4377 3303 4441 τῆς
3360 4369 3653 4445 δεσποίνης
3708 4377 3791 4431 καί

2146 4474 2304 4508 τινων
2352 4451 2539 4509 ἄλλων
2592 4454 2977 4530 γνησιωτᾶτων
3038 4458 3175 4533 αὐτῇ
3235 4460 3533 4517 ἀπολύεται
3564 4469 3665 4532 τῆς
3696 4464 3791 4539 εἶρα

395 4564 509 4618 que
541 4550 696 4604 6M
722 4551 967 4606 sanavit.
1002 4552 1072 4604 Et
1126 4555 1259 4622 post
1286 4556 1539 4606 mortem
1570 4548 1879 4620 Theophili
1910 4562 2047 4602 vera

2156 4543 2429 4612 κτῆς,καῖ
2462 4543 2597 4615 πρὸς
2652 4544 2744 4599 τὸν
2804 4546 2929 4601 οαὸν
2982 4551 3080 4602 τοῦ
3141 4548 3296 4623 ἁγίου
3346 4547 3676 4627 Προδρόμου
3706 4554 3788 4608 τὸν

2157 4630 2245 4653 ,ΩῙᾉ
2284 4652 2287 4653 ,
2327 4630 2499 4653 Hd‘-’
2536 4652 2569 4653 ,,
2619 4650 2629 4653 _
2738 4652 2743 4653 ,
2795 4636 2821 4648 υ
2951 4628 2983 4653 ρ
3081 4639 3110 4650 ~
3170 4635 3186 4653 9
3411 4632 3466 4653 1.
3654 4639 3668 4653 ι
3741 4640 3765 4653 -

395 4635 681 4708 religione
713 4653 948 4693 rursum
981 4638 1293 4711 eﬂ'ulgente
1323 4638 1642 4711 imaginem
1663 4639 1799 4692 Jesu
1827 4633 2043 4690 Christi

2156 4630 2297 4685 οὕτω
2326 4630 2670 4704 καλούμενον
2727 4636 2824 4687 τοῦ
2877 4628 3114 4710 φοϐεροῦ
3166 4632 3529 4712 ἐναπεκρύϐη,
3580 4639 3670 4693 καί
3710 4640 3791 4695 οῦ-

394 4723 500 4778 Dei
532 4728 591 4777 et
617 4724 900 4791 hominis,
935 4725 1093 4796 quod
1149 4732 1239 4781 est
1284 4726 1347 4780 in
1394 4725 1574 4792 calce,
1603 4725 1725 4780 suis
1765 4722 2040 4778 manibus

390 4811 677 4868 condidit.
713 4812 875 4868 Idem
907 4819 1150 4869 ornatus
1180 4831 1214 4869 a
1242 4814 1550 4870 Theodora
1586 4811 2042 4885 praeclarissima

390 4902 768 4973 imperatrice
798 4907 865 4957 ut
894 4903 1105 4959 marito
1137 4919 1242 4958 suo
1270 4904 1601 4976 ignosceret
1627 4901 1977 4970 veniamque
2006 4915 2040 4956 a

395 4992 514 5047 Deo
545 4993 907 5065 impetraret.
945 4994 1069 5049 Non
1101 4998 1210 5061 est,
1242 4993 1345 5057 ait,
1390 5009 1423 5048 ο
1462 4994 1743 5065 Augusta,
1774 4990 1927 5045 Deus
1958 4989 2041 5044 ita

393 5083 675 5157 injustus,
709 5089 777 5141 ut
805 5092 1023 5140 nostra;
1054 5084 1391 5141 dilectionis
1413 5089 1471 5139 et
1495 5083 1679 5155 ipsius
1702 5096 1877 5137 causa
1897 5080 2044 5134 tole-

2150 4738 2258 4781 τως
2289 4719 2364 4782 ὠς
2395 4719 2516 4794 εἶχε
2546 4717 2777 4794 πληγῶν
2827 4717 3009 4777 εἰκόνα
3067 4720 3368 4779 διετύπωσε
3420 4731 3521 4781 τοῦ
3553 4726 3785 4803 [190696-

2152 4828 2257 4880 μου
2293 4809 2461 4883 μέχρι
2519 4805 2738 4863 πολλοῦ
2794 4807 3203 4885 διασωζομένην
3252 4814 3342 4868 καὶ
3401 4813 3568 4878 ἰάσεις
3618 4814 3785 4873 ἐπιτε-

2149 4895 2372 4952 λοῦσαν.
2432 4895 2535 4952 Καὶ
2591 4901 2760 4952 ταῦτα
2846 4899 2941 4972 μὲν
3022 4900 3166 4971 τότε,
3229 4903 3364 4976 μετὰ
3430 4899 3487 4958 δὲ
3545 4908 3642 4973 τῆν
3695 4911 3784 4961 τοῦ

2146 4988 2411 5060 τυράννου
2448 4987 2743 5042 κατάλυσιν
2784 4995 2887 5059 τῆς
2931 4989 3222 5065 ὀρθοδὸξου
3268 4993 3502 5057 πίστεως
3553 4995 3782 5070 ἆναλαμ·

2147 5075 2325 5150 ψάσης
2355 5077 2454 5144 τήν
2484 5075 2536 5131 ἐν
2567 5075 2870 5153 τῇ·Χαλκῇ
2932 5081 3046 5153 (91)
3101 5079 3283 5136 εἰκόνα
3311 5086 3413 5138 τοῦ
3452 5084 3785 5161 θεανθρώπου

1566 5235 1938 5295 XYLANDRI
1974 5232 2061 5290 ET
2099 5233 2319 5290 GOARI
2356 5233 2579 5289 ΝΟΤιΕ.

464 5366 577 5436 (91)
607 5364 853 5440 Duplex,
872 5368 1083 5424 Chalce
1112 5439 1117 5440 ί
1141 5367 1306 5440 Cpoli
1355 5383 1420 5440 α,
1449 5365 1635 5440 portis
1664 5363 1833 5440 aereis
1857 5362 2042 5440 dicta,

394 5434 518 5491 una
546 5434 770 5507 palatii,
803 5439 991 5495 altera
1011 5439 1123 5495 fori
1149 5456 1162 5493 :
1186 5434 1314 5496 haec
1344 5434 1470 5494 fuit'
1485 5436 1737 5494 ecclesia
1759 5436 1833 5491 ad
1849 5434 2044 5491 forum

395 5521 468 5563 ex
496 5507 718 5569 Zonara
748 5509 811 5563 in
861 5511 1268 5581 Monomacho,
1317 5510 1419 5566 illa
1464 5508 1668 5581 patatii
1719 5508 2043 5579 ingressus.

2155 5359 2400 5443 Utrique
2429 5359 2745 5443 Salvatoris
2802 5363 2995 5443 imago
3053 5366 3128 5422 ad
3185 5367 3559 5443 excitandam
3597 5372 3783 5443 populi

2154 5430 2670 5503 palatiuorumque
2700 5430 3074 5494 devotionem
3100 5440 3438 5510 superpicta
3467 5430 3781 5500 fuitfcou.

3756 230 3881 290 996
3969 224 3971 290 ί

3968 648 3972 925 l
