4056 6276
297 343 430 401 997

1473 343 1830 405 HISTORIA
1848 337 2020 400 RUM
2066 338 2620 402 COMPENDIUM.

3585 344 3702 404 998

297 449 482 543 Ἰησοῦ
515 475 752 547 Χριστοῦ
808 475 1033 530 οἱκείαις
1095 479 1283 551 χερσίν
1341 476 1733 547 ἀνεστήλωσεν.
1768 473 1937 533 Οὗτος

2053 477 2322 526 ratarum
2355 489 2757 530 aerumnarum
2787 475 3189 543 obliviscatur,
3223 475 3367 530 iisve
3398 475 3714 548 Theophili

299 563 327 616 6
363 562 632 634 μακάριος
693 562 934 638 Λάζαρος
992 564 1480 640 παρακαλούμενος
1537 565 1640 619 ὑπὸ
1685 569 1783 631 τῆς
1814 572 1944 624 θαυ-

2057 560 2260 614 odium
2293 567 2351 616 et
2382 563 2633 618 nimium
2663 563 2922 620 furarem
2955 565 3248 637 praeferat.

309 653 520 723 μαστῆς
549 648 834 724 Θεοδώρας
861 660 958 720 τῆς
989 652 1270 726 βασιλίδος
1303 655 1636 730 συγγνώμην
1693 649 1875 706 δοῦναί
1923 668 1982 702 τε
2034 648 2120 701 καὶ
2187 646 2503 717 αἰτήσασθαι
2552 655 2630 721 τῷ
2663 650 2862 720 ταύτης
2893 650 3069 725 ἀνδρὶ,
3096 677 3123 703 ‹‹
3158 653 3275 710 Οὐκ
3306 651 3491 716 ἄδικος
3525 655 3551 708 6
3583 657 3716 712 Θεὸς

291 735 430 810 (92),
471 735 596 812 ἔφη,
637 737 682 791 ὦ
715 737 1028 812 βασίλισσα,
1059 739 1406 796 ἐπιλαθέσθαι
1435 748 1534 810 τῆς
1566 743 1731 812 ἠμῶοι
1758 740 1976 814 ἀγάπης
2004 734 2098 788 καὶ
2127 740 2238 789 τῶν
2272 736 2406 810 πρὸς
2440 737 2598 792 αὐτὸν
2629 739 2837 806 κόπων,
2869 738 3076 794 ἐκείνου
3108 739 3165 794 δὲ
3193 740 3255 795 τὺ
3290 747 3448 814 μῖσος
3487 743 3575 798 καὶ
3605 746 3707 813 τήν

293 821 760 899 ὑπερϐάλλαυσαν
794 827 985 898 μανίαν
1012 835 1377 902 προτιμῆσαι.
1416 854 1444 880 ››

363 913 540 972 Ἀλλὰ
594 919 764 970 τοῦτα
824 917 918 988 μέν
977 916 1220 992 ὕστερον·
1277 919 1304 973 6
1365 917 1420 972 δὲ
1468 917 1664 991 μιαρὸς
1693 914 1951 987 τύραννος

294 1005 387 1059 τὸν
448 1002 812 1077 ὀμολογητὴν
877 1005 1152 1084 Θεοφάνην
1204 1006 1294 1060 καὶ
1353 1003 1634 1080 Θεόδωρον
1664 1002 1756 1058 τὸν
1789 1000 1952 1056 αὐτοῦ

295 1091 552 1171 ἀδελφὸν,
612 1093 700 1148 ἐπὶ
762 1094 924 1171 σοφίᾳ
985 1093 1333 1173 διαφέροντας
1391 1093 1522 1150 ἰδὼν
1551 1099 1660 1150 τῶν
1699 1090 1951 1165 πολλῶν,

289 1184 431 1238 κατὰ
483 1184 574 1238 τὸν
608 1188 704 1238 τοῦ
753 1190 1060 1239 Λαυσιακοῦ
1104 1185 1385 1260 τρίκλινον
1439 1185 1816 1257 παρεστήσατο
1850 1177 1952 1250 δη-

299 1271 465 1345 μοσίᾳ
513 1269 932 1344 διαλεξομένους
983 1274 1104 1348 περὶ
1144 1281 1243 1343 τῆς
1305 1273 1561 1335 πίστεως.
1595 1271 1722 1340 Καὶ,
1755 1294 1782 1321 ‹‹
1815 1270 1951 1342 Ἀγε

289 1359 383 1431 δὴ,
417 1362 603 1438 φησὶν,
640 1361 818 1433 ὑμεῖς,
869 1363 914 1416 ὦ
972 1364 1282 1438 κατάρατοι,
1339 1363 1447 1418 τίσι
1503 1361 1815 1433 πειθόμενοι
1847 1355 1950 1431 ῥή-

288 1471 401 1504 σεσι
459 1457 560 1519 τῆς
619 1452 833 1527 Γραφῆς
898 1452 965 1506 τὰ
1023 1451 1227 1508 εἷ’δωλα
1292 1477 1320 1504 ››
1379 1453 1496 1521 (τὰς
1545 1449 1696 1525 ἁγίας
1729 1448 1948 1506 αίκόνας

288 1537 578 1610 ἀκολάστῳ
616 1539 815 1613 γνώμῃ
858 1541 947 1595 καὶ
1000 1540 1228 1616 γλώσσῃ
1279 1540 1467 1596 καλῶν
1501 1539 1667 1609 οὕτω)
1709 1562 1735 1591 ιι
1768 1555 1946 1610 προσ-

289 1632 519 1697 κυνεῖτε,
550 1629 639 1682 καὶ
683 1627 811 1690 τοὺς
869 1627 1116 1692 πολλοὺς
1171 1631 1263 1684 καὶ
1328 1631 1402 1703 μὴ
1464 1627 1748 1702 ἀκεραίους
1802 1624 1947 1678 οὕτω

292 1722 472 1771 ποιεῖν
527 1718 878 1785 ἀναπείθετε;
922 1742 950 1769 ››
1012 1717 1313 1792 ιΙροσετίθη
1376 1715 1434 1772 δὲ
1486 1716 1575 1770 καὶ
1634 1714 1760 1770 ἀλλ’
1811 1711 1948 1767 ἅττα

295 1804 597 1882 βλάσφημα
626 1807 714 1860 καὶ
774 1806 969 1880 ἀπηχῆ
1026 1808 1168 1862 κατά
1217 1810 1317 1874 τῆς
1375 1804 1530 1880 ἁγίας
1576 1802 1780 1865 εἷ’κόνος
1812 1803 1948 1876 Χρι-

2133 916 2419 970 Caeterum
2455 916 2723 986 impurus
2755 923 3043 988 tyrannus
3077 936 3209 974 eum
3244 922 3491 976 sentiret
3520 924 3716 978 Theo-

2061 1003 2320 1073 phauem
2354 1003 2756 1059 confessorem
2791 1012 2848 1059 et
2890 1006 3132 1060 fratrem
3179 1008 3307 1078 ejus
3339 1010 3712 1067 Theodorum

2061 1090 2192 1144 aliis
2227 1092 2517 1161 sapientia
2546 1092 2799 1147 multum
2851 1094 3225 1160 antecellere,
3260 1097 3332 1151 ad
3363 1098 3713 1155 Lausiacum

2060 1177 2389 1234 triclinium
2417 1197 2477 1234 se
2501 1181 2709 1235 sistere
2733 1199 2832 1237 eos
2849 1182 3051 1253 jussit,
3075 1183 3310 1254 publice
3336 1184 3405 1240 de
3428 1187 3714 1260 religione

2061 1266 2682 1341 disputaturos.Atque
2709 1270 2845 1339 ibi,«
2869 1272 3375 1343 Agedum,inquit,
3393 1277 3717 1330 exsecrabi-

2060 1356 2533 1428 les,quibusdam
2557 1377 2859 1416 sacrarum
2890 1361 3220 1416 litterarum
3255 1364 3570 1418 sententiis
3586 1381 3716 1435 per-

2060 1447 2241 1514 suasi,
2276 1447 2434 1503 idola
2464 1449 2569 1518 (sic
2603 1466 2801 1505 sacras
2832 1451 3120 1522 imagines
3148 1451 3347 1506 animo
3381 1458 3434 1506 et
3467 1469 3567 1506 ore
3599 1453 3713 1506 im-

2060 1536 2287 1607 potenti
2324 1537 2588 1609 vocabat)
2620 1538 2902 1605 adoratis,
2932 1539 3496 1612 multitudinemque
3528 1541 3716 1596 homi-

2056 1640 2197 1678 num
2229 1625 2640 1696 imperitorum
2675 1644 2742 1682 eo
2775 1627 3065 1682 adducitis
3098 1635 3162 1683 ut
3193 1629 3349 1684 idem
3385 1629 3649 1684 faciant?
3681 1651 3711 1680 »

2059 1713 2168 1768 Sed
2201 1719 2258 1769 et
2289 1715 2811 1786 impudentissima
2873 1733 3009 1771 voce
3063 1715 3178 1772 alia
3225 1717 3499 1788 qumdam
3533 1719 3712 1790 impie

2055 1807 2263 1858 contra
2295 1820 2521 1858 sacram
2565 1805 2780 1859 Christi
2808 1805 3134 1877 imaginem
3168 1807 3436 1861 effutivit.
3466 1807 3555 1862 Ad
3587 1807 3714 1862 haec

291 1876 421 1948 στοῦ
452 1876 572 1949 ’τοῦ
629 1899 762 1949 Θεοῦ
819 1876 980 1968 ημών
1037 1892 1391 1969 ἀναιδεστέρᾳ
1423 1876 1617 1972 νφωνῇ.
1646 1893 1712 1950 Οἱ
1746 1889 1803 1946 δὲ
1836 1911 1937 1964 μα-

2049 1891 2204 1946 beati
2218 1892 2304 1946 illi
2321 1876 3134 1964 dixeruntz<<SedTheophilus
3151 1894 3501 1966 aliquandiu
3518 1897 3714 1951 occul-

291 1982 504 2056 κάριοι,
566 2007 592 2034 ιι
650 1983 1033 2059 Ἐμφραχθείη
1074 1984 1136 2037 τὸ
1185 1984 1381 2055 στόμα,
1439 1982 1614 2049 εἶπον,
1644 1981 1706 2035 τὸ
1738 1977 1942 2035 λαλοῦν

290 2075 430 2128 κατά
480 2079 578 2128 τοῦ
636 2079 768 2128 Θεοῦ
823 2074 1079 2146 ἀνομίαν.
1115 2098 1142 2125 ιι
1193 2075 1255 2131 Ὀ
1306 2071 1363 2128 δὲ
1419 2073 1648 2144 κρύπτει
1682 2072 1775 2144 μὲν
1807 2068 1942 2132 τέως

287 2165 388 2230 τὴν
421 2162 664 2232 λεοντῆν,
695 2164 793 2229 τήν
827 2160 884 2217 δὲ
926 2163 1220 2232 ἀλωπεκῆν
1271 2161 1640 2236 ὑποκρίνεται,
1681 2161 1770 2214 καὶ
1797 2160 1944 2234 χρή-

291 2272 401 2312 σεις
454 2254 795 2330 προφητικάς
849 2251 1045 2326 ἀπῇτει
1105 2251 1195 2306 καὶ
1258 2252 1554 2326 μαρτυρίας
1604 2249 1698 2310 τὰς
1730 2247 1940 2310 εἰκόνας

291 2339 682 2414 ἰπιτρεπούσας
739 2343 1174 2415 προσκυνεῖσθαι.
1249 2343 1334 2414 [Ρ.
1394 2342 1522 2413 521]
1592 2337 1826 2411 Θατέρου
1885 2334 1943 2392 δὲ

285 2433 396 2483 τῶν
427 2425 676 2506 ἀδελιρῶν
703 2434 801 2484 τοῦ
837 2430 1135 2503 μακαρίτου
1176 2429 1479 2508 Θεοφάνους
1537 2427 1692 2502 ῥῆσίν
1735 2447 1855 2481 τινα
1881 2426 1942 2481 ἐκ

285 2525 387 2587 τῆς
417 2523 515 2573 τοῦ
569 2520 792 2574 Ἦσαῒου
848 2521 1218 2596 προφέροντος
1276 2517 1633 2596 προφητείας,
1661 2518 1764 2572 οὐκ
1792 2513 1941 2590 ἔχειν

288 2605 432 2662 οὕτω
460 2608 662 2678 ταύτην
686 2607 967 2684 ἀντέλεγεν
1001 2610 1029 2662 6
1055 2608 1340 2685 Θεόφιλος,
1370 2609 1460 2662 καὶ
1513 2608 1625 2679 ἅμα
1669 2607 1768 2674 τήν
1813 2606 1940 2659 ἔαυ-

283 2701 383 2751 τοῦ
417 2690 612 2771 βίϐλον
663 2695 957 2752 ἀνελίττων
1009 2696 1217 2752 ἐδείκνυ
1271 2697 1415 2770 τάχα
1443 2697 1571 2756 τοὺς
1603 2695 1805 2767 λόγους
1835 2715 1936 2748 πι-

288 2783 584 2848 στούς.Ὧς
630 2782 688 2839 δὲ
741 2787 1078 2850 νενοθεῦσθαι
1139 2786 1228 2840 ὑπ’
1288 2784 1450 2840 αὐτοῦ
1519 2783 1580 2838 οὐ
1644 2783 1808 2855 μόνον
1868 2779 1936 2849 δὴ

283 2874 487 2944 ταύτην
520 2877 548 2930 6
579 2874 731 2951 ἅγιος
762 2872 981 2940 ἐπεϐόα,
1031 2873 1177 2930 ἀλλά
1231 2876 1324 2930 καὶ
1381 2875 1550 2935 πάσας
1579 2872 1675 2934 τὰς
1709 2873 1827 2925 ὅσαι
1861 2870 1936 2931 εἰς

286 2965 386 3032 τήν
428 2963 591 3018 αὐτοῦ
633 2963 891 3018 ἐλθοῦσαι
919 2963 1114 3042 ἔτυχον
1168 2969 1346 3038 χεῖρα,
1378 2962 1588 3032 ἐκείνην
1618 2959 1770 3035 ἔλεγε
1799 2979 1934 3032 προ-

286 3052 453 3114 τιθεὶς
486 3052 621 3107 ἰέναι
653 3054 787 3127 πρὸς
822 3054 984 3108 αὐτὸν
1033 3055 1131 3121 τήν
1188 3048 1380 3128 βίϐλον
1409 3054 1506 3121 τήν
1540 3051 1678 3106 κατά
1703 3052 1801 3118 τὴν
1830 3069 1938 3102 πα-

288 3144 616 3214 τριαρχικὴν
671 3141 721 3196 ἐν
777 3146 858 3212 τῷ
915 3142 1177 3216 Θωμαῗτῃ
1233 3141 1369 3196 κατὰ
1422 3138 1585 3210 τήνδε
1638 3141 1737 3207 τήν
1795 3137 1935 3192 θέσιν

2053 1984 2174 2034 tata
2205 1980 2444 2036 leonina
2476 1983 2778 2053 vulpinam
2810 1981 3024 2054 pellem
3049 2001 3168 2054 prie
3192 2000 3254 2038 se
3282 1985 3441 2051 tulit,
3473 2002 3540 2040 ac
3574 2001 3713 2040 ora-

2051 2069 2182 2124 cula
2211 2069 2479 2125 divorum
2529 2076 2725 2126 vatum
2786 2077 2844 2126 et
2910 2073 3254 2127 testimonia
3285 2072 3398 2127 sibi
3453 2074 3709 2144 proferri

2048 2157 2368 2226 postulavit
2399 2160 2724 2231 imaginum
2753 2161 3198 2216 venerationem
3221 2161 3710 2217 concedentia.Et

2049 2261 2184 2299 cum
2214 2246 2600 2318 TheOphanes
2631 2248 2830 2302 loeum
2873 2265 2942 2303 ex
2973 2249 3158 2304 Esaiae
3191 2250 3486 2305 vaticiniis
3519 2251 3709 2307 addu-

2049 2341 2228 2402 ceret,
2255 2335 2405 2392 915
2440 2337 2748 2407 respondit
2786 2336 3145 2408 TheOphilus
3187 2355 3322 2393 cum
3353 2340 3550 2394 locum
3585 2356 3705 2395 non

2047 2421 2124 2476 ita
2155 2423 2395 2492 habere,
2429 2426 2726 2496 simulque
2756 2443 2929 2481 suum
2984 2427 3200 2481 librum
3249 2427 3582 2498 explicavit.
3618 2429 3702 2499 lbi

2046 2511 2432 2583 Theophanes
2463 2514 2768 2570 vociferari
2792 2531 2912 2570 non
2936 2515 3094 2570 hunc
3125 2515 3301 2570 modo
3331 2516 3572 2582 librum,
3597 2516 3700 2572 sed

2045 2617 2250 2655 omnes
2277 2601 2583 2673 quotquod
2609 2603 2669 2658 in
2691 2620 2903 2658 manus
2927 2605 3236 2675 Theophili
3270 2605 3700 2676 pervenissent,

2045 2694 2355 2759 corruptos
2387 2706 2538 2756 esse,
2567 2691 2868 2762 postulare
2901 2695 2967 2746 ut
2999 2709 3071 2746 ex
3102 2692 3456 2762 patriarchae
3486 2692 3702 2747 biblio-

2045 2775 2215 2831 theca
2247 2778 2611 2834 Thomaitica
2641 2779 2824 2834 codex
2881 2780 3202 2851 (simulque
3248 2781 3698 2837 demonstrabat

2044 2880 2160 2932 quo
2192 2864 2242 2918 is
2283 2864 2410 2920 loco
2465 2872 2620 2921 esset
2679 2868 2997 2939 repositus)
3030 2868 3364 2936 afferretur,
3397 2869 3694 2925 dictorum

2043 2950 2305 3004 veritatis
2337 2950 2686 3024 indagandw
2746 2969 2944 3008 causa.
3001 2953 3318 3009 Celerrime
3369 2971 3435 3009 eo
3477 2955 3696 3010 missus

2044 3039 2285 3110 quidam
2309 3039 2572 3095 codicem
2596 3041 2812 3110 attulit,
2834 3057 3010 3111 quem
3034 3048 3241 3114 sponte
3263 3059 3369 3098 sua
3389 3043 3694 3098 revolvens

2044 3130 2368 3200 imperator
2398 3129 2658 3184 studiose
2693 3147 2725 3185 a
2755 3133 3059 3202 proposito
3082 3132 3397 3200 aberravit,
3417 3149 3696 3188 verecun-

287 3231 545 3301 κειμένην
591 3225 958 3304 βιϐλιοθήκην
1028 3229 1107 3292 εἷς
1165 3231 1346 3286 πίστιν
1428 3233 1536 3283 τῶν
1596 3227 1932 3302 λεγομένων.

2049 3217 2147 3272 dia
2177 3218 2407 3286 ductus,
2439 3222 2496 3274 et
2525 3218 2723 3274 locum
2755 3219 2827 3274 de
2882 3236 2996 3290 quo
3041 3220 3325 3292 agebatur
3355 3221 3697 3276 transiliens

289 3318 424 3376 Επεὶ
455 3323 585 3393 γοῦν
628 3340 712 3380 τις
771 3317 1076 3373 ἀπέσταλτο
1136 3320 1225 3374 καὶ
1278 3321 1466 3373 θᾶττον
1499 3317 1534 3386 ἢ
1569 3316 1732 3391 λόγος
1763 3315 1936 3392 ἤγαγε

284 3409 348 3462 τὸ
385 3403 626 3482 βιϐλίον,
656 3409 794 3462 ἒκὼν
831 3409 926 3480 μὲν
959 3408 1250 3463 ἀνελίττων
1296 3408 1324 3461 6
1371 3406 1628 3482 βασιλεὺς
1657 3405 1936 3479 ἡμάρτανε

286 3499 382 3551 τοῦ
446 3491 690 3570 βιϐλίου,
752 3497 842 3550 καὶ
899 3495 1296 3568 αἰσχυνόμενος
1353 3491 1668 3569 ὑπερεπήδα
1710 3493 1803 3566 μὲν
1834 3493 1933 3560 τὴν

287 3587 595 3656 ζητομένην
630 3585 844 3662 φράσιν,
877 3583 930 3638 ἐν
963 3583 1160 3648 ἄλλοις
1213 3581 1268 3638 δὲ
1320 3585 1410 3637 καὶ
1462 3581 1656 3644 ἄλλοις
1698 3581 1935 3636 ἐποιεῖτο

284 3674 386 3739 τήν
421 3676 669 3743 ζήτησιν.
702 3674 792 3734 Ὧς
851 3671 897 3726 δ’
958 3674 1060 3728 ὑπὸ
1117 3676 1213 3727 τοῦ
1274 3671 1576 3746 μακαρίτου
1629 3671 1937 3744 Θεοφάνους

284 3759 658 3816 ἀνεδιδάσκετο
691 3760 1378 3826 δακτυλοδεικτοῦντος,ὡς
1411 3787 1438 3814 ‹‹
1464 3760 1588 3817 Ἐπὶ
1619 3757 1933 3836 τρίαφύλλα

285 3845 606 3913 διαϐιϐάσας
654 3852 718 3906 τὸ
774 3851 1104 3924 ζητούμενον
1162 3846 1498 3924 καταλάϐῃς,
1536 3874 1564 3902 ››
1597 3845 1815 3917 τότεδὴ
1854 3848 1930 3920 μὴ

284 3940 462 4014 φέρων
520 3939 649 4001 τοὺς
706 3947 805 4008 τῆς
859 3942 1164 4015 παρῥησίας
1219 3941 1505 4016 ἐλέγχους,
1561 3935 1819 4000 συνειδὼς
1876 3933 1933 3991 δὲ

285 4025 374 4077 καὶ
401 4027 498 4094 τήν
548 4026 807 4097 ἀλήθείαν
867 4027 1099 4106 ἔχουσαν
1158 4030 1358 4098 οὕτως,
1388 4029 1450 4083 τὸ
1479 4029 1584 4092 ἓως
1611 4024 1734 4082 τότε
1761 4023 1931 4101 ἀπορο

285 4111 444 4184 ῥίψας
504 4115 847 4186 μακρόθυπον
905 4118 992 4170 καὶ
1052 4118 1144 4170 τὸν
1205 4125 1344 4188 θῆρα
1395 4115 1762 4188 ἀνακαλὺψας,
1803 4136 1823 4163 ι
1857 4111 1931 4165 οὗ

283 4197 518 4270 δίκαιον,
577 4196 762 4278 ἔφησε,
821 4203 1047 4278 βασιλέα
1106 4205 1212 4259 ὑπὸ
1269 4206 1534 4260 τοιούτων
1595 4200 1808 4278 ἀνδρῶν
1847 4200 1932 4255 ἐν-

280 4284 613 4362 υϐρίζεσθαι,
653 4317 670 4340 ι
732 4294 820 4347 καὶ
883 4291 1076 4348 λοιπὸν
1131 4295 1422 4368 προσέταξε
1450 4298 1529 4364 τῷ
1570 4297 1667 4347 τοῦ
1694 4298 1928 4345 Λαυσια-

274 4383 374 4447 κοῦ
409 4379 733 4451 μεσοκηπίῳ
789 4380 986 4443 αὐτοὺς
1047 4383 1386 4458 ἀπαχθέντας
1448 4378 1797 4457 ῥαϐδισθῆναι
1832 4377 1925 4454 ῥά·
1960 4365 2003 4431 D

2046 3307 2187 3363 alibi
2238 3307 2524 3378 quaesivit.
2581 3309 2724 3363 Cum
2779 3315 2977 3364 autem
3031 3310 3420 3381 Theophanes
3467 3311 3696 3365 intento

2045 3396 2224 3467 digito
2258 3413 2393 3450 eum
2421 3395 2678 3463 doceret,
2715 3398 2760 3452 si
2787 3402 2906 3452 tres
2933 3399 3174 3470 paginas
3207 3399 3701 3467 revolvisset,fore

2045 3491 2107 3540 ut
2130 3485 2190 3539 in
2213 3485 2408 3540 locum
2433 3487 2747 3556 quaesitum
2770 3486 3076 3556 incideret,
3110 3488 3432 3558 imperator
3456 3487 3695 3543 liberta-

2047 3581 2162 3629 tem
2195 3575 2676 3645 reprehensionis
2725 3593 2844 3631 non
2893 3576 3110 3644 ferens,
3163 3583 3222 3631 et
3260 3577 3522 3632 veritatis
3553 3593 3698 3632 con-

2047 3663 2225 3730 scius,
2251 3664 2596 3734 patientiam
2622 3682 2690 3719 eo
2713 3681 2899 3734 usque
2926 3670 3216 3721 servatam
3240 3666 3457 3736 abjecit
3477 3667 3696 3720 feram-

2047 3769 2159 3822 que
2209 3752 2506 3823 patefecit.
2568 3753 2874 3824 Indignam
2935 3755 3096 3808 enim
3149 3769 3276 3809 esse
3327 3770 3451 3808 rem
3493 3754 3698 3809 dicens

2044 3841 2386 3911 imperatori
2420 3857 2454 3894 a
2485 3841 2702 3896 talibus
2748 3841 3094 3896 hominibus
3126 3841 3318 3909 illudi,
3351 3841 3565 3897 abduci
3597 3858 3698 3897 eos

2043 3928 2105 3984 in
2133 3930 2368 3984 hortum
2415 3929 2683 3984 Lauciaci
2739 3929 3086 3984 interiorem
3131 3930 3334 4001 jussit,
3365 3930 3692 4001 ferulisque

2041 4035 2229 4088 usque
2262 4018 2336 4072 ad
2374 4021 2477 4072 200
2535 4019 2688 4073 ietus
2741 4019 3082 4091 gravissime
3141 4019 3401 4074 concidit
3454 4020 3606 4085 Quin
3635 4025 3696 4075 et

2041 4107 2334 4160 frontibus
2367 4123 2572 4160 eorum
2622 4106 2930 4163 barbarico
2982 4124 3144 4163 more
3195 4108 3350 4162 notis
3380 4108 3690 4179 impressis

2041 4193 2286 4247 inscribi
2311 4193 2492 4264 jussit
2545 4194 2776 4266 ineptos
2825 4195 2930 4250 hos
2970 4211 3004 4250 a
3051 4212 3113 4250 se
3153 4195 3509 4267 compositos
3542 4197 3688 4250 iam-

2041 4281 2148 4336 bos
2173 4299 2185 4336 :

275 4463 419 4521 ϐδων
445 4473 632 4542 σοραῖς
664 4470 994 4542 βαρυτάταις
1025 4468 1159 4546 ἄχρι
1189 4457 1297 4528 τῶν
1331 4470 1638 4538 διακοσίων,
1669 4470 1760 4526 καὶ
1789 4474 1908 4531 τοῖς
1944 4465 2220 4542 μετώποις
2251 4463 2429 4516 αὐτῶν
2463 4459 2824 4538 ἐπιγραφῆναι
2874 4457 3224 4538 βαρϐαρικῶς
3274 4463 3658 4538 ἐγκεντηθέντα

278 4555 373 4619 οὕς
404 4557 708 4613 συντέθεικε
738 4556 946 4633 λήρους
980 4556 1232 4634 ἰάμϐους.
1263 4561 1383 4619 Εἰσὶ
1416 4559 1474 4616 δὲ
1504 4561 1676 4616 οὗτοι’

385 4682 606 4736 Πάντων
711 4684 1028 4748 ποθούντων
1140 4685 1465 4761 προσρέχειν
1582 4685 1720 4761 πρὸς
1827 4689 1926 4757 τήν

1140 4685 1465 4763 προσρέχειν

1661 4762 1852 4835 [πολιν

381 4824 559 4900 igneo
581 4825 968 4900 na’varvvor'toii
999 4832 1134 4882 Θεοῦ
1167 4829 1350 4900 Λόγου
1371 4828 1534 4893 πόδες

387 4895 652 4974 ξΕστησαν
688 4895 763 4974 εἷς
797 4897 1174 4974 σύστασινᾼτῆς
1217 4895 1566 4974 οἰκουμένης,

385 4964 658 5045 ἒΩφθησαν
688 4968 948 5045 οὗτοιλτῷ
979 4964 1260 5045 σεϐασμίῳ
1288 4964 1442 5045 τόπῳ

385 5035 560 5115 Ξκεύη
594 5040 808 5115 πονηρά
833 5035 1242 5115 Δδεισιδαίμονος
1269 5035 1502 5115 πλάνης.

385 5059 560 5104 ιικευη
594 5059 733 5106 πονη
778 5061 808 5093 α
844 5059 1241 5113 οεισιοαίμονος
1269 5059 1410 5099 πΑαν

380 5107 586 5161 Ἐκεῖσε
615 5059 801 5166 πολλὶά
833 5109 1024 5167 λοιπὸν
1058 5113 1108 5184 ἐξ
1139 5115 1410 5177 ἀπιστίας.

2110 4696 2330 4751 Cunctis
2358 4694 2430 4750 ad
2457 4695 2644 4750 urbem
2675 4712 2958 4752 accurrere
2987 4698 3395 4767 aﬂ’ectantibus,

2108 4838 2445 4894 Castissimos
2475 4840 2533 4892 in
2563 4855 2683 4911 qua
2697 4841 2795 4894 Dei
2831 4841 3063 4894 Verbum
3090 4841 3257 4911 pedes

2103 4911 2258 4965 916
2289 4912 2463 4976 Fixit,
2495 4909 2685 4978 generi
2710 4912 2942 4966 salutem
2972 4917 3033 4966 ut
3057 4909 3295 4967 humano
3325 4913 3504 4975 daret,

2102 4985 2434 5052 Apparuere
2464 4987 2515 5034 et
2546 4981 2642 5035 isti
2665 4984 2975 5037 venerando
3006 4985 3063 5037 in
3096 4984 3233 5052 loco,

2099 5053 2486 5124 Superstitiosi
2516 5056 2716 5108 erroris
2745 5071 2877 5109 vasa
2901 5056 3160 5124 pessima.

2101 5126 2165 5178 Et
2188 5125 2316 5178 inde
2339 5123 2518 5177 multa
2539 5131 2834 5194 postquam
2856 5123 3063 5196 perﬁdi
3092 5127 3197 5180 Deo

1443 5217 1807 5274 XYLANDRI
1844 5222 1931 5275 ET
1970 5222 2188 5278 GOABI
2229 5221 2454 5276 NOT/E.

315 5307 456 5386 .(92)
513 5309 758 5386 Yid_etur
806 5315 1140 5386 monachus
1198 5315 1464 5372 alludere
1523 5317 1596 5373 ad
1652 5321 1916 5386 Apostoli

271 5375 492 5431 dictum
518 5379 578 5459 i_n
603 5383 861 5459 Epistola
887 5385 959 5439 ad
985 5387 1258 5442 Hebrmos
1281 5405 1330 5442 c.
1357 5391 1410 5456 6,
1433 5387 1610 5459 idque
1641 5375 1720 5444 ad
1744 5375 1805 5446 se
1827 5375 1921 5448 ac;

270 5451 668 5535 cpmxnodare.
703 5455 1159 5535 Prod_ron_ius_D1
1191 5451 1436 5514 Joannis
1479 5451 1760 5535 Baptistae
1793 5465 1916 5535 epi-

268 5519 476 5602 theton
499 5528 615 5602 _est,
643 5525 802 5602 qugd
839 5527 899 5602 is
947 5527 1160 5602 Christi
1207 5547 1538 5602 praecursor
1559 5519 1694 5589 fuit.
1730 5519 1915 5599 Quem

2030 5321 2252 5377 drenus
2277 5319 2578 5391 przedicat,
2611 5321 2683 5376 ad
2715 5321 3191 5376 confirmandum
3223 5318 3677 5376 simulacrorum

2027 5409 2201 5450 usum
2235 5392 2582 5462 cultumque
2615 5393 3024 5464 produxerint,
3056 5409 3197 5464 sane
3229 5391 3524 5464 conjicere
3555 5410 3677 5448 non

2026 5465 2212 5536 potui.
2246 5465 2359 5536 Eos
2389 5463 2631 5536 quidem
2655 5465 2935 5536 videntur
2959 5463 3138 5518 iambi
3169 5463 3478 5536 Theophili
3509 5464 3675 5520 indi-

2026 5535 2181 5602 care,
2213 5535 2379 5608 prius
2405 5535 2829 5608 Hierosolymis
2887 5550 3122 5606 quoque
3179 5535 3449 5592 exsulare
3471 5537 3674 5608 jussos

268 5595 465 5648 autem
498 5593 696 5653 locum
722 5598 906 5656 Esaia
938 5593 1305 5660 confessores
1336 5602 1619 5674 isti,quos
1648 5593 1786 5662 moi
1815 5607 1916 5664 Ce-
2025 5593 2366 5680 Byxantium
2397 5606 2647 5663 venisse.
2677 5593 2820 5662 Χη.
