4054 6286
238 368 388 430 1001

1380 376 1929 439 HISTORIARUM
1973 378 2521 447 COMPENDIUM.

3488 401 3511 457 1
3522 392 3642 458 002

304 495 430 553 Ἐπῖ
463 492 519 549 δὲ
560 495 650 550 καὶ
680 501 775 559 τὰς
836 498 956 571 περὶ
1006 500 1106 565 τήν
1156 498 1400 577 κεφαλῆν
1448 501 1644 577 τρίχας
1696 501 1867 578 ὀλίγα.

2074 507 2220 571 Quia
2250 526 2388 566 vero
2415 529 2449 567 ο.
2477 518 2688 569 natura
2714 532 2933 587 paucos
2964 518 3173 590 capitis
3197 522 3443 593 capillos
3465 524 3643 581 habe-

233 582 293 637 ἐκ
342 584 553 663 φύσεως
615 586 790 652 εἶχεν,
852 586 1128 666 ἀναφαλας
1183 610 1267 651 τις
1323 587 1418 661 ὥν,
1480 591 1751 662 θέσπισμα
1807 590 1886 659 ἐξ·

230 674 382 730 έθετο
428 680 712 751 πανταχοῦ
766 676 819 731 ἐν
883 683 1007 753 χρῷ
1060 679 1155 741 τὰς
1211 680 1409 753 τρίχας
1467 681 1770 755 ἀποκείρειν
1797 679 1889 734 καὶ

235 765 312 836 μή
391 784 513 818 τινα
587 766 862 838 Ῥωμαῖον
942 765 1069 821 ὄντα
1142 768 1447 843 περαιτέρῳ
1521 769 1716 831 ταύτας
1789 772 1887 822 τοῦ

228 852 523 928 τραχήλου
581 855 833 933 φέρεσθαι
897 862 1226 934 συγχωρεῖν,
1267 857 1360 912 τὸν
1439 855 1496 912 δὲ
1569 857 1630 912 τὸ
1706 855 1887 931 δόγμα

230 948 560 1017 παρορῶντα
617 942 857 1004 πολλαῖς
927 944 1224 1015 αἰκίζεσθαι
1306 947 1543 1019 μάστιξι,
1619 948 1719 1016 τήν
1778 951 1887 1001 τῶν

228 1030 513 1104 προγόνων
590 1031 878 1105 Ῥωμαίων
983 1031 1179 1107 ἀρετὴν
1257 1032 1541 1111 ἐπανάγειν
1625 1033 1886 1108 βρενθυό-

234 1140 424 1192 μενος.

304 1207 471 1261 Πέντε
503 1204 561 1261 δὲ
591 1209 900 1284 θυγατέρων
947 1209 1213 1289 ὑπάρχων
1271 1213 1476 1287 πατὴρ,
1537 1213 1610 1274 ὡς
1669 1210 1882 1285 προλα-

227 1291 399 1351 ϐὼνὸ
448 1295 618 1370 λόγος
673 1296 933 1376 ἀπέφηνε,
991 1300 1083 1354 καὶ
1139 1298 1361 1375 ἄῤῥενος
1420 1298 1630 1375 ἔρημος
1687 1305 1880 1378 γονῆς,

224 1387 328 1454 τὴν
377 1391 561 1441 πασῶν
614 1387 853 1463 ἐσχάτην
886 1389 1093 1464 Μαρίαν
1136 1386 1594 1465 ὑπερϐαλλόντως
1651 1390 1879 1465 ἀγαπω-

235 1473 405 1546 μένην
466 1475 617 1545 αὐτῷ
675 1472 785 1529 δεῖν
828 1476 984 1548 ᾠήθη
1047 1479 1288 1548 συζεῦξαι
1345 1474 1517 1552 ἀνδρί.
1548 1479 1605 1532 Ὀ
1643 1478 1875 1557 νυμφίος

230 1559 294 1616 δὲ
323 1562 389 1631 ἧν
415 1569 515 1631 τῆς
544 1567 651 1617 τῶν
683 1566 967 1638 Κρηνιτῶν
998 1567 1112 1639 (97)
1145 1571 1349 1641 γενεᾶς,
1382 1568 1571 1644 χώρας
1610 1571 1716 1622 τῶν
1750 1569 1879 1642 Ἀρ-

230 1649 454 1723 μενίων,
497 1651 744 1722 Ἀλέξιος
782 1653 1047 1727 τοῦνομα,
1101 1654 1343 1725 Μωσηλὲ
1393 1658 1493 1725 τήν
1544 1656 1876 1729 ἐπωνυμίαν,

222 1744 308 1811 τῷ
339 1737 471 1794 εῗίδει
504 1741 731 1815 ὡραῖος,
763 1741 1021 1816 ἀκμάζων
1072 1744 1172 1811 τὴν
1231 1743 1476 1813 ἡλικίαν.
1528 1750 1726 1817 Ιιρῶτα
1782 1748 1874 1818 μὲν

1998 592 2118 660 bat,
2155 604 2212 652 et
2242 606 2369 655 erat
2412 605 2787 675 recalvaster,
2839 606 2972 662 ideo
3023 609 3215 666 edicto
3263 592 3420 668 edito
3461 615 3644 685 jussit

1996 685 2192 742 crines
2215 688 2288 742 ab
2321 692 2594 749 omnibus
2623 695 2855 750 tonderi
2889 713 3082 768 neque
3110 699 3182 755 ab
3211 700 3335 756 ullo
3376 705 3640 760 Romano

1996 774 2150 830 ultra
2180 776 2395 833 collum
2428 780 2717 839 demissos
2747 786 2960 855 gestari
2987 803 3001 853 ;
3036 789 3347 861 sanxitque
3378 792 3639 850 edictum

1994 866 2153 934 gravi
2185 867 2501 941 ﬂagrorum
2533 874 2846 945 supplicio,
2879 877 3212 947 priscorum
3237 881 3639 941 Romanorum

1993 953 2268 1010 virtutem
2297 975 2571 1015 revocare
2603 962 2866 1021 studens.

2061 1230 2324 1302 Cumque
2357 1233 2621 1301 haberet,
2653 1242 2721 1291 ut
2749 1254 2927 1309 supra
2956 1242 3434 1313 memoravimus,
3461 1248 3631 1317 quin-

1991 1333 2103 1387 que
2137 1318 2307 1389 ﬁlias,
2343 1328 2403 1375 et
2431 1324 2693 1380 mascula
2723 1327 2887 1397 prole
2919 1336 3166 1397 careret,
3211 1348 3283 1387 ex
3334 1332 3408 1387 iis
3456 1336 3634 1391 mini-

1987 1423 2144 1463 mam
2177 1415 2321 1465 natu
2352 1416 2409 1466 et
2436 1413 2769 1485 impensius
2800 1416 2910 1471 sibi
2930 1418 3177 1489 reliquis
3200 1421 3499 1493 dilectam,
3531 1442 3634 1481 no-

1986 1497 2147 1552 mine
2179 1500 2442 1566 Mariam,
2477 1505 2683 1559 statuit
2707 1505 2830 1559 viro
2863 1512 3115 1578 nuptum
3162 1511 3415 1569 tradere.
3466 1516 3633 1570 Mari-

1990 1590 2111 1640 tum
2144 1587 2196 1641 ei
2238 1589 2457 1662 delegit
2484 1591 2755 1648 Alexium
2789 1603 3182 1666 cognomento
3206 1601 3508 1672 Moselem,
3531 1606 3635 1660 Ar-

1986 1676 2249 1730 menium
2283 1684 2475 1749 gente,
2509 1697 2579 1735 ex
2608 1683 2980 1739 Crenitarum
3009 1687 3272 1755 natione,
3296 1689 3487 1747 forma
3518 1693 3632 1749 ele-

1983 1769 2219 1834 gantem
2251 1782 2317 1821 ac
2350 1767 2659 1826 ﬂorentem
2692 1777 2880 1829 (etate.
2918 1774 3063 1829 Huic
3088 1777 3323 1846 patricii
3345 1780 3628 1853 primum,

222 1832 297 1903 τῇ
329 1834 438 1884 τῶν
467 1829 767 1905 πατρικίων
798 1831 887 1885 καὶ
917 1830 1236 1886 ἀνθυπάτων
1282 1835 1520 1906 τιμήσας
1566 1834 1706 1904 ἀξίᾳ,
1758 1835 1867 1889 εἶτα

308 1924 319 1939 .
441 1918 451 1934 ι
816 1919 829 1936 ς
890 1920 917 1938 n
1173 1923 1214 1939 ν
1266 1921 1275 1934 .
1705 1922 1718 1939 ,
1857 1922 1866 1939 ο

1987 1829 2012 1834 ν
3088 1829 3108 1846 ι
3138 1829 3627 1853 *‘*’*"'r—"“‘“‘l

1986 1851 2203 1907 deinde
2234 1858 2605 1925 proconsulis
2636 1859 2922 1917 honorem
2950 1865 3222 1935 contulit,
3255 1866 3471 1924 deinde
3501 1886 3627 1926 ma.

223 1924 320 1972 καὶ
382 1918 682 1994 μαγιστρον
742 1919 830 1973 καὶ
889 1920 1112 1995 ὕστερον
1173 1921 1439 1995 Καίσαρα,
1498 1922 1873 1996 στρατεύματα

222 2029 287 2062 τε
318 2006 445 2070 δοὺς
476 2008 622 2080 αὐτῷ
652 2011 807 2063 ἰκανὰ
837 2011 971 2084 πρὸς
1011 2012 1109 2079 τήν
1160 2008 1559 2086 Λογγιϐαρδίαν
1610 2011 1873 2086 ἐξέπεμψε

226 2095 419 2172 χρείας
470 2098 899 2170 κατεπειγούσης
954 2099 1120 2160 τινός,
1190 2100 1287 2154 Καὶ
1330 2101 1358 2154 ὁ
1412 2102 1505 2173 μὲν
1559 2101 1723 2175 ἀπῄει
1776 2122 1874 2156 κα-

225 2186 343 2248 λῶς
373 2188 438 2241 τὰ
468 2190 586 2241 κατ’
640 2187 809 2255 αὐτὴν
862 2187 1117 2257 ἐξανύων,
1157 2189 1248 2243 καὶ
1298 2189 1372 2251 ὼς
1414 2187 1589 2244 ἐδόκει
1637 2195 1718 2262 τῷ
1771 2191 1871 2264 βα-

227 2272 394 2333 σιλεῖ.
434 2278 518 2348 [Ρ.
556 2278 685 2350 525]
717 2277 809 2332 Διὸ
838 2277 930 2331 καί
960 2276 1174 2349 ἤκμαζε
1199 2278 1291 2350 μὲν
1325 2279 1353 2333 ὁ
1382 2279 1517 2353 πρὸς
1558 2278 1720 2334 αὐτὸν
1768 2279 1874 2333 πό-

227 2366 343 2427 θος,
376 2367 687 2439 συνήκμαζε
730 2363 789 2420 δὲ
839 2366 929 2420 καὶ
982 2366 1009 2420 ὁ
1064 2366 1112 2435 ἐξ
1159 2368 1459 2442 ἀνθρώπων
1510 2368 1725 2445 φθόνος,
1781 2368 1871 2422 καὶ

227 2448 522 2507 διέϐαλλον
556 2452 716 2508 αὐτὸν
746 2453 821 2515 ὡς
851 2460 953 2523 τῆς
990 2454 1269 2529 βασιλείας
1300 2454 1684 2529 ἐπιθυμοῦντα,
1732 2476 1873 2530 προ-

227 2541 493 2604 στιθέντες
545 2542 619 2604 ὡς
645 2539 850 2613 δήποτε
878 2543 941 2598 τὸ
971 2546 1049 2615 (α)
1077 2548 1175 2598 τοῦ
1208 2545 1279 2617 (θ)
1301 2547 1413 2617 (98)
1434 2549 1869 2621 κατακυριεῦσαι.

229 2630 407 2703 ’Ἀπερ
466 2628 533 2699 δή
591 2632 995 2704 πυνθανόμενος
1049 2633 1076 2686 ὁ
1135 2638 1358 2709 Καῖσαρ,
1416 2632 1629 2688 καὶτοῦ
1674 2633 1872 2708 φθόνου

236 2716 417 2790 ὥσπερ
449 2719 815 2793 ἀκροώμενος,
851 2720 1038 2778 πολλὰ
1065 2727 1163 2777 τοῦ
1198 2720 1466 2791 βασιλέως
1517 2721 1693 2779 ἐδέετο
1741 2745 1871 2800 συγ-

176 2860 187 2867 ,
231 2809 552 2881 χωρηθῆναι
607 2810 764 2864 αὐτὸν
818 2812 956 2885 πρὸς
1012 2812 1102 2866 τὸν
1174 2814 1391 2886 μονήρη
1483 2812 1871 2886 μετατάξασθαι

236 2895 379 2970 βίον.
416 2895 574 2952 Ἀλλ’
605 2903 764 2954 τοῦτο
800 2901 893 2972 μὲν
929 2903 955 2954 ὁ
989 2900 1247 2975 βασιλεὺς
1293 2900 1392 2957 οὐκ
1437 2900 1715 2977 ἐπέτρεψε,
1766 2904 1867 2970 τήν

222 2984 454 3058 χηρείαν
512 2989 611 3055 τῆς
667 2989 927 3063 θυγατρὸς
986 2984 1414 3062 εὐλαϐούμενος,
1468 2989 1556 3045 καὶ
1601 2992 1868 3064 ὁΚαίσαρ

215 3069 401 3145 ἔμενεν
436 3075 518 3149 ἐφ’
547 3076 782 3151 ἡσυχίας
847 3082 964 3139 τοῖς
1022 3074 1312 3150 δημοσίοις
1371 3077 1867 3155 ἐνασχολούμενος.

206 3167 298 3223 Ὡς
331 3159 377 3217 δ’
411 3164 685 3238 ἀπετὲχθη
717 3170 795 3237 τῷ
831 3164 1048 3240 βασιλεῖ
1079 3167 1107 3220 ὁ
1137 3165 1371 3245 Μιχαὴλ
1402 3167 1492 3222 καὶ
1534 3169 1567 3238 ἡ
1599 3172 1696 3222 τοῦ
1729 3169 1863 3224 Καί-

205 3271 375 3325 σαρος
433 3253 644 3325 γαμετή
705 3253 887 3328 Μαρία
936 3255 1029 3309 τὸν
1088 3254 1205 3329 βίον
1270 3254 1598 3329 μετήλλαξε,
1655 3256 1858 3329 ταύτην

210 3341 313 3415 μὲν
340 3339 511 3403 οὕτως
543 3340 796 3416 ἐτίμησεν
830 3344 905 3404 ὡς
933 3344 1024 3398 τὸν
1077 3344 1261 3417 νεκρὸν
1314 3345 1485 3413 αὐτῆς
1538 3345 1589 3399 ἐν
1632 3343 1860 3420 λάρνακι

210 3432 387 3486 θεῖναι
420 3430 937 3507 περιηργυρωμένῃ,
967 3432 1059 3487 καὶ
1090 3432 1315 3488 ἀσυλίαν
1361 3431 1541 3488 δοῦναι
1589 3439 1669 3507 τῷ
1708 3435 1861 3513 τάφῳ

212 3524 336 3580 τοῖς
367 3517 447 3598 ἐφ’
479 3516 618 3583 σ’ίοις
649 3518 853 3590 δήποτε
883 3520 1227 3598 ἐγκλήμασιν
1256 3520 1479 3577 ἁλοῦσιν
1528 3522 1857 3598 ἀνθρώποις.

214 3609 328 3665 Τὸν
360 3606 417 3661 δὲ
447 3608 692 3679 Ἀλέξιον
744 3608 916 3684 λάθρα
975 3611 1401 3683 μεταταξάμενον
1460 3612 1550 3666 καὶ
1598 3612 1661 3667 τὸ
1695 3634 1859 3685 μονα-

218 3695 381 3769 χικὸν
414 3695 815 3775 ἀμφιεσάμενον
873 3705 1087 3773 σχῆμα,
1146 3697 1262 3753 ἐπεὶ
1334 3701 1410 3772 μή
1470 3693 1646 3755 ἔπειθε
1700 3707 1862 3758 τοῦτο

213 3778 540 3854 ἀποϐαλεῖν,
578 3784 741 3857 μόλις
803 3784 975 3855 ἐᾶσαι,
1027 3784 1281 3850 δεδωκὼς
1330 3787 1476 3861 αὐτῷ
1534 3788 1609 3850 εἰς
1660 3788 1863 3845 ἐνδιαί-

209 3893 371 3945 τημα
399 3872 459 3927 τό
490 3895 548 3928 τε
603 3875 738 3929 κατὰ
796 3874 1182 3950 Χρυσούπολιν
1246 3874 1529 3951 βασιλικὸν
1588 3883 1863 3951 μοναστη-

212 3982 355 4038 ριον,
387 3959 464 4016 ἔτι
498 3959 555 4017 δὲ
600 3964 688 4018 καὶ
747 3963 810 4018 τὸ
864 3969 963 4019 τοῦ
1022 3964 1269 4039 Βρύσεως
1324 3966 1414 4021 καὶ
1469 3966 1532 4022 τὸ
1570 3969 1707 4022 κατὰ
1763 3971 1863 4040 τὴν

209 4050 460 4111 Ἐλαίαν,
489 4053 723 4115 Ἐκεῖνος
754 4050 811 4108 δὲ
858 4058 939 4127 τῷ
985 4055 1123 4109 κατὰ
1166 4056 1264 4124 τήν
1313 4056 1692 4131 Χρυσούπολιν
1745 4054 1860 4112 ὄντι

205 4142 662 4218 ἐνδιαιτώμενος,
702 4146 817 4202 ἐπεί
850 4168 982 4202 ποτε
1010 4148 1310 4224 περιπάτου
1341 4147 1536 4219 ἐδετξοη
1590 4150 1679 4204 καὶ
1726 4151 1861 4205 κατὰ

204 4236 305 4290 τὸν
336 4235 624 4310 ’Λνοεμίου
657 4234 962 4311 λεγόμενον
1010 4237 1177 4292 τόπον
1222 4236 1451 4312 ἐγένετο,
1504 4236 1683 4294 εἶ’λετο
1735 4244 1860 4294 τοῦο

207 4345 307 4380 τον
372 4322 460 4379 διὰ
520 4325 812 4399 βασιλικῆς
871 4327 1212 4401 προστάξεως
1267 4326 1654 4399 ἐξωνήσασθαι·
1712 4330 1766 4384 ἐν
1815 4332 1860 4404 ᾧ

209 4413 308 4467 καὶ
354 4416 715 4489 μοναστήριον
771 4416 1172 4477 κατασκευάσας
1226 4414 1550 4489 πολυτελὲς,
1601 4418 1691 4474 τὸν
1743 4420 1857 4495 βίον

211 4500 567 4569 ἐκλιμπάνων
628 4503 782 4575 ἐτέθη
845 4503 1036 4574 ἐκεῖσε,
1097 4503 1189 4559 σὺν
1243 4505 1389 4577 αὐτῷ
1457 4504 1513 4561 δὲ
1551 4508 1640 4563 καὶ
1673 4509 1861 4566 ὁτού-

1980 1940 2227 2012 gistrum
2262 1960 2328 2000 ac
2362 1947 2600 2002 tandem
2635 1951 2925 2007 Cursarem
2944 1953 3102 2019 fecit,
3131 1956 3512 2029 exercituque
3529 1977 3628 2016 co-

1978 2030 2147 2101 pioso
2179 2033 2533 2091 instructum
2561 2038 2619 2091 in
2645 2039 3110 2112 Longobardiam
3139 2044 3320 2115 misit,
3345 2047 3523 2105 rebus
3544 2051 3629 2107 ita

1978 2122 2377 2189 poscentibus.
2419 2126 2497 2180 Eo
2529 2128 2827 2197 profectus
2876 2130 3117 2187 Alexius
3164 2150 3290 2191 rem
3344 2138 3624 2207 praeclare

1978 2210 2162 2280 gessit
2190 2217 2247 2264 et
2279 2227 2347 2267 ex
2378 2218 2672 2270 sententia
2717 2220 2925 2274 soceri.
2976 2221 3100 2285 Quo
3152 2223 3374 2279 factum
3424 2232 3515 2281 est
3559 2234 3625 2284 ut

1979 2306 2280 2353 crescente
2312 2302 2440 2372 ejus
2472 2303 2767 2360 desiderio
2800 2308 2977 2363 simul
3008 2310 3231 2366 invidia
3252 2329 3487 2384 quoque
3519 2332 3628 2372 au-

1977 2393 2243 2457 gesceret
2268 2391 2883 2465 ;criminabanturque
2905 2413 3037 2451 eum
3063 2400 3339 2455 nonnulli
3360 2403 3624 2475 utimpe-

1978 2474 2052 2528 rii
2110 2476 2412 2546 cupidum.
2468 2479 2921 2554 Addebantque,
2970 2487 3124 2542 919
3179 2488 3303 2542 fore
3353 2496 3419 2544 ut
3475 2474 3630 2547 Aiin

1976 2578 2046 2616 τη
2103 2563 2419 2635 imperium
2477 2567 2798 2640 aliquando
2857 2580 3193 2646 occuparet.
3271 2579 3468 2633 Caesar
3523 2581 3628 2636 ubi

1979 2668 2048 2707 ea
2076 2652 2151 2706 ad
2182 2654 2376 2724 ipsum
2408 2661 2547 2711 sunt
2574 2658 2775 2726 allata,
2804 2678 3094 2734 vocesque
3137 2667 3488 2723 temulorum
3522 2686 3626 2725 au-

1979 2741 2142 2809 divit,
2175 2743 2380 2799 multis
2410 2745 2482 2800 ab
2512 2747 2869 2818 imperatore
2901 2753 3207 2808 contendit
3256 2757 3532 2825 precibus
3561 2764 3629 2814 ut

1977 2829 2088 2883 sibi
2122 2831 2491 2900 permitteret
2521 2835 2591 2889 ad
2616 2837 2794 2892 vitam
2820 2842 3206 2896 monasticam
3232 2844 3628 2902 transire.Sed

1977 2917 2335 2989 Theophilus
2358 2920 2540 2977 filiam
2568 2925 2777 2980 marito
2800 2926 3039 2983 viduare
3062 2945 3183 2984 non
3208 2932 3529 3000 sustinens,
3563 2934 3624 2990 id

1975 3005 2302 3078 denegavit.
2337 3010 2590 3066 Proinde
2644 3013 2873 3069 Alexius
2922 3034 3093 3072 suum
3146 3024 3363 3074 statum
3410 3024 3622 3091 tenuit,

1974 3100 2254 3166 tutusque
2287 3104 2345 3152 et
2373 3116 2615 3155 securus
2646 3104 3074 3174 rempublicam
3122 3109 3323 3178 gessit.
3355 3113 3430 3165 At
3460 3118 3624 3182 post-

1977 3199 2155 3253 quam
2178 3185 2519 3256 imperatori
2543 3189 2702 3245 ﬁlius
2725 3191 3044 3248 Michaelus
3069 3200 3241 3251 natus
3267 3203 3376 3264 est,
3410 3204 3468 3253 et
3499 3201 3620 3256 Ca:-

1973 3273 2121 3328 saris
2152 3290 2300 3329 uxor
2326 3275 2481 3331 diem
2515 3294 2686 3333 suum
2719 3280 2886 3345 obiit,
2920 3282 3280 3355 TheOphilus
3304 3292 3534 3343 tantum
3558 3290 3621 3344 fl-

1968 3361 2063 3417 lim
2095 3362 2386 3420 defunctas
2418 3367 2660 3423 honoris
2691 3368 2926 3438 detulit,
2958 3376 3023 3426 ut
3073 3375 3322 3430 cadaver
3370 3376 3432 3430 in
3482 3394 3621 3434 arca

1968 3458 2211 3523 argento
2244 3453 2499 3510 obducta
2527 3459 2865 3528 reposuerit
2895 3466 2953 3515 et
2975 3463 3386 3536 cujuscunque
3411 3465 3623 3538 ﬂagitii

1969 3540 2086 3594 reis
2118 3541 2457 3611 sepulcrum
2489 3545 2621 3615 ejus
2652 3547 2878 3617 asylum
2912 3551 3306 3606 constituerit.
3350 3554 3620 3611 Alexium

1967 3642 2103 3681 vero
2119 3627 2266 3682 clam
2282 3629 2461 3685 vitam
2476 3630 2862 3704 habitumque
2878 3638 3267 3693 monasticum
3283 3642 3622 3712 amplexum

1970 3729 2103 3767 cum
2132 3713 2202 3768 ab
2235 3716 2509 3772 instituto
2559 3720 2864 3776 suadendo
2913 3739 3033 3777 non
3073 3724 3412 3794 deduceret,
3464 3747 3617 3801 aegre

1969 3801 2216 3856 missum
2248 3803 2404 3870 fecit,
2438 3805 2612 3876 eique
2643 3807 2801 3863 dono
2834 3808 2999 3864 dedit
3026 3812 3255 3884 regium
3288 3816 3447 3884 quod
3493 3823 3622 3873 erat

1968 3888 2313 3962 Chrysopoli
2348 3895 2800 3962 monasterium,
2835 3897 3030 3968 Brysei
3062 3915 3321 3970 quoque,
3356 3906 3414 3956 et
3461 3905 3621 3974 quod

1970 3984 2096 4033 erat
2127 3980 2202 4034 ad
2234 3981 2474 4048 Elaeam,
2509 3983 2568 4036 in
2592 3983 2807 4053 quibus
2829 3984 3003 4040 vitam
3026 3986 3529 4059 degeret.Alexius
3552 3993 3615 4048 in

1968 4068 2452 4140 Chrysopolitano
2484 4072 2645 4127 vixit.
2680 4074 2943 4145 Cumque
2975 4075 3297 4146 aliquando
3329 4079 3613 4136 deambu-

1968 4154 2129 4211 landi
2161 4158 2349 4228 gratia
2377 4159 2451 4213 ad
2480 4160 2678 4215 locum
2710 4162 2970 4218 venisset
2999 4167 3101 4234 qui
3131 4167 3434 4222 Anthemii
3466 4169 3619 4223 dici-

1968 4250 2082 4312 tur,
2134 4246 2512 4317 imperatoris
2563 4250 2840 4305 mandato
2894 4252 3209 4323 impetrato
3261 4271 3396 4310 eum
3454 4258 3618 4323 emit,

1969 4341 2500 4408 sumptuosumque
2518 4338 2601 4392 ibi
2627 4339 2897 4394 condidit
2919 4343 3346 4397 monasterium
3374 4363 3388 4412 ;
3415 4345 3476 4400 in
3500 4363 3616 4417 quo

1968 4428 2103 4492 post
2130 4430 2384 4479 mortem
2416 4427 2683 4497 sepultus
2716 4432 2823 4495 est,
2859 4433 2919 4483 et
2947 4445 3080 4484 cum
3113 4429 3244 4501 ipso
3276 4431 3459 4487 frater
3491 4434 3620 4505 ejus

1966 4510 2351 4577 Theodosius,
2388 4513 2487 4583 qui
2520 4515 2828 4585 patriciam
2860 4514 3210 4589 dignitatem
3259 4529 3619 4577 consecutus

206 4610 309 4645 του
341 4588 573 4666 ἁδελφός
599 4589 885 4654 Θεοδόσιος
919 4592 972 4657 ἐς
1017 4591 1337 4666 πατρικίους
1385 4594 1628 4664 τελέσας,
1673 4596 1859 4655 πολλᾶ

1978 4600 2157 4656 multa
2169 4619 2201 4655 ο
2210 4602 2408 4673 ρῐίιηω
2431 4620 2552 4659 sum
2575 4604 2704 4659 vita:
2720 4605 3078 4663 documenta
3091 4622 3160 4663 eo
3177 4609 3238 4663 in
3254 4611 3614 4667 monasterio

208 4679 564 4754 γνωρίσματα
590 4689 691 4752 τῆς
719 4681 886 4738 αὐτοῦ
934 4681 1160 4756 ἀρίστης
1218 4683 1410 4758 βιοτῆς
1454 4683 1507 4739 ἐν
1554 4690 1635 4759 τῷ
1686 4708 1856 4760 μονα-

210 4769 421 4843 στηρίῳ
448 4769 787 4828 καταλιπών.

282 4859 394 4913 Τοῦ
459 4856 516 4914 δὲ
575 4861 826 4936 ἀρχηγοῦ
880 4864 990 4916 τῶν
1056 4858 1305 4936 ’Δραϐων
1377 4862 1654 4939 ’ῐμπραήλ
1719 4869 1853 4923 κατὰ

202 4946 496 5019 Ῥωμαίων
578 4949 1060 5023 ἐκστρατεύσαντος
1146 4951 1237 5004 καὶ
1301 4952 1329 5005 ὁ
1381 4952 1648 5028 Θεόφιλος
1706 4956 1857 5012 ἀντια-

203 5034 673 5115 φιλοτιμούμενος
706 5034 919 5109 ἔξεισιν,
954 5040 1090 5094 ἅπαν
1133 5036 1253 5101 δέος
1302 5035 1621 5101 ἀποϐαλών.
1655 5045 1719 5101 Εἰ
1749 5046 1849 5122 γάρ

198 5146 255 5179 τι
286 5126 376 5181 καὶ
409 5134 642 5202 προσῆν,
674 5127 800 5182 ἀλλ’
859 5130 894 5197 ἡ
956 5132 1061 5182 τῶν
1124 5127 1390 5184 συνόντων
1445 5130 1592 5204 αὐτῷ
1641 5133 1849 5210 ἀνδρῶν

199 5216 342 5271 κατά
370 5216 652 5290 πολέμους
684 5222 845 5292 πεῖρα
882 5218 973 5272 καὶ
1022 5220 1338 5295 γενναιότης
1386 5222 1459 5284 ὡς
1508 5222 1851 5300 ποῤῥωτάτω

198 5308 363 5367 τοῦτο
395 5303 579 5371 ἐτίθει.
614 5302 889 5384 Θεόφοὸος
922 5309 975 5362 οἱ
998 5304 1187 5384 ἄνδρες
1235 5309 1370 5380 ἦσαν
1420 5310 1509 5366 καὶ
1559 5314 1849 5387 Μανουήλ,

1968 4689 2314 4761 reliquerat.

2036 4874 2179 4927 Cum
2205 4877 2405 4928 autem
2428 4874 2757 4946 Impraelus
2778 4876 3039 4933 Arabum
3062 4877 3182 4933 dux
3204 4880 3615 4952 expeditiones

1962 4966 2169 5017 contra
2219 4964 2520 5019 Romanos
2574 4966 2730 5021 920
2789 4968 3170 5039 suscepisset,
3247 4970 3604 5041 Theophilus

1961 5067 2199 5121 quoque
2230 5050 2508 5107 adversus
2554 5070 2689 5108 eum
2743 5056 2945 5126 copias
2990 5074 3127 5112 suas
3176 5056 3397 5124 eduxit,
3452 5058 3617 5112 omni

1960 5147 2125 5197 metu
2152 5142 2405 5213 abjecto.
2436 5144 2581 5196 Nam
2613 5145 2723 5199 etsi
2763 5145 2989 5216 aliquid
3044 5145 3274 5201 timoris
3324 5147 3614 5217 subesset,

1962 5248 2097 5286 eum
2129 5238 2328 5288 tamen
2351 5231 2522 5286 facile
2546 5232 2899 5305 proﬂigabat
2924 5234 3209 5289 comitum
3233 5234 3612 5305 imperatoris

1958 5320 2142 5375 virtus
2171 5337 2239 5376 ac
2270 5320 2503 5391 peritia,
2534 5321 2899 5393 Theophobi,
2934 5322 3205 5393 inquam,
3238 5327 3296 5377 et
3337 5323 3616 5379 Manueli.

1388 5438 1746 5497 XYLANDRI
1803 5446 1891 5500 ET
1948 5446 2164 5501 GOARI
2209 5445 2435 5513 NOTAE,

293 5632 384 5704 98)
417 5632 659 5688 Alexius
688 5633 753 5687 in
789 5632 1212 5704 TheOphilumf
1234 5635 1369 5691 ΧΠ..

537 5764 748 5811 Ατιιοῐ..
797 5749 918 5811 GR.
964 5749 1171 5812 CXXI.

294 5560 362 5613 97
416 5561 461 5614 A
505 5559 586 5615 ud
616 5562 904 5616 Zonaram
937 5577 1046 5633 per
1077 5582 1092 5615 ι
1124 5561 1342 5635 legitur
1371 5563 1656 5637 Κρινιτῶν,
1686 5569 2045 5628 Crinitarum
2078 5587 2182 5627 seu
2212 5570 2595 5627 Crinitorum.
2632 5573 2769 5628 XYL.

271 5558 385 5704 £98;
417 5576 659 5688 AFexius
688 5633 753 5687 in
789 5632 1199 5704 TheOphilum.
1234 5635 1369 5691 ΧΠ..

3298 5762 3373 5823 32
