4054 6286
597 331 762 394 1003

1960 327 2284 393 GEORGII
2325 327 2634 390 GEDREN
2645 331 2674 391 Ι

3783 339 3882 402 Mil

598 467 858 530 Quorum
889 463 1019 535 ejus
1048 462 1332 519 fortitudo
1364 463 1508 536 ipsis
1547 481 1783 536 quoque
1802 464 2074 520 hostibus
2105 465 2245 518 nota

2360 457 2516 515 Ἀλλ’
2549 461 2577 514 6
2612 460 2704 533 μὶν
2749 459 3020 530 Μανουῆλ
3053 459 3226 532 δῆλος
3257 462 3325 532 ἦν
3354 457 3434 518 ἐπ’
3463 460 3634 539 ἀνδρίᾳ
3654 465 3744 520 ’καὶ
3767 467 3886 533 rimi;

601 561 746 621 erat,
779 570 912 610 cum
945 555 994 608 is
1027 554 1136 609 sub
1169 555 1359 610 Leone
1388 555 1790 610 Orientalibus
1821 553 2010 625 copiis
2037 551 2252 625 pracfe-

598 649 728 700 ctus
759 649 818 698 et
873 643 1178 698 Michaelis
1219 644 1510 716 Rangabae
1560 631 1925 715 equisonum”
1974 642 2252 714 princeps

595 731 824 795 fuisset,
859 749 1036 802 quem
1067 736 1557 804 protostratorem
1588 733 1772 788 Graaci
1804 731 2136 787 nominant.
2171 731 2251 784 De

598 821 956 892 Theophobo
1009 823 1190 877 etiam
1247 822 1588 891 dicendum,
1671 821 1967 893 quomodo
2019 819 2257 874 Persica

601 910 888 964 oriundus
907 909 1130 965 familia
1149 911 1211 964 in
1234 911 1506 966 notitiam
1531 909 2254 982 perveneritimperatoris

601 999 652 1071 ej
663 1015 851 1070 usque
870 1016 1138 1054 sororem
1162 1000 1542 1055 matrimonio
1559 999 1970 1070 sibijunxerit.
2002 996 2253 1063 Quidam

599 1089 765 1156 regia
793 1091 1111 1145 Persarum
1141 1089 1323 1160 stirpe
1355 1096 1530 1144 natus
1559 1089 1880 1160 aliquando
1910 1087 2120 1160 Cpolin
2169 1087 2256 1141 le-

599 1185 770 1251 gatus
802 1179 1000 1233 venit:
1035 1179 1085 1233 is
1116 1195 1237 1234 non
1268 1178 1534 1251 legitimo
1566 1179 1860 1250 conjugio,
1887 1178 1991 1233 sed
2022 1176 2252 1234 occulto

602 1267 762 1322 coitu
787 1267 1217 1339 Theophobum
1263 1268 1488 1340 genuit,
1538 1273 1718 1339 atque
1756 1267 2054 1322 discessit.
2107 1265 2254 1331 Quia

602 1373 738 1411 vero
769 1355 866 1411 lex
894 1356 1049 1427 apud
1081 1359 1290 1412 Persas
1320 1356 1684 1412 inviolabilis
1724 1361 1832 1425 est,
1885 1371 1958 1410 ne
2008 1355 2140 1426 quis
2189 1355 2252 1408 in

601 1461 704 1500 eos
737 1460 982 1517 regnum
1006 1450 1257 1516 occupet
1279 1445 1394 1499 nisi
1420 1446 1580 1518 regia
1609 1445 1891 1518 progenie
1907 1449 2093 1508 ortus,
2117 1459 2252 1498 cum

600 1533 1048 1588 continentibus
1079 1533 1250 1588 bellis
1309 1534 1538 1606 regium
1593 1549 1780 1605 genus
1836 1533 1909 1590 ab
1967 1531 2250 1604 Agarenis

598 1623 837 1694 pulsum
870 1621 1209 1689 defecisset,
1235 1625 1430 1678 Persae
1461 1624 1618 1678 hunc
1649 1622 2071 1694 Theophobum
2087 1620 2251 1692 Cpoli

599 1712 895 1768 abducere
927 1728 1245 1785 regemque
1277 1729 1452 1768 suum
1501 1713 1696 1768 facere
1751 1713 2080 1784 eupientes,
2122 1711 2250 1782 ejus

601 1817 781 1856 causa
830 1800 1146 1898 aliquoties
1198 1801 1276 1898 ad
1343 1802 1736 1898 Theophilum
1797 1801 2018 1873 legatos
2076 1799 2327 1898 mise—B

599 1893 754 1954 rant,
811 1894 984 1960 pacta
1037 1888 1217 1944 simul
1273 1889 1434 1960 pacis
1487 1891 1821 1946 offerentes.
1900 1891 2100 1960 Neque
2159 1893 2246 1944 ta-

599 1995 739 2034 men
794 1984 1212 2050 persuaserant
1268 1979 1613 2050 imperatori
1679 1985 1747 2034 ut
1825 1977 2250 2050 Theophobum

597 2067 744 2139 ipsis
791 2067 1056 2138 dederet,
1106 2067 1210 2122 sed
1251 2083 1386 2122 eum
1431 2069 1628 2140 potius
1681 2069 1914 2140 patricii
1965 2067 2250 2140 dignitate

601 2159 879 2212 ornatum
911 2155 1102 2212 sorori
1152 2171 1273 2211 suae
1321 2157 1705 2212 matrimonio
1761 2156 2072 2228 copulavit,
2123 2155 2251 2228 lege

599 2247 750 2303 92]
789 2247 969 2302 etiam
1021 2247 1143 2302 lata
1198 2263 1329 2318 quin
1387 2247 1585 2302 Persis
1643 2248 2054 2320 conjugiorum
2113 2263 2248 2302 cum

601 2335 884 2390 Romanis
931 2335 1234 2390 licentiam
1291 2337 1668 2392 concederet.
1721 2337 1985 2407 Cumque
2028 2336 2250 2392 multos

600 2438 671 2477 ea
699 2423 932 2477 ratione
962 2424 1173 2478 Persas
1204 2422 1315 2476 sibi
1357 2424 1740 2480 conciliasset
1790 2440 2012 2494 eosque
2063 2423 2250 2496 digni-

594 2508 818 2564 tatibus
849 2510 1315 2576 cohonestasset,
1368 2511 1430 2565 in
1479 2509 1714 2566 codices
1765 2512 1996 2566 militiae
2043 2528 2248 2567 eorum

595 2599 844 2654 nomina
871 2598 1513 2671 retulit,legionemque
1539 2601 1781 2656 nomine
1801 2601 2090 2656 Persicam
2108 2618 2247 2656 con-

596 2689 852 2759 scripsit,
913 2705 1164 2759 eamque
1221 2705 1354 2744 cum
1438 2690 1720 2744 Romanis
1800 2689 2132 2762 legionibus
2187 2691 2249 2746 in

594 2775 817 2832 bellum
849 2782 1056 2832 contra
1085 2779 1379 2849 Agarenos
1410 2778 1707 2848 proficisci
1731 2779 1934 2851 jussit.
1977 2780 2080 2834 His
2111 2796 2248 2852 ergo

597 2867 826 2922 duobus
855 2867 1042 2923 fretus
1089 2867 1467 2939 Theophilus,
1519 2869 1787 2924 Manuelo
1836 2875 2013 2940 atque
2059 2871 2248 2926 Theo-

592 2955 811 3029 phobo,
853 2958 916 3012 in
971 2959 1272 3029 Agarenos
1325 2957 1506 3014 duvit.
1571 2960 1716 3016 Cum
1775 2976 1958 3031 prope
2015 2961 2247 3016 hostem

593 3047 748 3102 922
779 3053 1128 3118 perventum
1161 3053 1336 3114 esset,
1389 3065 1452 3103 re
1503 3049 1566 3102 in
1615 3048 2108 3105 deliberationem
2149 3067 2247 3105 vo-

595 3142 745 3202 cata,
779 3137 1084 3192 Manuelus
1115 3137 1346 3192 censuit
1386 3137 1696 3209 indignum
1743 3155 1870 3194 esse
1923 3139 2242 3210 imperato-

593 3242 720 3281 rem
743 3227 1144 3281 Romanorum
1167 3225 1293 3280 acie
1315 3226 1594 3298 congredi
1629 3243 1764 3281 cum
1795 3243 2242 3284 amermumna:
2275 3191 2319 3258 Ο

593 3331 780 3370 unum
813 3315 1072 3385 aliquem
1106 3331 1242 3370 cum
1272 3322 1438 3386 parte
1470 3317 1688 3372 ducum
1741 3323 1800 3372 et
1847 3320 2140 3375 exercitus
2191 3319 2246 3374 ei

595 3403 812 3459 debere
864 3420 1196 3459 occurrere.
1246 3405 1639 3476 Thcophobus
1682 3423 1815 3461 vero
1881 3407 2078 3478 ipsum
2126 3409 2244 3464 im-

596 3497 930 3565 peratorem
978 3509 1191 3564 pugnae
1236 3493 1527 3549 interesse
1575 3495 1778 3564 voluit,
1832 3498 2135 3569 suasitque
2182 3505 2248 3554 ut

597 3597 734 3636 cum
763 3581 1029 3653 peditatu
1063 3582 1262 3637 hostes
1292 3599 1398 3654 per
1427 3588 1665 3638 noctem
1705 3583 2060 3654 adoriretur,
2085 3589 2248 3658 equi-

595 3670 772 3739 tibus,
829 3669 930 3725 ubi
979 3671 1302 3726 necessitas
1350 3672 1731 3743 postulasset,
1781 3690 1954 3746 opem
2011 3675 2242 3732 laturis.

594 3759 760 3817 Multi
791 3766 1147 3816 nocturnum
1176 3759 1402 3816 bellum
1430 3761 1666 3818 suaderi
1705 3762 1778 3818 ab
1829 3780 1898 3819 eo
1947 3764 2242 3834 dicebant,

595 3853 662 3904 ut
708 3850 1110 3904 Romanorum
1158 3849 1406 3921 gloriam
1455 3867 1624 3906 suam
1673 3851 1936 3919 faceret;
1992 3853 2244 3926 ideoque

594 3938 928 4008 improbato
959 3939 1088 4010 ejus
1119 3939 1389 4006 consilio,
1437 3941 1761 4012 imperator
1811 3949 2016 4014 aperto
2064 3946 2244 4001 Marte

595 4027 859 4082 interdiu
891 4029 1098 4083 statuit
1152 4045 1286 4084 cum
1338 4029 1506 4086 hoste
1561 4030 1899 4104 conﬂigere.
1951 4033 2244 4091 Caeterum

595 4117 923 4188 Impraelus
953 4134 1384 4185 amermumna,
1414 4121 1751 4194 arrogantia
1781 4121 1993 4180 ductus
2023 4141 2098 4180 an
2130 4125 2241 4181 im-

593 4208 886 4280 peratoris
917 4214 1080 4263 metu
1111 4208 1428 4276 incertum,
1461 4227 1597 4264 cum
1631 4216 1794 4282 parte
1818 4213 2115 4268 exercitus
2149 4215 2242 4270 sui

593 4299 886 4361 discessit,
913 4299 1122 4354 relicto
1173 4315 1309 4354 cum
1360 4299 1660 4371 octoginta
1709 4301 1974 4358 millibus
2023 4302 2098 4358 ad
2139 4321 2245 4375 pu-

590 4405 768 4460 gnam
800 4389 1176 4444 Abuzachare
1207 4389 1465 4459 quodam
1499 4405 1742 4445 suorum
1778 4391 2017 4449 ducum.
2069 4395 2237 4449 Com-

591 4477 774 4533 misso
803 4477 1032 4548 praelia,
1083 4493 1218 4532 cum
1285 4479 1566 4548 utrinque
1624 4479 1799 4534 multi
1858 4481 2234 4551 cecidissent,

2357 553 2474 610 τοῖς
2506 548 2786 619 ἐναντίοις,
2817 553 2914 604 τοῦ
2945 551 3178 625 στρατοῦ
3230 555 3342 608 τῶν
3383 551 3716 609 Ἃνατολικῶν
3753 560 3886 632 κατάρ-

2361 637 2452 706 ξας
2479 635 2568 692 ἐπὶ
2597 643 2696 693 τοῦ
2727 637 2976 708 Λέοντος,
3007 639 3099 694 καὶ
3128 643 3230 696 τοῦ
3259 640 3366 714 πρὸ
3407 639 3564 696 αὐτοῦ
3611 643 3800 718 Μιχαὴλ
3833 647 3888 701 ἱπ-

2356 728 2619 800 ποκόμων
2666 727 2694 782 6
2739 729 2957 801 πρῶτος
3004 729 3316 805 γενόμενος’
3367 731 3778 808 πρωτοπρὰτορα
3809 741 3890 790 τοῦ-

2353 818 2446 872 τόν
2471 839 2620 898 φασι.
2651 817 2900 890 Δηλώσει
2932 817 2990 875 δὲ
3017 821 3106 874 καὶ
3155 819 3247 875 τὸν
3295 815 3562 898 Θεόφοϐον
3591 822 3616 876 6
3641 819 3794 898 λόγος,
3816 825 3885 878 ὅθεν

2355 927 2422 961 τε
2447 907 2538 962 καὶ
2569 907 2719 972 ὅπως
2748 906 2808 963 ἐκ
2833 913 3050 982 Περσῶν
3081 909 3452 986 καταγόμενος
3506 914 3582 983 τῷ
3629 908 3804 984 βασιλεῖ

2355 1015 2484 1070 γονε
2537 997 2820 1073 γνώριμος
2879 997 2970 1052 καὶ
3008 999 3108 1068 τήν
3161 994 3406 1076 ἀδελφὴν
3463 997 3618 1054 αὐτοῦ
3669 996 3734 1061 ε’ς
3777 999 3884 1074 γᾶμιν

2357 1085 2662 1158 ἡρμόσατο.
2693 1085 2790 1148 Εἰς
2823 1081 3109 1162 πρεσϐείαν
3139 1087 3224 1150 τίς
3247 1107 3380 1142 ποτε
3423 1091 3530 1142 τῶν
3585 1085 3640 1142 ἐκ
3688 1087 3886 1162 βασιλικῆς

2359 1179 2539 1248 σειρᾶς
2603 1180 2821 1252 Περσῶν
2878 1177 3213 1256 ἀφικόμενος
3269 1176 3346 1241 είς
3407 1177 3508 1246 τὴν
3553 1180 3884 1234 Κωνσταντινοῦ-

2356 1264 2544 1335 πολιν,
2578 1264 2678 1321 οὐκ
2729 1265 2788 1322 ἐκ
2815 1266 3058 1340 νομίμου
3089 1258 3376 1346 συναφείας
3429 1265 3489 1322 έκ
3533 1265 3760 1341 λαθραίας
3782 1264 3886 1322 δὲκαὶ

2359 1354 2592 1430 κρυφίας
2621 1359 2818 1411 τοῦτον
2849 1355 3130 1412 ἀποτεκὼν
3186 1352 3560 1430 ἀπεδήμησεν.
3603 1356 3732 1413 Ἐπεὶ
3768 1354 3811 1410 δὲ
3840 1359 3892 1410 νό-
3938 1399 3939 1430 γ

2362 1463 2464 1516 μος
2492 1439 2840 1520 ἀπαράϐατος
2867 1449 2982 1506 τοῖς
3024 1441 3256 1520 Πέρσαις
3297 1443 3418 1501 ἐστὶ
3466 1446 3542 1519 μή
3583 1465 3689 1500 τινα
3727 1451 3801 1514 τῆς
3835 1446 3894 1499 r3-

2354 1535 2462 1587 τῶν
2489 1531 2672 1611 ἀρχῆς
2703 1533 2936 1609 ἐγκρατῆ
2997 1531 3242 1610 γενέσθαι
3295 1535 3372 1607 μὴ
3426 1540 3526 1604 τῆς
3575 1530 3812 1608 βασιλικῆς
3844 1529 3893 1585 δι·

2354 1640 2421 1674 τα
2461 1625 2668 1696 σειρᾶς,
2698 1620 2945 1692 ἐξέλιπον
2979 1619 3036 1677 δὲ
3076 1621 3136 1678 ἐκ
3162 1627 3271 1678 τῶι
3304 1626 3550 1702 συνεχῶν
3581 1619 3797 1694 πολέμων
3836 1621 3892 1675 ὑπὸ

2356 1714 2466 1763 τῶν
2495 1712 2816 1785 ’Δγαρηνῶν
2868 1710 3148 1772 ἐλαθέντες
3196 1713 3249 1766 οἱ
3305 1718 3410 1782 τῆς
3467 1710 3731 1787 βασιλικῆς
3768 1716 3891 1782 σειρᾶς.
3938 1710 3939 1760 ί

2355 1801 2544 1852 τοῦτον
2576 1799 2668 1853 τὸν
2699 1793 2972 1875 Θεόφοϐον
3002 1798 3276 1862 πολλάκις
3318 1801 3646 1875 ὁρμήσαντες
3694 1801 3737 1854 οἱ
3773 1800 3890 1869 [ligas

2362 1885 2720 1943 ἀναλαϐέσθαι
2749 1887 2859 1944 ἀπὸ
2917 1887 3548 1954 Κωνσταντινουπόλεως
3593 1894 3680 1946 τοῦ
3721 1888 3891 1963 βασιλεῦ-

2362 1996 2450 2030 σαι
2509 1974 2595 2031 ἐπ’
2661 1977 2870 2048 αὐτοῖς,
2924 1980 3010 2050 [Ρ.
3068 1981 3194 2053 524]
3251 1979 3344 2035 καὶ
3411 1973 3684 2052 πρεσϐείαν
3730 1975 3890 2048 διάφοροι

2361 2065 2688 2133 ποιήσαντες
2743 2065 2882 2140 πρὸς
2939 2063 3231 2143 Θεόφιλον,
3292 2067 3386 2122 καὶ
3445 2065 3706 2141 εἰρηνικὰς
3749 2061 3892 2123 πονέὲς

2361 2153 2742 2228 ὑποσχόμενοι
2802 2151 2872 2209 δι’
2929 2153 3094 2210 αὐτοῦ
3148 2153 3423 2231 γενέσθαι,
3487 2157 3586 2210 οὐκ
3633 2152 3808 2210 Easton:
3843 2153 3888 2204 τιν

2360 2242 2628 2321 Θεόφιλον
2661 2248 2852 2300 τοῦτον
2899 2241 3170 2314 ἐκδοῦναι,
3229 2242 3379 2300 ἀλλὰ
3434 2243 3643 2318 μᾶλλον
3691 2241 3764 2298 διὰ
3800 2245 3890 2296 τοῦτι

2359 2332 2544 2408 ἀνάγει
2577 2333 2738 2388 αὐτὸν
2771 2335 2800 2389 6
2833 2333 3100 2413 Θεόφιλος
3141 2335 3218 2397 εἷς
3265 2341 3368 2406 τήν
3421 2339 3530 2390 τῶν
3578 2334 3820 2410 πατρικίων
3849 2351 3892 2383 τι·

2361 2423 2470 2496 μὴν
2509 2423 2599 2477 καῖ
2659 2428 2728 2498 τῇ
2783 2424 2974 2479 ἑαυτοῦ
3031 2421 3241 2502 ἀδελφῇ
3301 2425 3616 2494 συνοικίζει,
3667 2419 3833 2480 ’ἕκαστόν
3866 2440 3894 2472 τι

2358 2516 2470 2566 τῶν
2526 2517 2744 2586 Περσῶν
2799 2519 3087 2587 νομοθετεῖ
3122 2515 3240 2570 κατ’
3297 2513 3594 2592 ἐπιγαμίαν
3647 2513 3891 2568 σονὰπτεεεςι

2356 2606 2474 2664 τοῖς
2521 2600 2840 2676 Ῥωμαίοις,
2901 2601 3154 2665 Πολλοὺς
3211 2600 3268 2658 δὲ
3325 2601 3387 2659 ἐκ
3440 2605 3644 2660 τούτων
3696 2601 3892 2675 ἐμπρέπεπ

2354 2696 2472 2752 τοῖς
2535 2691 2846 2765 βασιλικοῖς
2903 2691 3174 2766 ἀξιώμασι
3231 2694 3558 2762 πεποιηκὼς
3604 2692 3766 2763 κώδιξι
3801 2709 3894 2761 πει·

2355 2789 2636 2847 τιωτιχοῖς
2668 2785 3057 2864 ἆναγράφεται,
3090 2786 3272 2862 τάγμα
3301 2785 3568 2858 Περσικὸν
3608 2781 3794 2840 τούτους
3827 2777 3894 2831 ὀνο·

2360 2873 2556 2946 μάσας,
2588 2875 2675 2928 καὶ
2726 2879 2844 2938 τοῖς
2897 2873 3034 2929 κατὰ
3087 2878 3196 2930 τῶν
3256 2875 3576 2949 ’Λγαρηνῶν
3620 2873 3786 2943 ἐξιοῦσι
3821 2869 3896 2920 Ῥω-

2361 2964 2546 3038 μαίοις
2609 2966 3055 3038 συναριθμεῖσθαι
3141 2962 3462 3038 προσέταξε.
3540 2962 3748 3022 Τούτοις
3787 2955 3894 3012 τοὶνιν

2354 3057 2473 3114 τοῖς
2505 3049 2626 3106 δυσῖ
2678 3050 2962 3128 θαῤῥήσας
3009 3051 3298 3130 Θεόφιλος,
3355 3059 3438 3126 τῷ
3477 3073 3536 3108 τε
3589 3047 3813 3117 Μανουὴλ
3850 3045 3899 3096 aui

2356 3145 2434 3213 τῷ
2489 3137 2771 3218 Θεοφόϐῳ,
2829 3140 2990 3212 ἔξεισι
3046 3143 3184 3198 κατὰ
3235 3147 3342 3198 τῶν
3406 3144 3732 3219 Ἀγαρηνῶν.
3777 3132 3898 3209 Ἐγγὸς

2361 3229 2419 3286 δὲ
2474 3233 2787 3306 γενομένων
2842 3229 3120 3303 ἀλλήλοις
3173 3237 3282 3287 τῶν
3341 3231 3742 3306 στρατευμάτων
3785 3223 3899 3291 iam

2360 3319 2594 3397 βουλῆς.
2631 3323 2728 3378 Καὶ
2759 3322 2786 3376 6
2820 3321 2916 3395 μὲν
2957 3322 3226 3391 Μανουήλ
3275 3321 3338 3378 οὐ
3385 3319 3595 3378 δίκαιον
3641 3317 3769 3395 ἔλεγε
3805 3317 3898 3389 βασι.

2357 3410 2454 3466 λέα
2507 3411 2797 3484 Ῥωμαίων
2855 3411 2991 3487 πρὸς
3045 3411 3448 3486 ἀμερμουμνῆν
3517 3409 3772 3483 πολεμεῖν,
3813 3398 3900 3458 ἁλιλὲ

2351 3521 2472 3556 τινα
2540 3500 2703 3576 μέρος
2762 3495 2999 3557 λαϐόντα
3051 3506 3161 3556 τῶν
3217 3505 3546 3578 στρατηγῶν
3627 3497 3783 3570 ἐξιέναι
3821 3489 3899 3578 κατᾷ

2351 3589 2645 3664 πρόσωπον
2673 3594 2780 3646 τῶν
2810 3591 3044 3664 ἐχθρῶν·
3079 3591 3107 3646 6
3138 3587 3417 3668 Θεόφοϐας
3450 3577 3510 3646 δὲ
3560 3590 3648 3645 καὶ
3693 3587 3817 3643 αὐτὸν
3849 3577 3896 3634 ξεῖ

2353 3679 2700 3757 παρατάξεως
2729 3683 2864 3735 εἶναι
2911 3681 3002 3736 τὸν
3041 3679 3266 3756 βασιλέα
3315 3677 3602 3751 ἐϐούλετο,
3646 3677 3725 3734 καὶ
3761 3675 3894 3757 νύκτωρ

2353 3756 2702 3840 ἐπιθήσεσθαι
2731 3774 2849 3832 τοῖς
2879 3767 3102 3849 ἐχθροῖς
3137 3771 3272 3842 μετᾶ
3318 3774 3420 3826 τοῦ
3469 3771 3686 3840 πεζικοῦ
3726 3756 3893 3820 caveris}-

2353 3856 2496 3930 λευε,
2531 3859 2974 3929 συνεπιθήσεσθαι
3007 3855 3085 3930 δὲ,
3118 3858 3207 3914 ὅτε
3248 3855 3452 3928 δεήσει,
3506 3860 3592 3914 καὶ
3636 3857 3694 3912 τὸ
3735 3849 3892 3908 latuit

2352 3945 2509 4004 Ἀλλ’
2539 3948 2640 4003 οὐκ
2667 3941 2847 4003 ἔπεισε
2873 3949 2964 4003 τὸν
2997 3947 3245 4024 βασιλέα,
3275 3946 3513 4004 πολλῶν
3557 3946 3784 4003 εἰπόντων
3819 3955 3894 3992 σεε·

2347 4038 2648 4110 τερίζεσθαι
2704 4038 2794 4092 τὸν
2855 4031 3132 4114 Θεόφοϐον
3182 4038 3282 4106 τὴν
3334 4043 3451 4094 τῶν
3509 4034 3767 4110 Ῥωμαίων
3805 4027 3893 4093 δάξτν

2347 4127 2440 4182 καὶ
2471 4124 2562 4182 διὰ
2588 4130 2748 4182 τοῦτο
2778 4125 3069 4201 βούλεσθαι
3129 4125 3181 4182 έν
3229 4127 3385 4182 νυκτὶ
3443 4125 3722 4200 πολεμεῖν.
3763 4114 3895 4182 Ἔδοξῖν

2351 4215 2442 4270 οὗν
2475 4214 2552 4276 εἷς
2576 4215 2882 4294 τούμφανὲς
2937 4217 3055 4288 μεθ’
3113 4215 3326 4292 ἡμέραν
3368 4215 3630 4290 συῤῥάξαι
3681 4213 3758 4266 τὸν

2354 4325 2471 4377 μον.
2504 4305 2566 4362 Ὁ
2599 4305 2692 4378 μὲν
2725 4290 2820 4360 οὖν
2853 4290 3250 4378 ἀμερμουμνῆς
3302 4303 3606 4380 Ἰμπραήλ,
3651 4300 3743 4358 sit:
3783 4290 3896 4380 ἄλλος

2347 4392 2658 4462 καταλαζον
2707 4394 2989 4467 ευόμενος,
3022 4393 3134 4450 ε’ἰτε
3173 4391 3240 4464 δὴ
3271 4395 3362 4449 καὶ
3390 4396 3484 4450 τὸν
3538 4389 3746 4470 βασιλέα
3779 4377 3897 4474 κατσξ·

2349 4479 2625 4556 ῥωδήσαςν
2661 4483 2826 4556 μὲρος
2879 4489 2982 4554 τῆς
3038 4488 3289 4559 στρατιᾶς
3339 4483 3507 4538 αὐτοῦ
3552 4475 3724 4538 λαϐὼν
3760 4475 3894 4543 ἀνεχω·

591 4543 832 4621 tandem
861 4543 1132 4622 cohortes
1165 4565 1424 4636 (scholas
1453 4543 1563 4638 ipsi
1598 4568 1907 4639 vocabant)
1940 4587 2061 4628 una
2099 4543 2234 4628 cum

2354 4543 2535 4646 ἔτισεν,
2567 4543 3036 4647 ’ᾸέούΙζάχααδέ
3089 4543 3212 4628 τινα
3263 4543 3371 4628 τῶν
3429 4573 3624 4628 ἑαυτοῦ
3675 4559 3895 4643 στρατητῦ

593 4653 917 4709 domestico
950 4654 1155 4726 (ofﬁcii
1189 4655 1301 4710 hoc
1333 4671 1555 4710 nomen
1605 4657 1716 4728 est)
1763 4659 2066 4715 inclinatae
2115 4679 2238 4720 ces-

591 4747 798 4798 serunt
827 4744 1130 4816 Agarenis.
1165 4744 1493 4815 Imperator
1521 4761 1655 4799 cum
1687 4747 1929 4802 cohorte
1964 4755 2242 4820 praetmia

593 4837 652 4888 et
693 4831 922 4887 duobus
978 4833 1292 4888 Persarum
1345 4833 1613 4888 millibus
1657 4852 1726 4890 ac
1771 4835 2126 4909 Theophobo
2176 4845 2239 4900 in

589 4921 805 4978 collem
827 4922 1146 4994 quemdam
1168 4923 1354 4978 evasit
1377 4939 1390 4977 :
1425 4939 1602 4994 quem
1625 4927 1878 4994 Agareni
1900 4927 2237 5003 cinxerunt,

589 5016 646 5068 et
681 5027 871 5084 usque
902 5011 976 5068 ad
1005 5027 1310 5084 vesperam
1355 5011 1572 5067 acriter
1619 5018 1710 5068 est
1752 5014 2121 5090 dimicatum,
2165 5022 2239 5078 iis

2349 4663 2488 4738 πρὸς
2533 4681 2627 4718 τον
2683 4663 2819 4718 κατὰ
2881 4660 3152 4738 βασιλέως
3213 4661 3462 4738 πόλεμον
3526 4661 3659 4738 μετᾶ
3713 4647 3895 4742 μυριάδαῗτ

2351 4751 2495 4806 ὀκτὼ
2526 4747 2916 4821 ἐξαπέστειλεν.
2976 4752 3326 4828 Ἐγγισάντων
3382 4749 3441 4808 δὲ
3493 4756 3605 4809 τῶν
3657 4755 3897 4823 στρατεηιί·

2347 4845 2458 4896 τῶν
2487 4839 2579 4896 καὶ
2619 4837 2947 4914 συμπλοκῆς
2975 4842 3278 4917 γενομένης
3317 4840 3408 4897 καὶ
3454 4840 3677 4896 πολλῶν
3719 4829 3897 4922 butt”:

2351 4943 2438 4997 θεν
2465 4935 2801 5002 πιπτόντων,
2839 4931 3001 4996 τέλος
3060 4927 3281 4990 ἔκλιναν
3336 4934 3388 4988 αἱ
3449 4930 3650 5008 σχολαὶ
3706 4923 3812 5000 μετᾶ

2351 5019 2675 5098 δομεστίκου
2705 4998 2818 5096 (99)
2865 5023 2954 5079 καῖ
3010 5023 3148 5099 πρὸς
3202 4998 3526 5098 ὑπαγωγὴν-
3545 4998 3834 5089 ἐκινήθησαν.
3866 4998 3898 5053 ’θ

1803 5115 2170 5176 XYLANDRI
2207 5121 2294 5178 ET
2333 5122 2552 5180 GOARI
2597 5123 2824 5179 ΝΟΤιλΕ.

659 5207 785 5295 (99),
816 5210 961 5262 Cum
989 5207 1204 5295 plures
1253 5209 1554 5295 iidemque
1615 5211 1770 5295 varii
1809 5216 2238 5295 posterioribus

586 5279 821 5360 saeculis
845 5279 1008 5360 apud
1029 5281 1260 5360 Graecos
1279 5279 1501 5360 fuerint
1521 5279 1850 5360 domestici,
1874 5287 2006 5360 quis
2028 5305 2236 5360 eorum

585 5349 683 5426 hic
713 5349 1082 5426 intelligatur
1110 5351 1354 5426 dubium
1389 5358 1497 5426 est.
1532 5355 1677 5408 Nam
1705 5349 1972 5426 quamvis
2014 5376 2118 5417 vox
2149 5357 2235 5416 δο-

590 5417 840 5502 μὲστεκος
873 5417 1027 5502 idem
1053 5423 1341 5502 indicarit
1371 5425 1653 5502 primaevo
1681 5417 1948 5502 tempore
1972 5435 2130 5502 quod
2153 5431 2236 5486 οἱ-

583 5493 904 5574 κειακόςβᾷ
925 5493 1214 5574 familiam
1235 5496 1326 5550 vel
1349 5493 1517 5574 quasi
1541 5497 1615 5552 ad
1630 5493 1916 5574 familiam
1933 5493 2231 5574 spectans.

583 5561 865 5646 deinceps
893 5569 1091 5646 tamen
1119 5567 1192 5646 ad
1225 5561 1820 5646 praposjtumrdupcm
1867 5579 1926 5627 et
1965 5561 2234 5646 cujusvis

2345 5223 2600 5298 Joannes
2630 5220 2770 5298 Qitri
2805 5220 3117 5298 epi‘scOpus
3141 5220 3201 5275 in
3231 5219 3384 5276 Juris
3400 5215 3894 5298 Grmco-Rornaal

2345 5293 2607 5366 lumine:
2632 5293 2709 5366 illi
2746 5284 2857 5345 ’1εοῦ⁵
2888 5284 3215 5366 δομέστίκου
3264 5290 3605 5366 προσηγορία
3648 5284 3770 5366 πεατρ

2341 5385 2466 5428 νους
2482 5365 2594 5450 ⁸τὲζν
2628 5351 2970 5450 ἐξέρχονταξ
3000 5364 3094 5450 τὸν
3141 5351 3609 5450 προπῂόμίρὼκ
3631 5359 3714 5450 ἱὸν
3753 5351 3897 5450 tuti:

2345 5425 2460 5507 την-
2478 5425 2678 5500 δηλοῖ]
2702 5425 2850 5492 Hinc
2872 5425 3212 5492 in'ecclesia
3231 5425 3611 5491 ch'ori'dextri
3632 5425 3896 5507 domes}in

2342 5495 2410 5564 ac
2437 5495 2666 5581 pariter
2685 5507 2942 5581 _sinis_tri,
2978 5524 3214 5581 necnon
3243 5507 3383 5563 alii:
3419 5512 3480 5581 et
3517 5501 3668 5576 quod
3703 5495 3895 5581 militi?

2342 5565 2576 5647 attinet,
2611 5565 2992 5636 orientalium
3025 5580 3374 5646 thematum,
3404 5565 3559 5632 sicut
3583 5581 3638 5631 et
3652 5565 3896 5647 occidenlf'

584 5631 813 5690 ordinis
833 5636 1078 5706 primum
1109 5631 1564 5710 significandum
1594 5641 1924 5698 traductam
1951 5631 2235 5705 testisest
2339 5631 2525 5724 mihi”;
2541 5631 2887 5710 Ξοὶιὸίἔιῖὶιῖἧ
2900 5631 3427 5719 ἶῖοιίἶᾶοιῇξδόί,
3455 5631 3525 5706 de
3542 5645 3757 5705 tandem
3769 5642 3896 5708 sui“
