4056 6276
487 374 640 438 1007

1852 365 2173 430 GEORGII
2215 365 2558 428 CEDRENI

3757 360 3896 425 i008

486 525 640 582 aegre
671 508 732 564 id
756 507 934 576 ferre,
964 511 1386 578 Craterumque
1419 508 1822 562 effeminatum
1856 510 1913 560 et
1939 505 2122 558 evira-

2245 518 2378 592 ηγὸς
2511 515 2772 593 γεγονὼς,
2821 513 3065 582 πλησίον
3119 518 3201 586 τῷ
3251 511 3472 589 βασιλεῖ
3509 515 3805 588 παρεστὼς
3833 515 3897 586 ἐξ·

509 616 611 653 um
643 599 974 668 increpare,
997 597 1097 668 qui
1133 597 1246 652 taie
1273 604 1551 669 prmstare
1573 597 1699 668 ipse
1729 595 1878 651 nihil
1908 599 2125 667 posset.

485 689 701 742 Contra
761 689 1034 742 Craterus
1083 686 1312 742 duabus
1361 686 1544 741 hastis
1593 703 1654 740 se
1714 686 1942 740 nescire
2001 683 2124 738 uti:

481 793 675 848 neque
712 777 870 830 enim
903 777 1014 831 hoc
1049 775 1346 842 didicisse,
1373 775 1531 846 quod
1561 775 1654 829 his
1686 775 1857 846 nugis
1888 775 1948 828 in
1970 773 2128 828 bello

481 865 632 920 nihil
695 882 844 937 opus
900 865 1091 932 foret;
1141 881 1202 918 se
1263 865 1364 920 Dei
1409 863 1630 918 auxilio
1679 863 1895 918 fretum
1953 863 2131 917 unica

481 955 654 1010 hasta
696 955 877 1009 istum
935 971 1088 1025 equo
1147 953 1618 1009 deturbaturum.
1670 953 1994 1024 imperator
2037 951 2130 1006 his

477 1043 673 1099 verbis
730 1043 994 1098 irritatus
1053 1059 1161 1114 per
1215 1055 1391 1097 suum
1439 1041 1628 1113 ipsius
1683 1046 1859 1112 caput
1900 1041 2127 1112 jurare,

480 1135 720 1188 Cratero
767 1149 830 1186 se
868 1133 1048 1186 vitam
1097 1136 1455 1202 erepturum,
1510 1130 1626 1185 nisi
1671 1131 1948 1200 impleret
1975 1130 2129 1184 facto

483 1221 641 1292 quod
684 1220 876 1275 verbis
917 1219 1228 1290 jactasset.
1275 1221 1346 1274 Et
1386 1218 1725 1274 Theodorus
1759 1219 1959 1273 statim
1991 1234 2128 1272 con-

483 1327 692 1365 scenso
724 1325 876 1380 equo
907 1309 1194 1378 hastaque
1225 1313 1460 1378 sumpta
1493 1323 1629 1362 cum
1679 1307 1970 1362 Saraceno
2015 1323 2134 1362 ma-

483 1415 628 1454 num
683 1399 1007 1466 conseruit,
1076 1397 1312 1468 citoque
1361 1413 1496 1452 eum
1547 1413 1698 1468 equo
1764 1396 2134 1468 praecipitem

483 1488 720 1559 dejecit.
779 1487 1012 1542 Pudore
1057 1487 1299 1557 quidem
1353 1488 1600 1542 aﬂ‘ectus
1641 1491 1732 1542 est
1789 1487 2134 1557 imperator,

483 1577 556 1632 ab
581 1576 855 1633 eunucho
895 1577 1194 1647 dejectum
1238 1592 1490 1630 cernens
1535 1576 1932 1631 Saracenum:
1979 1575 2128 1631 025

483 1669 683 1720 tamen
717 1670 775 1718 et
812 1665 1091 1720 virtutem
1141 1663 1402 1718 hominis
1434 1670 1744 1719 veneratus
1775 1668 1834 1718 et
1869 1679 2008 1718 suos
2047 1680 2131 1718 re-

480 1753 700 1808 veritus
764 1753 954 1808 amice
1019 1753 1443 1825 compellatum
1511 1753 1817 1807 Craterum
1875 1751 2134 1808 vestibus

484 1841 730 1897 honoris
762 1857 940 1896 causa
970 1841 1228 1896 donavit.

2237 607 2569 678 εμυκττςριζε
2623 605 2714 659 τὸν
2772 603 3098 678 Ἀγαρηνὸν,
3169 600 3340 674 μηδὲν
3401 600 3648 679 ἀνδρεῖον
3686 605 3897 682 φάσκων

2240 690 2382 765 μηδὲ
2409 690 2854 762 καταπληκτικὸν
2911 689 3340 764 ἐνδεικνύμενον.
3400 696 3466 770 ᾯ
3521 692 3616 746 καὶ
3647 689 3896 766 χαλεπή-

2237 799 2328 840 νας
2359 779 2387 833 ὁ
2422 776 2696 853 βασιλεὺς·
2754 775 2934 835 Ἀλλὰ
2981 777 3066 847 σὺ,
3099 778 3175 831 ὧν
3205 771 3480 853 θηλυδρία
3517 777 3614 832 καὶ
3653 775 3897 852 ἄνανδρι,

2237 865 2456 923 δύνασαί
2514 889 2569 923 τι
2625 871 2874 923 τοιοῦτον
2928 863 3303 943 ἒργάσασθαις
3373 861 3711 922 Ὑπολαϐὼν
3772 864 3828 922 δὲ
3877 870 3899 922 ὃ

2237 957 2526 1033 Κρατερός·
2579 982 2608 1011 ‹‹
2643 959 2747 1014 Δύο
2783 957 2904 1028 μὲν,
2949 955 3196 1033 βασιλεῦ,
3233 958 3311 1030 μὴ
3347 957 3535 1028 μαθὼν
3572 955 3720 1012 οὐδὲ
3755 979 3899 1030 μετα.

2237 1045 2582 1121 χειρίσασοαι
2641 1044 2842 1121 δόρατα
2900 1042 3154 1119 δύναμαι·
3215 1043 3343 1101 οὐδὲ
3394 1047 3500 1121 γὰρ
3561 1045 3616 1101 ἐν
3677 1046 3900 1120 πολέμῳ

2233 1135 2494 1207 τοιαύτης
2553 1134 2821 1215 φλυαρίας
2881 1134 3065 1210 χρείαο
3119 1132 3198 1189 ἐνὶ
3256 1131 3315 1190 δὶ
3381 1135 3750 1210 χρησάμενος
3811 1136 3896 1204 τὴν

2239 1222 2316 1286 εἰς
2356 1223 2485 1280 Θεὸν
2545 1226 2871 1294 πεποίθησιν
2919 1217 3038 1298 ἔχω
3088 1218 3311 1298 βεϐαίαν
3367 1223 3444 1286 ὡς
3493 1223 3799 1298 κρημνέσω
3852 1246 3901 1280 τε

2237 1312 2429 1366 τοῦτον
2461 1312 2554 1367 καὶ
2583 1316 2680 1367 τοῦ
2732 1312 2911 1368 ἳππου
2968 1305 3286 1369 καταϐαλῶ.
3323 1335 3350 1364 ν
3383 1311 3506 1366 Ἐπὶ
3545 1316 3628 1385 τῷ
3662 1309 3822 1387 λόγῳ
3853 1311 3903 1368 Et

2241 1401 2514 1472 θυμωθεὶς
2547 1401 2574 1456 6
2609 1399 2867 1476 βασιλεὺς
2921 1402 2960 1470 ἧ
3010 1401 3117 1474 μὴν
3177 1397 3345 1478 ἔφησε
3399 1400 3536 1454 κατὰ
3565 1407 3670 1468 τῆς
3713 1402 3902 1456 ἑαυτοό

2240 1487 2486 1566 κεφαλῆς
2541 1491 2634 1544 τὸν
2693 1488 2857 1564 ὅρκον
2915 1487 3223 1565 ἐπαγαγὼν,
3291 1485 3505 1561 θανάτῳ
3561 1487 3902 1564 παραδοῦναι

2240 1577 2334 1632 τὸν
2375 1579 2668 1652 Κρατερὸν,
2703 1577 2750 1632 εί
2801 1579 2878 1652 μὴ
2936 1576 3064 1641 τοὺς
3119 1574 3322 1653 λόγους
3383 1576 3461 1637 εἰς
3500 1572 3659 1652 ἔργον
3693 1577 3905 1652 ἀγάγοι.

2240 1661 2476 1728 Ἀναϐὰς
2524 1666 2619 1720 οὗν
2675 1665 2831 1729 εὐθὺς
2897 1667 2990 1721 τὸν
3037 1666 3208 1720 ἳππον
3247 1666 3276 1720 6
3307 1664 3589 1737 Θεόδωρος
3635 1668 3736 1722 καὶ
3781 1665 3903 1743 δόρυ

2246 1749 2430 1829 λαϐὼν
2493 1754 2854 1811 συνεπλέκετο
2885 1759 2966 1828 τῷ
2998 1754 3328 1830 Σαρακηνῷ,
3375 1753 3466 1809 καὶ
3523 1753 3580 1810 ἐν
3608 1755 3680 1810 οὗ
3715 1763 3904 1830 μακρῷ

2170 1829 2216 1894 Β
2245 1847 2325 1915 τῷ
2357 1843 2544 1922 χρόνῳ
2573 1849 2670 1899 τοῦ
2707 1844 2881 1900 ’ἱππου
2913 1829 3091 1899 αύτὸνγ
3120 1845 3564 1918 κατεκρήμνισεν.
3621 1847 3898 1920 ’ῌσχύνῦη

488 1929 584 2002 μὲν
635 1927 726 1983 οὖν
778 1929 806 1983 ὁ
856 1927 1114 2002 βασιλεὺς
1161 1923 1639 2002 καταϐεϐλημένων
1696 1925 1822 1983 ίόὼν
1879 1929 1972 1984 τὸν
2030 1933 2348 2004 Σαρακηνὸν
2410 1933 2498 1988 ὑπ’
2547 1931 2749 2003 ἀνδρὸς
2803 1931 3096 2010 εὐνούχου,
3149 1931 3303 2006 ὅμως
3348 1935 3447 2003 τὴν
3497 1935 3704 2009 αρετήν
3763 1933 3904 1992 αἰδε-

488 2017 630 2079 σθεὶς
661 2021 757 2072 τοῦ
787 2013 978 2092 ἀνδρὸς
1011 2015 1168 2093 λόγῳ
1209 2039 1267 2072 τε
1315 2015 1806 2096 ἐφιλοφρονήσατο,
1849 2018 1939 2073 καὶ
1992 2019 2192 2082 στολὰς
2231 2021 2322 2076 καὶ
2371 2017 2694 2098 περιϐολὰς,
2725 2036 2825 2092 την
2867 2020 3159 2078 παλιτείαν
3195 2018 3541 2094 αἰδούμενος,
3591 2020 3906 2098 ἐδωρήσατο

490 2105 664 2179 αὐτῷ.

565 2198 710 2251 Vere
741 2196 911 2265 inito,
942 2197 1298 2269 Theophilus
1353 2213 1558 2252 rursus
1595 2197 1914 2253 contractis
1959 2199 2146 2270 copiis

488 2285 553 2340 in
597 2285 922 2340 Saracenos
965 2291 1182 2353 movet,
1225 2292 1497 2340 revocato
1539 2285 1612 2340 ab
1659 2286 1862 2364 exsilio
1914 2287 2146 2359 sibique

493 2375 774 2448 adjuncto
814 2380 1022 2431 sancto
1070 2375 1387 2431 Methodio.
1443 2375 1680 2430 Solebat
1725 2376 1836 2430 hoc
1882 2376 1942 2431 in
1971 2375 2146 2433 bellis

491 2463 780 2532 factitare,
815 2465 935 2518 sive
965 2481 1080 2535 quo
1105 2464 1233 2535 ejus
1256 2465 1620 2536 sapientiain
1644 2464 1847 2519 multis
1878 2465 2146 2521 obscuris

494 2559 670 2624 atque
712 2553 1000 2608 intricatis
1049 2553 1228 2608 rebus
1279 2553 1642 2624 explicandis
1689 2558 1976 2621 uteretur,
2025 2555 2145 2609 sive

484 2641 548 2696 id
595 2657 829 2708 cavens,
863 2658 940 2697 ne
982 2641 1374 2696 rebellionem
1407 2643 1457 2696 is
1489 2659 1550 2698 se
1595 2642 1841 2698 absente
1881 2643 2144 2714 aliquam

486 2731 811 2791 concitaret
859 2731 932 2786 ob
972 2747 1277 2786 sacrarum
1341 2732 1668 2804 imaginum
1711 2731 2142 2790 amolitionem.

485 2825 632 2878 Nam
665 2824 881 2878 civium
915 2825 1016 2894 qui
1056 2830 1226 2879 erant
1257 2825 1541 2896 praecipui
1577 2831 1754 2896 atque
1794 2841 1930 2896 erga
1957 2825 2142 2880 Deum

487 2911 593 2983 pii,
627 2928 841 2984 magno
865 2912 926 2966 in
949 2913 1174 2968 honore
1199 2913 1500 2970 habebant
1523 2913 1882 2969 Methodium
1905 2931 1918 2968 :
1944 2913 2144 2984 itaque

491 3017 626 3055 eum
661 3007 797 3072 post
835 3019 896 3056 se
928 3002 1269 3072 relinquere
1301 3003 1643 3074 imperatori
1666 3003 2004 3058 consultum
2023 3018 2143 3057 non

495 3088 826 3146 videbatur.
851 3091 1162 3146 Enimvero
1197 3097 1320 3145 tum
1350 3091 1669 3146 commissa
1707 3108 1903 3164 pugna
1934 3093 2144 3146 lsmae-

490 3181 656 3234 litica
676 3197 772 3235 res
799 3182 1072 3252 superior
1091 3181 1221 3249 fuit,
1244 3183 1684 3253 imperatorque
1706 3183 2142 3237 circumventus

3890 2172 3913 2202 ν

2333 2203 2414 2274 [Ρ.
2450 2201 2576 2274 526]
2608 2197 2749 2270 Ἤδη
2784 2197 2842 2255 ὃὶ
2879 2202 2977 2255 τοῦ
3006 2194 3164 2274 ἔαρος
3215 2197 3638 2273 ὐπολάμποντος
3693 2199 3891 2278 δύναμι

2256 2285 2422 2342 πάλιν
2481 2289 2816 2364 ἡθροικὼςὸ
2849 2285 3116 2366 Θεόφιλος
3164 2283 3324 2359 ἔξεισι
3381 2289 3516 2344 κατᾶ
3569 2293 3685 2345 τῶν
3745 2299 3913 2368 Σαρα-

2255 2379 2458 2446 κηνῶν,
2507 2377 2598 2432 καὶ
2652 2377 2742 2432 τὸν
2798 2376 2948 2433 ὅσιον
3009 2375 3272 2434 Μεθόδιον
3341 2374 3402 2432 ἐκ
3453 2385 3559 2447 τῆς
3619 2379 3912 2456 ὑπερορίας

2255 2465 2720 2541 ἀνακαλεσάμενος
2771 2467 2895 2542 εἶχε
2953 2467 3071 2538 μεθ’
3130 2467 3343 2534 ἑαυτοῦ,
3398 2465 3713 2542 εἰθισμένον
3771 2472 3914 2544 αύτῷ

2255 2553 2306 2609 ἐν
2333 2560 2450 2616 τοῖς
2477 2551 2746 2628 πολέμοις
2786 2559 2948 2611 τοῦτο
3018 2561 3220 2627 ποιεῖν,
3253 2553 3361 2610 εἷ’τε
3415 2559 3512 2611 τοῦ
3542 2557 3734 2636 ἀσαφῆ
3765 2561 3912 2615 ἕνεκα

2253 2645 2344 2700 καὶ
2383 2643 2622 2707 πολλοῖς
2644 2643 2891 2720 ἄγνωστα
2930 2641 3172 2700 διαλύειν
3205 2641 3294 2698 διὰ
3350 2651 3450 2714 τῆς
3492 2643 3918 2724 ἐνυπαρχούσης

2254 2733 2400 2804 αὐτῷ
2455 2733 2644 2812 σοφίας
2679 2776 2694 2802 ,
2752 2733 2860 2789 εἷ’τε
2916 2733 3004 2787 καὶ
3064 2731 3444 2795 ἐπαναστάσεις
3503 2738 3918 2811 φυλαττόμενος

2254 2825 2381 2898 παρ’
2410 2822 2578 2877 αύτοῦ
2603 2843 2752 2884 τινας
2801 2826 2988 2886 παθεῖν
3028 2818 3118 2876 ’διᾶ
3172 2822 3265 2876 τὸν
3323 2822 3458 2877 κατᾶ
3485 2828 3600 2878 τῶν
3634 2825 3796 2890 θείων
3826 2827 3916 2881 καὶ

2255 2915 2462 2966 σεπτῶν
2522 2911 2743 2967 εἰκόνων
2802 2909 3068 2984 πόλεμον
3127 2909 3188 2964 οὗ
3247 2915 3458 2985 μικρῶς
3520 2913 3630 2990 γὰρ
3701 2911 3903 2969 ἐσέϐετο

2251 3001 2343 3056 τὸν
2379 2999 2545 3076 ἄνδρα
2575 3002 2638 3058 τὸ
2668 3005 2767 3071 τῆς
2800 2999 3018 3063 πόλεως
3077 2995 3322 3076 ἔκκριτον
3355 3001 3446 3056 καὶ
3502 3003 3788 3079 φιλόθεον.
3821 3006 3918 3060 Διά

2251 3112 2336 3146 τοι
2365 3095 2529 3148 τοῦτο
2559 3090 2650 3146 καὶ
2707 3089 2933 3146 κατόπιν
2967 3091 3062 3161 ἐᾷν
3119 3089 3278 3146 αὐτὸν
3337 3091 3438 3146 οὐκ
3494 3091 3744 3170 ἐφαίνετο
3779 3115 3921 3168 συμ-

2253 3179 2414 3259 φέρον
2457 3183 2538 3252 τῷ
2579 3177 2818 3256 βασιλεῖ.
2879 3181 3030 3242 Τέως
3087 3177 3130 3234 δ’
3187 3179 3340 3252 ὅμως
3394 3181 3792 3253 συμπεσόντων
3821 3183 3922 3238 αλ-

489 3285 641 3340 pene
674 3268 734 3323 in
779 3285 995 3324 manus
1041 3270 1303 3324 hostium
1352 3271 1530 3325 venit.
1565 3271 1630 3326 Id
1663 3271 1968 3326 Manuelus
2011 3288 2134 3326 sen-

2261 3267 2460 3339 λήλοις
2517 3273 2624 3322 τῶν
2691 3267 3106 3342 στρατευμάτων
3145 3311 3158 3336 ,
3217 3268 3308 3322 καὶ
3374 3273 3483 3323 τῶν
3541 3269 3922 3342 Ἰσμαηλιτῶν

490 3358 666 3424 tiens,
701 3357 822 3411 dux
869 3357 1185 3422 exercitus,
1219 3359 1436 3414 animis
1467 3376 1711 3413 suorum
1754 3361 2019 3415 oratione
2051 3377 2147 3415 re-

489 3445 781 3512 collectis,
819 3445 977 3517 quod
1010 3445 1488 3518 indignissimam
1531 3465 1654 3503 rem
1688 3447 1812 3502 fore
1847 3447 2146 3518 judicaret

495 3533 544 3588 si
576 3533 880 3589 Romanus
926 3533 1250 3605 imperator
1280 3534 1352 3589 ab
1383 3535 1552 3590 hoste
1601 3542 1932 3606 caperetur,
1972 3536 2147 3592 auda-

487 3627 612 3678 cter
635 3621 960 3678 discrimen
982 3622 1188 3678 addiit.
1213 3623 1476 3694 Cumque
1491 3622 1562 3678 ad
1583 3625 2001 3696 imperatorem
2020 3642 2146 3696 per-

481 3713 741 3784 rupisset
770 3713 1084 3786 fatigatum
1125 3713 1254 3786 jam
1289 3719 1348 3769 et
1378 3713 1448 3770 de
1481 3714 1670 3769 salute
1703 3715 2141 3786 desperantem,

486 3807 687 3858 tamen
749 3809 1095 3859 causantem
1161 3803 1298 3876 fuga
1345 3821 1407 3858 se
1461 3821 1600 3860 suos
1647 3803 1897 3875 prodere
1957 3805 2138 3874 nolle,

487 3895 760 3948 hortatus
797 3900 887 3949 est
915 3894 1000 3950 uti
1044 3910 1104 3949 se
1145 3901 1496 3966 sequeretur
1529 3899 1852 3966 prmentem
1911 3895 2141 3966 iterque

489 3984 879 4053 aperientem.
918 3984 1239 4053 Postquam
1271 3983 1466 4054 ipsum
1498 3989 1910 4054 erumpentem
1942 3983 2132 4056 impe-

487 4079 658 4126 rator
687 4087 717 4125 e
748 4071 989 4144 vestigio
1037 4071 1386 4126 subsecutus
1425 4073 1580 4127 926
1611 4088 1731 4126 non
1768 4079 1876 4138 est,
1923 4072 2138 4141 denuo,

399 4222 404 4226 _
485 4165 708 4216 etcum
757 4177 833 4215 ne
883 4161 966 4216 sic
1013 4161 1255 4231 quidem
1300 4161 1676 4232 Theophibus
1720 4169 2140 4244 sequerentur,

487 4250 728 4304 tertium
761 4267 1050 4318 reversus,
1081 4257 1332 4306 mortem
1365 4255 1422 4305 et
1460 4251 1574 4304 nisi
1615 4251 1998 4310 comitaretur
2029 4251 2139 4306 mi-

485 4345 680 4407 natus,
717 4339 806 4393 vix
835 4339 1081 4394 tandem
1113 4340 1389 4410 praasenti
1423 4338 1685 4410 periculo
1715 4339 1952 4411 eripuit.
1998 4339 2136 4395 Ideo

415 4486 421 4490 ,
483 4427 810 4482 honoribus
841 4445 977 4482 eum
1008 4427 1298 4497 donisque
1329 4427 1523 4499 dignis
1567 4427 1892 4500 imperator
1937 4444 2138 4484 remu-

485 4521 728 4570 neratus
776 4521 887 4582 est,
938 4515 1380 4572 benefactorem
1411 4533 1478 4572 ac
1508 4522 1870 4572 servatorem
1919 4517 2135 4573 fassus.

2255 3357 2689 3434 ὑπερτερούντων
2725 3401 2740 3426 ,
2790 3355 3066 3412 κύκλωσιν
3141 3355 3344 3426 ὑπέστη
3406 3359 3434 3412 ὁ
3504 3358 3777 3430 βασιλεὺς
3832 3361 3921 3416 καὶ

2250 3443 2358 3516 ἤδη
2394 3445 2678 3520 ἁλώσιμος
2705 3446 2794 3514 ἦν.
2827 3447 2894 3503 ’Ό
2944 3442 3012 3515 δὴ
3071 3446 3161 3500 καὶ
3225 3445 3408 3518 μαθὼν
3443 3445 3723 3515 Μανουὴλ
3758 3449 3790 3504 6
3819 3453 3919 3505 τού

2251 3540 2486 3610 στρατοῦ
2545 3533 2902 3608 ἐξηγούμενος
2937 3581 2952 3602 ,
3013 3533 3102 3588 καὶ
3165 3531 3334 3588 δεινὸν
3400 3535 3771 3608 ἡγησάμενος
3830 3535 3922 3594 δο-

2250 3623 2531 3698 ρυάλωτον
2567 3621 2795 3700 βασιλέα
2850 3621 3141 3694 Ῥωμαίων
3171 3620 3326 3694 ἰδεῖν,
3387 3623 3514 3686 τοὺς
3574 3625 3712 3699 περὶ
3759 3626 3920 3681 αὐτὸν

2249 3711 2609 3787 ἀναθαρῥύνας
2664 3711 2834 3786 εἰσῄει
2895 3711 3030 3784 μετᾶ
3078 3712 3312 3787 θάρσους
3359 3713 3450 3766 τὸν
3503 3709 3795 3771 κίνδυνον.
3831 3717 3920 3778 Ὠς

2249 3799 2295 3856 δ’
2327 3800 2447 3874 εὗρε
2474 3801 2719 3876 καμόντα
2756 3802 2850 3855 τὸν
2913 3799 3140 3874 βασιλέα
3196 3801 3286 3856 καὶ
3336 3803 3434 3870 τὴν
3487 3805 3782 3878 σωτηρίαν
3815 3806 3912 3859 ἄπ-

2249 3891 2544 3966 εγνωκότα,
2585 3889 3060 3969 προφασιζόμενον
3106 3887 3166 3944 δὲ
3199 3889 3274 3962 μὴ
3319 3888 3616 3966 βούλεσθαι
3648 3894 3754 3948 τὸν
3785 3893 3910 3950 λαὸν

2248 3980 2512 4056 φεύγοντα
2593 3977 2932 4034 καταλιπεῖν·
3008 3979 3140 4052 Ἀγε
3205 3975 3270 4048 δὴ
3303 4021 3318 4048 ,
3380 3979 3546 4055 φησὶν
3581 4023 3600 4051 ,
3663 3983 3716 4036 ὦ
3774 3983 3918 4058 βασι⁸

2247 4068 2366 4136 λεῦ,
2399 4066 2530 4123 ἕπου
2565 4088 2660 4141 μοι
2689 4065 3156 4142 προπορευομὲνῳ
3207 4067 3298 4122 καὶ
3355 4069 3455 4136 τήν
3516 4065 3648 4124 ὁδόν
3704 4093 3799 4126 σοι
3830 4071 3918 4126 e5-

2248 4157 2484 4234 ρύνοντι.
2521 4163 2667 4219 »Ὦς
2725 4155 2772 4210 δ’
2835 4157 2862 4210 6
2923 4154 3189 4226 Μανουήλ
3255 4155 3420 4231 ἐξῄει,
3473 4159 3502 4212 6
3558 4158 3918 4233 βασιλεὺςόὶ

2245 4248 2607 4322 κατεπτηχὼς
2639 4245 2748 4324 οὐχ
2797 4244 2998 4315 εἵπετο,
3031 4244 3198 4302 πάλιν
3231 4245 3290 4300 ἐκ
3321 4245 3572 4322 δευτέρου
3635 4248 3914 4324 ὑποστρέ-

2245 4340 2340 4412 ψαι
2372 4336 2708 4411 ἠναγκάσθη.
2751 4337 2840 4396 Ὡς
2882 4331 2939 4388 δὲ
2994 4335 3088 4390 καὶ
3145 4333 3314 4390 πάλιν
3355 4337 3664 4410 ἠστόχησε,
3703 4339 3772 4392 τὸ
3802 4340 3916 4412 τρε-

2242 4447 2335 4480 τον
2393 4422 2739 4502 ἐπιστραφεὶς
2791 4423 3022 4487 θάνατον
3073 4423 3374 4494 ἠπείλησεν
3443 4422 3494 4478 εἲ
3555 4428 3635 4496 μή
3690 4423 3912 4496 ἕποιτο,

2313 4515 2327 4536 ε
2397 4513 2424 4548 τ,
2517 4512 2592 4566 ,ὁ
2637 4513 2651 4528 .
2779 4511 2794 4530 ς
2902 4513 2924 4550 ν,
3145 4517 3172 4528 ..
3338 4512 3361 4545 ι,
3591 4515 3602 4528 .
3889 4517 3902 4531 .

2240 4536 2328 4570 και
2365 4535 2535 4574 ουτω,
2598 4515 2664 4586 ψε
2705 4531 2796 4566 και
2859 4511 3022 4586 μσλις
3076 4533 3175 4568 του
3214 4509 3464 4568 κινδύνου
3523 4511 3786 4572 διεσωσε.
3820 4527 3911 4572 Διο

481 4607 774 4660 Caeterum
802 4604 1040 4660 invidiae
1067 4609 1230 4660 tanta
1261 4605 1343 4660 vis
1373 4606 1568 4660 fuitut
1597 4622 1702 4677 per
1731 4607 2124 4662 calumnisum

2245 4609 2431 4678 τιμαῖς
2459 4606 2650 4657 τοῦτον
2680 4599 2948 4674 ἀνταξίοις
3001 4597 3324 4672 ἐδεξιώσατο
3380 4603 3474 4657 καὶ
3515 4599 3765 4678 δωρεαῖς
3802 4605 3906 4660 ἐθε.

484 4690 556 4746 de
577 4691 886 4761 majestate
917 4698 1192 4748 accusata
1226 4694 1492 4748 Manuelo
1517 4711 1818 4748 summum
1841 4695 2127 4749 creaverit

482 4781 835 4853 periculum.
888 4781 1052 4846 Quod
1097 4783 1146 4837 is
1193 4784 1480 4853 sentiens,
1514 4791 1572 4839 et
1601 4785 1820 4838 certior
1871 4783 2062 4839 factus
2094 4800 2129 4840 a

469 4869 833 4930 ﬁdelissimo
865 4871 1143 4943 quodam,
1167 4873 1266 4942 qui
1298 4873 1618 4944 aliquando
1650 4873 1764 4944 ipsi
1789 4873 2123 4940 serviverat,

479 4965 625 5017 tunc
672 4966 872 5016 autem
933 4961 1276 5032 imperatori
1325 4967 1452 5016 erat
1492 4979 1528 5017 a
1573 4963 1822 5033 poculis,
1875 4963 2001 5018 fore
2061 4966 2126 5018 ut

481 5051 667 5106 oculis
697 5049 770 5105 ab
801 5049 911 5105 hoc
941 5049 1291 5122 privaretur,
1325 5050 1718 5106 deiectionem
1763 5057 2011 5106 conatus
2035 5056 2126 5106 est

479 5140 830 5210 transiitque
859 5137 935 5194 ad
983 5147 1304 5206 Agarenos.
1339 5141 1578 5212 Magnus
1609 5140 1787 5195 etiam
1829 5139 1986 5212 apud
2015 5139 2123 5195 hos

473 5227 585 5283 fuit
612 5245 681 5284 ac
731 5246 998 5285 summus
1040 5229 1370 5284 honoribus
1415 5229 1680 5285 alTectus.
1731 5229 1876 5283 Nam
1909 5245 2120 5302 magno

473 5317 827 5374 instructum
875 5320 1138 5375 exercitu
1179 5320 1430 5392 Agareni
1472 5319 1766 5375 miserunt
1803 5324 2011 5374 contra
2038 5319 2117 5374 vi-

474 5404 638 5462 cinos
670 5425 808 5463 suos
833 5409 1053 5480 hostes,
1086 5410 1186 5480 qui
1220 5416 1502 5465 vocantur
1529 5411 1836 5465 Cermataa.
1877 5411 2119 5464 Manue-

2239 4695 2522 4769 ράπευσεν,
2577 4689 2859 4766 εόεργὲτην
2941 4689 3032 4744 καὶ
3092 4697 3314 4764 σωτῆρα
3370 4689 3695 4747 ἀποκαλῶνο
3755 4691 3913 4751 Ἀλλ’

2237 4783 2264 4836 6
2297 4781 2490 4860 φθόνος
2541 4776 2734 4854 ἴσχυσε
2789 4778 2927 4834 κατὰ
2982 4783 3078 4834 τοῦ
3134 4779 3390 4835 τοιούτου
3445 4777 3670 4856 ἀνδρὸς,
3706 4783 3808 4838 καὶ
3837 4783 3915 4844 εἰς

2233 4869 2558 4926 καθοσίωσιν
2594 4867 2654 4923 ἐκ
2694 4865 2976 4943 λοιδορίας
3025 4867 3399 4946 κατεγκλήθη.
3433 4871 3592 4926 ’Όθεν
3641 4873 3747 4927 καὶ
3799 4871 3913 4927 att-o-

2233 4957 2392 5014 δυνον
2446 4958 2509 5013 ού
2571 4956 2764 5031 μικρὸν
2842 4955 3019 5028 ἑαυτῷ
3103 4955 3478 5034 ἐνηργημένον
3533 4964 3915 5031 κατανοήσας,

2231 5049 2323 5104 καὶ
2354 5045 2444 5102 διά
2488 5067 2638 5108 τινος
2687 5049 2796 5100 τῶν
2862 5045 3204 5101 πιστοτάτων
3253 5045 3744 5122 πληροφορηθεὶς,
3781 5047 3916 5104 δοῦ-

2231 5136 2334 5194 λου
2369 5137 2460 5210 μὲν
2501 5134 2791 5212 γεγονότος
2848 5133 3013 5189 αὐτοῦ
3073 5133 3459 5210 οἰνοχοοῦντος
3517 5132 3578 5190 δὲ
3633 5139 3775 5193 τότε
3827 5142 3909 5210 τῷ

2233 5227 2454 5302 βασιβεῖ
2509 5221 2762 5302 Θεοφίλῳ
2827 5222 2906 5286 ὡς
2985 5222 3185 5296 μέλλοι
3259 5227 3450 5280 τοῦτον
3515 5224 3910 5306 ἀποτυφλοῦν,

2229 5313 2560 5372 ἀποστασίαν
2617 5309 2802 5384 τολμᾷ
2857 5313 2947 5367 καὶ
3017 5314 3154 5387 πρὸς
3209 5313 3544 5390 Ἀγαρηνοὺς
3609 5318 3911 5388 μετατίθε.

2227 5427 2336 5475 ται,
2374 5405 2542 5480 μὲγας
2567 5402 2658 5457 καὶ
2689 5403 2814 5478 παρ’
2861 5400 3046 5464 αὐτοῖς
3099 5400 3285 5480 ὀφθεὶς
3341 5403 3434 5460 καὶ
3492 5405 3794 5482 μεγίσταις
3821 5429 3910 5464 τι-

1685 5507 2063 5564 XYLANDRI
2090 5508 2177 5563 ET
2208 5506 2423 5564 GOARl
2453 5504 2674 5560 NOTjE.

547 5622 626 5695 (2)
657 5624 789 5680 Alio
819 5627 1058 5683 nomine
1086 5630 1446 5704 τουρμάρχης
1476 5629 1549 5686 de
1581 5646 1698 5703 quo
1747 5629 2052 5704 Rigaltius.
2114 5632 2232 5686 Hoc
2277 5635 2476 5687 autem
2529 5627 2598 5680 42
2658 5629 2982 5700 martyrem
3035 5641 3249 5701 agmen
3278 5642 3352 5684 ex
3405 5629 3722 5687 Armeniis
3753 5636 3909 5690 erat.

481 5693 654 5753 com.
