4056 6276
228 441 390 502 1009

1414 439 1955 503 HISTORIARUM
2004 439 2547 503 COMPENDIUM.

3486 434 3562 495 10
3583 434 3656 494 l0

234 574 368 644 μαῖς
425 569 838 646 γεραιρόμενος.
925 570 1163 645 Στρατόν
1220 591 1281 628 τε
1351 572 1455 647 γὰρ
1540 570 1882 642 ἐνεπιστεύθη

2000 568 2092 625 lus
2122 570 2270 625 alios
2301 588 2478 642 quam
2508 574 2803 628 Romanos
2824 571 2925 644 qui
2955 570 3168 647 captivi
3219 570 3281 624 in
3303 567 3645 623 carceribus

234 658 442 727 πολὺν,
482 659 573 714 καὶ
602 660 737 714 κατὰ
768 664 876 715 τῶν
926 662 1315 735 γειτονούντων
1378 659 1614 735 ἐχθρῶν,
1670 659 1721 715 o'i
1753 659 1895 715 οὕτω

235 747 306 819 δὴ
346 750 625 825 Κερμὲται
685 749 1008 813 καλοῦνται,
1065 751 1338 830 ἐπέμφθη.
1400 753 1500 813 ’Ός
1535 749 1742 823 μηδένα
1776 749 1891 806 ’ἑτε⁴

237 859 336 909 ρον
370 836 590 893 ἕπεσθαί
626 841 677 893 οἱ
709 839 969 910 θελήσας,
1002 839 1130 897 ἀλλ’
1184 841 1220 910 ἢ
1283 840 1447 911 μόνον
1475 838 1604 902 τοὺς
1636 839 1687 893 έν
1721 839 1896 916 φυλα-

237 934 360 991 καῖς
391 927 817 1004 καθειργμένους
866 929 1175 1000 Ῥωμαίους
1234 929 1381 1000 αὐτῷ
1429 930 1894 1003 συστρατεύεσθαι,

239 1016 399 1079 νίκας
460 1016 714 1090 μεγίστας
768 1019 857 1071 καὶ
936 1016 1235 1079 καλλίστας
1295 1018 1581 1092 ⁵ἠνέγκατο,
1666 1018 1738 1079 ὡς
1803 1018 1894 1072 καὶ

240 1105 376 1161 αὐτὸ
409 1105 474 1160 τὸ
504 1101 806 1180 λεγόμενον
838 1107 1102 1180 Χωροσᾶν
1159 1105 1612 1181 ἐκπολιορκῆσαι.
1644 1107 1721 1164 Ού
1790 1106 1892 1182 γὰρ

240 1194 409 1267 μόνον
438 1194 503 1249 τὸ
536 1197 653 1249 κατ’
687 1193 904 1269 ἀνδρίαν
964 1193 1217 1269 διαφέρον
1265 1194 1524 1267 ἐξέπληξε
1560 1196 1688 1260 τοὺς
1738 1193 1896 1250 ἐναν-

236 1282 412 1349 τίους,
445 1280 592 1337 ἀλλὰ
621 1283 709 1336 καὶ
767 1284 802 1352 ἡ
856 1290 957 1351 τῆς
1008 1280 1297 1339 διαλέκτου
1341 1282 1668 1359 παραλλαγή
1726 1284 1817 1337 καὶ
1856 1285 1919 1353 ἡν

235 1376 349 1427 τῶν
381 1371 687 1446 σχημάτων
724 1367 1006 1445 μεταϐολὴ
1037 1373 1126 1427 καὶ
1175 1375 1211 1441 ἠ
1264 1377 1361 1429 τοῦ
1415 1370 1668 1445 πολέμου
1714 1374 1887 1448 παρά-

239 1457 394 1533 δοξος
436 1458 709 1535 ἐξαλλαγὴ
769 1461 846 1524 εἰς
907 1458 1112 1516 δειλίαν
1165 1460 1226 1516 οὐ
1279 1464 1378 1532 τὴν
1433 1466 1708 1537 τυχοῦσαν
1766 1483 1892 1516 συν-

240 1547 417 1619 ήλασε
450 1549 576 1611 τοὺς
609 1548 935 1621 πολεμίους.
970 1550 1067 1606 Καὶ
1099 1549 1160 1604 ού
1192 1550 1328 1605 κατά
1379 1554 1487 1605 τῶν
1542 1549 1754 1624 ἐχθρῶν
1790 1549 1893 1622 μό-

235 1658 330 1691 νον
392 1636 564 1699 οὕτως
626 1635 780 1715 ὤφθη
842 1644 1113 1713 γενναῖος,
1162 1637 1310 1694 ἀλλὰ
1363 1638 1450 1693 καὶ
1510 1639 1644 1694 κατὰ
1683 1637 1888 1710 θηρίων

239 1727 446 1800 ἀγρίων
502 1729 927 1801 πημαινομένων
987 1729 1086 1798 τὴν
1141 1728 1330 1803 χώραν
1392 1725 1705 1801 ἠνὸρίσατο.
1784 1725 1889 1783 Καὶ

242 1815 505 1893 μεγάλων
537 1814 708 1878 αἴτιος
743 1816 931 1879 αὐτοῖς
959 1815 1143 1872 καλῶν
1178 1819 1412 1894 γεγονὼς
1467 1818 1616 1890 αὐτῷ
1662 1838 1721 1873 τε
1750 1820 1888 1893 ἠγα-

233 1906 390 1976 πήθη
425 1902 790 1984 διαφερόντως
821 1911 899 1978 τῷ
952 1903 1178 1982 ἄρχοντι
1231 1910 1338 1962 τῶν
1400 1910 1728 1982 Σαρακηνῶν
1797 1906 1888 1962 καὶ

230 1995 305 2065 τῇ
365 1992 625 2066 γερουσίᾳ
678 1993 878 2052 αὐτῶν.
933 1995 1017 2066 [Ρ.
1069 1996 1195 2066 527]
1257 1997 1435 2050 Ταῦτα
1517 1995 1799 2067 μανθάνων
1859 1996 1887 2049 6

232 2080 528 2161 Θεόφιλος,
552 2082 626 2143 ὡς
655 2081 802 2144 εἰκὸς
831 2082 925 2155 ἦν,
955 2085 1169 2153 ἠνιᾶτο,
1228 2084 1319 2138 καὶ
1375 2083 1549 2139 πάντα
1593 2082 1746 2139 λίθον
1779 2084 1887 2140 ἐκί-

228 2191 310 2225 νει
344 2171 419 2233 ὡς
449 2168 510 2225 ἂν
546 2172 642 2227 τὸν
695 2169 864 2244 ἄνδρα
927 2170 1374 2245 μετακαλέσοιτο.
1436 2174 1531 2229 Διὸ
1582 2174 1671 2229 καὶ
1727 2195 1888 2229 σταυ-

233 2257 330 2331 ρὸν
363 2259 453 2313 καὶ
485 2255 906 2335 χρυσόϐουλλον
941 2258 1031 2316 διά
1069 2281 1217 2324 τινος
1249 2260 1488 2337 ἀγύρτου
1524 2267 1770 2337 μοναχοῦ
1801 2262 1886 2318 ἐκ·

232 2345 442 2420 πέμπει
474 2351 550 2422 (3)
578 2353 657 2420 τῷ
696 2347 986 2420 Μανουήλ,
1039 2348 1441 2424 ἐκκαλούμενος
1496 2350 1888 2424 ἐπαναστρέψαι

230 2436 328 2492 καὶ
386 2442 560 2493 πᾶσαν
603 2439 906 2512 ἀμνηστίαν
960 2445 1141 2495 κακῶν
1199 2440 1347 2513 αύτῷ
1396 2442 1760 2515 χαριζόμενος
1816 2438 1887 2496 δι’

233 2523 435 2583 αὐτῶν.
465 2525 534 2581 ’Λ
565 2522 631 2593 δὴ
664 2526 893 2598 κομίσας
942 2526 970 2580 6
1028 2525 1273 2602 εἰληφὼς
1328 2527 1405 2588 εἷς
1457 2527 1649 2602 χεῖρας
1704 2526 1884 2592 λαθὼν

230 2613 423 2684 τίθησι
447 2618 544 2668 τοῦ
575 2613 862 2685 Μανουῆλ.
900 2614 996 2670 Καὶ
1026 2612 1315 2688 δεξάμενος
1345 2617 1527 2686 οὗτος,
1585 2617 1674 2672 καὶ
1715 2616 1887 2671 οἷονεί

229 2703 336 2769 τήν
364 2701 877 2777 ψυχήνέκκαυθεὶς,
910 2701 1020 2774 ἤδη
1065 2702 1123 2759 δὲ
1176 2705 1267 2759 καὶ
1319 2705 1744 2778 πιστευσάμενος
1828 2703 1889 2760 ἐκ

227 2795 343 2846 τῶν
376 2793 655 2867 προτέρων
692 2787 889 2867 ἔργων,
924 2792 1115 2865 μηνύει
1145 2798 1223 2863 τῷ
1279 2792 1507 2868 ἄρχοντι
1564 2798 1672 2848 τῶν
1707 2800 1888 2867 Σαρα-

228 2885 416 2957 κηνῶν
443 2881 519 2942 ὡς
578 2882 746 2936 πόθον
802 2880 984 2959 τρέφει
1040 2882 1129 2936 καὶ
1187 2883 1322 2937 κατά
1375 2882 1666 2955 Ῥωμαίων
1725 2902 1886 2956 στρα-

223 2974 415 3025 τεῦσαι
485 2970 575 3024 καὶ
629 2969 759 3032 τοὺς
839 2969 1071 3044 ἐχθροὺς
1129 2971 1430 3044 ἀμύνασθαι
1497 2970 1550 3025 οἵ
1632 2975 1887 3025 κατεῖπον

225 3057 398 3114 αὐτοῦ
424 3058 561 3134 πρὸς
618 3060 710 3114 τὸν
772 3057 1019 3134 βασιλέα,
1076 3060 1177 3129 τήν
1233 3058 1622 3116 Καππαδοκίαν
1680 3059 1888 3114 οἰκοῦν-

223 3170 349 3211 τας.
385 3150 874 3225 Συνεκπεμφθῆναι
906 3146 964 3203 δέ
994 3148 1142 3220 αύτῷ
1196 3147 1352 3221 ἠξίου
1404 3149 1494 3204 καὶ
1549 3149 1641 3204 τὸν
1688 3149 1884 3204 τούτου

228 3238 349 3293 υἱὸν
380 3237 457 3300 εἷς
496 3236 726 3293 πλείονα
781 3244 882 3307 τῆς
944 3238 1198 3300 ὑπονοίας
1252 3237 1541 3312 ἀναίρεσιν.
1594 3238 1885 3294 Κατένευσε

226 3332 351 3390 τοῖς
380 3325 683 3398 αἴτηοεῖσιν
714 3328 742 3381 6
775 3326 1005 3400 ἰσμαὴλ
1038 3329 1139 3401 (4),
1188 3328 1275 3383 καὶ
1311 3324 1531 3382 δίδωσιν
1584 3327 1733 3399 αὐτῷ
1787 3332 1883 3383 τοῦ
1924 3299 1966 3365 C

231 3416 603 3489 ἐκστρατεύειν
662 3413 868 3473 ἄόείαν.
919 3416 1008 3479 Ὧς
1069 3415 1125 3471 δὲ
1180 3412 1372 3490 ἤγγισε
1426 3420 1548 3479 τοῖς
1595 3415 1886 3489 Ῥωμαίων

234 3505 431 3579 ὁρίοις,
464 3503 608 3571 δῆλα
639 3511 787 3560 ποιεῖ
814 3507 882 3560 τὰ
928 3507 1045 3560 κατ’
1103 3504 1260 3560 αὐτὸν
1318 3509 1400 3577 τῷ
1453 3508 1551 3574 τῆς
1610 3504 1894 3562 Καππαδοο

232 3595 359 3656 κίας
398 3600 683 3671 στρατηγῷ
739 3594 830 3650 καὶ
886 3597 988 3665 τήν
1045 3593 1260 3659 ἐσαῦθις
1312 3592 1367 3650 ἐς
1425 3595 1729 3667 Ῥωμανίαν
1788 3594 1889 3651 ἐπ-

235 3681 452 3754 άνοδον,
482 3686 572 3742 καὶ
604 3689 717 3759 ἅμα
745 3682 1022 3740 ἐδίδασκεν
1055 3685 1129 3746 ὡς
1180 3681 1263 3740 δεῖ
1292 3685 1429 3741 κατὰ
1486 3686 1580 3740 τὸν
1614 3683 1763 3741 δεῖνα
1790 3688 1851 3741 τύ

229 3795 333 3829 πον
393 3775 563 3850 λόχον
612 3776 704 3830 καὶ
764 3772 977 3850 ἐνέδραν
1029 3773 1294 3849 γενέσθαι,
1348 3775 1444 3830 Ἳν’
1501 3773 1626 3830 ὅταν
1659 3774 1854 3841 ἐκεῖσε,

232 3862 391 3938 φησῗ,
448 3862 712 3936 γένωμαι,
768 3866 895 3926 τοὺς
957 3863 1054 3936 μὲν
1137 3867 1465 3938 Σσρακηνῶν
1520 3861 1874 3939 προδρόμους

228 3952 314 4006 ἐπ’
347 3951 517 4006 ἄλλον
558 3951 679 4006 τινὰ
730 3953 899 4007 τόπον
958 3950 1258 4022 ἐξελαύνειν
1314 3955 1555 4023 ποιήσω,
1598 3953 1760 4014 αὐτὸς
1816 3950 1876 4007 δὲ

222 4040 364 4111 πρὸς
386 4039 454 4093 τὰ
490 4040 779 4111 Ῥωμαίων
837 4040 943 4108 ἤθη
1000 4038 1440 4114 ἀναδραμοῦμαι.
1495 4044 1565 4099 Ὀ
1622 4041 1712 4096 καὶ
1766 4042 1865 4117 γέ-

218 4138 391 4190 γονεν.
433 4127 522 4189 Ὠς
553 4127 656 4202 γὰρ
686 4128 823 4183 κατὰ
849 4131 912 4183 τὸ
945 4129 1192 4201 σύνθημα
1246 4134 1324 4200 τῷ
1378 4131 1644 4204 ὁρισθέντι
1697 4129 1871 4202 ἐπλη-

217 4215 405 4287 σίαζον
432 4216 608 4289 τόπῳ,
641 4216 825 4272 πολλὰ
851 4219 942 4274 τὸν
993 4222 1089 4273 τοῦ
1145 4218 1377 4292 Ἰσμαὴλ
1437 4221 1554 4274 υἱὸν
1590 4241 1867 4276 κατασπα-

222 4305 483 4379 σάμενος·
538 4306 610 4360 Σὺ
690 4305 784 4378 μὲν
846 4306 1025 4381 ὑγιὴς,
1080 4300 1206 4382 ἔφη,
1259 4303 1431 4378 ἄπιθι,
1472 4304 1682 4377 τέκνον,
1744 4309 1883 4383 πρὸς

215 4396 313 4451 τὸν
349 4394 438 4449 σὸν
468 4392 693 4468 πατέρα·
722 4391 833 4470 ἐγὼ
891 4391 949 4448 δὲ
1007 4392 1399 4469 ἀπελεύσομαι
1436 4396 1574 4471 πρὸς
1620 4398 1713 4452 τὸν
1765 4397 1895 4472 ἐμὸν

226 4483 454 4561 βασιλέα
510 4483 600 4539 καὶ
664 4482 875 4558 κύριον,
946 4507 974 4535 ››
1033 4484 1326 4547 Διασωθεὶς
1384 4482 1432 4540 δ’
1491 4484 1691 4541 ἐκεῖθεν
1755 4487 1893 4562 πρὸς

219 4575 324 4643 τήν
357 4571 745 4647 βασιλεύουσαν
780 4572 1099 4651 ἐντυγχάνει
1128 4575 1208 4645 τῷ
1240 4572 1459 4648 βασιλεῖ
1514 4573 1654 4631 κατὰ
1709 4576 1800 4630 τὸν
1836 4574 1888 4630 ἐν

2001 660 2438 726 detinebantur,
2463 661 2676 716 ducere
2702 663 2925 717 noluit:
2952 663 3162 715 horum
3195 658 3459 714 exercitu
3482 674 3646 712 com-

1998 752 2189 822 posito
2234 766 2476 821 magnas
2527 751 2908 821 illustresque
2969 749 3290 820 reportavit
3346 747 3649 814 victorias,

2000 848 2059 896 et
2088 841 2281 912 ipsum
2315 856 2550 911 quoque
2570 840 2969 894 Chorosanem
2991 840 3239 912 (castelli
3272 840 3384 893 hoc
3406 838 3648 906 nomen)

2000 930 2369 1001 expugnavit.
2404 930 2527 983 Non
2563 930 2721 983 enim
2756 929 2973 989 insigni
3035 935 3265 982 tantum
3296 927 3647 981 fortitudine

1999 1037 2105 1076 sua
2138 1026 2426 1074 terrorem
2472 1017 2743 1073 hostibus
2802 1018 3023 1086 intulit,
3085 1019 3187 1071 sed
3238 1022 3296 1071 et
3352 1015 3646 1071 sermonis

1997 1110 2254 1164 novitate
2310 1126 2377 1163 ac
2446 1107 2681 1162 habitus
2737 1112 2793 1161 et
2852 1106 2994 1160 belli
3083 1107 3285 1161 formae
3344 1105 3649 1175 inopinata

1996 1198 2326 1253 mutatione
2357 1213 2477 1251 non
2510 1197 2571 1250 in
2605 1212 2848 1267 parvum
2881 1212 2983 1250 eos
3010 1202 3235 1250 metum
3266 1193 3644 1263 conjiciehat.

1997 1293 2193 1357 Neque
2224 1286 2541 1341 adversum
2575 1286 2777 1339 hostes
2810 1283 2984 1339 modo
3040 1290 3281 1338 strenue
3337 1298 3398 1336 se
3446 1282 3647 1351 gessit,

2001 1376 2103 1433 sed
2126 1381 2183 1430 et
2212 1381 2419 1430 contra
2470 1374 2626 1428 feras
2686 1374 2991 1445 regionem
3027 1389 3158 1428 eam
3216 1375 3534 1427 vastantes.
3581 1371 3652 1423 Et

1996 1466 2067 1520 ob
2101 1467 2287 1519 multa
2315 1464 2471 1518 bona
2501 1480 2632 1533 qum
2657 1464 2806 1519 9‘27
2835 1462 2907 1517 ab
2939 1479 3006 1516 eo
3039 1478 3317 1533 accepere
3350 1458 3647 1525 Saraceni,

1996 1570 2237 1611 summe
2273 1554 2487 1607 charus
2520 1552 2774 1623 principi
2805 1568 3009 1605 eorum
3041 1567 3107 1606 ac
3140 1548 3483 1621 proceribus
3514 1546 3644 1605 fuit.

1995 1648 2127 1700 Haec
2184 1644 2541 1713 Theophilus
2597 1659 2733 1697 eum
2803 1648 3210 1713 cognosceret,
3270 1656 3526 1713 gravem,
3585 1646 3653 1696 ut

1988 1752 2097 1807 par
2131 1738 2278 1799 erat,
2321 1732 2659 1788 molestiam
2706 1731 2891 1786 sensit
2925 1748 2938 1798 ;
2971 1738 3156 1801 utque
3212 1728 3543 1785 Manuelum
3577 1724 3651 1781 ad

1997 1841 2060 1881 se
2089 1816 2421 1888 reduceret,
2470 1821 2621 1875 nihil
2680 1821 3038 1875 intentatum
3069 1819 3330 1889 reliquit.
3388 1817 3649 1873 Tandem

1919 1934 1967 1999 B
2003 1929 2183 1985 opera
2213 1910 2523 1983 cujusdam
2556 1908 2852 1978 monachi,
2913 1908 3119 1980 quales
3178 1908 3318 1962 hinc
3347 1906 3486 1961 inde
3544 1923 3650 1977 per

1996 2002 2187 2057 varias
2232 2000 2507 2071 regiones
2559 1999 2754 2070 vagari
2802 1998 3015 2065 solent,
3071 2014 3306 2052 crucem
3361 1996 3415 2050 ei
3465 1996 3648 2050 mittit

1997 2095 2057 2146 et
2113 2089 2360 2155 litteras,
2423 2088 2496 2143 ad
2545 2086 2962 2143 revertendum
3017 2087 3355 2155 cohortans,
3398 2084 3647 2140 oblivio-

1995 2195 2253 2249 nemque
2285 2177 2554 2233 omnium
2586 2177 2948 2231 oﬂensarum
3006 2176 3381 2246 promittens.
3414 2175 3649 2227 Manne-

1994 2268 2089 2323 lus
2120 2268 2192 2322 iis
2223 2267 2335 2322 sibi
2363 2266 2592 2322 occulte
2624 2265 2892 2333 redditis,
2948 2265 3147 2320 animo
3204 2280 3476 2329 accenso,
3511 2279 3646 2317 cum

1989 2359 2118 2431 jam
2150 2357 2328 2412 ﬁdem
2360 2372 2528 2411 suam
2559 2356 2991 2411 Saracenorum
3020 2352 3275 2424 principi
3326 2352 3447 2407 suis
3476 2351 3648 2406 factis

1998 2446 2324 2518 probasset,
2358 2445 2654 2517 significat
2681 2443 2733 2498 ei
2765 2458 2983 2513 cupere
3028 2458 3091 2497 se
3120 2446 3328 2496 contra
3356 2442 3650 2495 Romanos

1997 2534 2438 2606 expeditionem
2472 2532 2771 2603 suscipere
2804 2537 2863 2586 et
2910 2531 3186 2585 inimicos
3224 2546 3382 2595 suos,
3445 2545 3479 2583 a
3509 2528 3639 2598 qui-

1995 2624 2106 2679 bus
2157 2622 2314 2695 apud
2372 2624 2792 2693 imperatorem
2854 2619 3085 2676 delatus
3132 2619 3365 2685 fuisset,
3420 2617 3649 2687 ulcisci,

1996 2713 2429 2785 Cappadociam
2459 2712 2820 2767 habitantes.
2872 2710 3089 2763 Filium
3155 2724 3390 2779 quoque
3421 2707 3645 2778 princi-

1995 2802 2087 2872 pis
2118 2818 2318 2856 secum
2350 2801 2505 2855 mitti
2538 2800 2704 2870 petit,
2736 2815 2852 2869 quo
2906 2799 3094 2868 magis
3150 2797 3495 2851 institutum
3548 2812 3646 2850 ce-

1996 2890 2166 2946 laret.
2198 2889 2466 2944 Assensit
2516 2888 2646 2959 ejus
2696 2886 2970 2958 petitioni
3004 2886 3282 2956 princeps
3337 2883 3645 2940 Ismaelus.

1997 2977 2300 3033 Manuelus
2333 2976 2555 3031 ﬁnibus
2587 2977 2866 3030 Romanas
2893 2973 3137 3029 ditionis
3158 2972 3646 3044 appropinquans

1996 3067 2340 3140 praefectum
2397 3063 2779 3136 Cappadociaa
2833 3063 2904 3117 de
2968 3062 3090 3116 suis
3148 3061 3325 3116 rebus
3384 3061 3640 3128 edocet;

1997 3156 2295 3226 simulque
2324 3160 2486 3209 certo
2545 3153 2675 3209 loco
2736 3168 2871 3206 eum
2930 3150 3178 3205 insidias
3225 3149 3518 3204 collocare
3542 3149 3642 3219 ju-

1996 3246 2115 3313 bet,
2148 3249 2213 3300 ut
2243 3244 2390 3314 ipse,
2424 3259 2559 3298 cum
2609 3258 2677 3296 eo
2727 3240 3112 3312 pervenisset,
3181 3238 3646 3310 prrecursoribus

2005 3335 2431 3390 Saracenorum
2487 3330 2603 3387 alio
2665 3330 2928 3385 dimissis
2982 3328 3043 3383 in
3119 3330 3515 3384 Romanorum
3567 3326 3650 3380 di-

1998 3424 2220 3479 tionem
2252 3421 2480 3494 ingredi
2512 3420 2719 3491 possit.
2767 3420 2914 3491 Ergo
2966 3417 3064 3472 ubi
3126 3416 3197 3472 ad
3255 3433 3391 3471 eum
3449 3417 3645 3471 locum

1995 3511 2264 3584 pervenit
2293 3511 2393 3581 qui
2425 3509 2782 3564 constitutus
2814 3513 2958 3575 erat,
3020 3507 3211 3561 ﬁlium
3245 3505 3478 3561 lsmaeli
3510 3521 3645 3575 pro-

1997 3602 2114 3657 lixe
2154 3600 2474 3656 salutatum
2515 3598 2742 3654 salvum
2800 3597 2994 3651 redire
3042 3595 3117 3651 ad
3172 3612 3345 3650 suum
3420 3600 3650 3666 patrem

1993 3690 2184 3761 jubet,
2208 3705 2271 3743 se
2300 3687 2374 3743 ad
2404 3688 2823 3758 imperatorem
2852 3684 3280 3753 dominumque
3302 3683 3454 3738 928
3478 3699 3651 3737 suum

1996 3777 2212 3834 reverti
2237 3776 2529 3832 indicans.
2550 3774 2755 3829 Salvus
2773 3772 2913 3827 inde
2939 3770 3495 3841 Constantinopolin
3520 3787 3649 3841 per-

2000 3868 2178 3934 venit,
2238 3867 2779 3937 imperatoremque
2847 3860 2908 3914 in
2960 3858 3378 3913 Blachernensi
3431 3858 3651 3929 templo

2000 3957 2248 4023 accedit,
2281 3956 2353 4011 ab
2403 3969 2592 4024 eoque
2646 3951 2912 4023 magistri
2980 3950 3207 4003 honore
3273 3949 3532 4004 afﬁcitur
3596 3954 3654 4003 et

2002 4051 2306 4117 compater
2385 4043 2570 4115 ipsius
2660 4039 3010 4112 appellatur.
3102 4038 3221 4093 Hoc
3289 4036 3462 4092 modo
3541 4040 3653 4092 Ma-

2002 4134 2160 4189 nueli
2196 4149 2285 4187 res
2322 4138 2471 4187 acta.
2533 4129 2775 4184 Interim
2827 4127 2945 4181 vita
3013 4125 3291 4181 defuncto
3353 4126 3652 4181 Theodoto

2004 4223 2339 4286 Melisscno,
2392 4236 2567 4291 quem
2625 4234 2803 4288 supra
2876 4215 3244 4271 ostendimus
3299 4215 3654 4271 Cassiteram

2003 4313 2393 4382 cognomento
2443 4307 2689 4372 dictum,
2753 4302 2854 4374 qui
2913 4302 3265 4373 aliquandiu
3321 4303 3657 4373 patriarcha

2003 4395 2547 4467 Constantinopolis
2576 4394 2788 4455 fuerat,
2821 4393 3040 4447 Jannes
3086 4390 3437 4463 pazdagogus
3466 4391 3656 4445 Theo-

2004 4488 2151 4561 phili
2185 4486 2470 4553 succedit,
2503 4481 2899 4538 sacerdotium
2947 4480 3107 4535 istud
3164 4479 3486 4552 impietatis
3535 4497 3655 4534 suae

2006 4583 2181 4648 atque
2206 4572 2469 4647 perﬁdiae
2501 4570 2813 4644 prazmium
2847 4568 3118 4640 adeptus.

225 4661 567 4737 Βλαχέρναις
598 4668 697 4732 τῆς
730 4648 995 4717 Θεοτόκου
1027 4662 1177 4732 ναὸν,
1206 4662 1297 4717 καὶ
1334 4662 1634 4739 μᾶγιστρος
1667 4665 1795 4739 παρ’
1825 4665 1994 4721 αὐτοῦ
2025 4668 2251 4736 τιμᾶται
2277 4661 2367 4716 καὶ
2399 4660 2684 4721 σύντεκνος
2823 4653 3007 4711 ἔκτοτε
3065 4654 3403 4730 χρηματίζει
3460 4648 3656 4729 αὐτῷ.)

1446 4756 1812 4811 XYLANDRI
1853 4758 1940 4811 ET
1979 4755 2190 4811 GOARI
2225 4754 2447 4809 NOTAE.

304 4869 393 4943 (3),
413 4870 634 4943 Crucem
671 4872 939 4943 etqmittit,
966 4870 1051 4926 ait
1076 4869 1394 4943 Xylander.
1441 4872 1515 4943 At
1545 4888 1722 4943 quam
1756 4888 1887 4927 cru-
1925 4876 1969 4939 ι)
2004 4870 2238 4943 deesset
2266 4868 2516 4943 species,
2547 4865 2619 4921 ad
2651 4864 3197 4943 Manuelenrmisit,
3228 4864 3511 4943 u_t__sacris
3535 4866 3654 4922 sive

229 4941 402 4997 cem?
431 4958 548 5013 quo
589 4941 749 4997 fine?
776 4944 970 4997 Tacet.
1015 4941 1355 5013 Mysterium
1388 4941 1616 5012 evulgo.
1654 4942 1890 4998 Litteris

224 5011 550 5085 secretiora
576 5012 979 5068 revelantibus
1007 5011 1083 5085 ac
1132 5011 1401 5085 pollicita
1426 5011 1546 5068 sive
1581 5020 1752 5085 pacta
1783 5014 1884 5070 ad-

226 5084 351 5140 dito
375 5085 724 5156 juramento
748 5083 1147 5156 ﬁrmantibus
1166 5083 1437 5139 solebant
1467 5083 1770 5155 quondam
1829 5086 1892 5140 in

226 5155 589 5212 sacramenti
627 5155 1038 5227 testimonium
1065 5171 1300 5210 crucem
1334 5158 1891 5227 praeﬁgerel’onta-

228 5243 341 5281 nus
372 5244 443 5281 ex
478 5226 755 5281 Phranzis
791 5230 991 5281 Graeco
1023 5231 1187 5279 textu
1221 5241 1233 5278 :
1275 5226 1527 5281 Vocatur
1558 5230 1618 5281 in
1666 5244 1893 5297 conspe-

227 5304 378 5351 ctum
412 5297 763 5365 imperatoris
821 5297 1122 5367 Cpotitani,
1182 5298 1281 5366 qui
1330 5314 1535 5353 mecum
1591 5314 1660 5353 ea:
1717 5299 1895 5353 Iberia

230 5369 445 5437 legatus
477 5368 775 5421 advenerat
801 5383 822 5428 .·
853 5374 903 5422 et
935 5370 1240 5438 imperator
1271 5384 1440 5422 manu
1468 5384 1569 5423 sua
1599 5384 1660 5423 eo
1681 5371 1893 5423 vidente

224 5444 336 5493 tres
357 5454 545 5492 cruces
575 5439 879 5492 ctnnahari
910 5438 971 5492 in
1000 5444 1187 5506 fronte
1229 5439 1391 5494 bullae
1422 5439 1496 5493 ad
1517 5442 1890 5508 conﬁrmatio-

228 5525 357 5563 nem
390 5525 500 5579 pro
542 5508 940 5564 consuetudine
988 5512 1270 5579 exprimit,
1331 5510 1642 5579 bullumque
1669 5527 1894 5566 auream

230 5580 738 5654 iamamgstegatq
762 5579 954 5633 tradit.
992 5580 1102 5654 Leo
1160 5582 1636 5654 Grammaticus:
1672 5582 1698 5633 ὁ
1733 5582 1889 5654 βασι·

237 5647 365 5726 λευς
398 5649 489 5726 καὶ
520 5650 549 5704 ὁ
584 5647 872 5726 βασίλειος
928 5650 1053 5709 τοὺς
1100 5650 1320 5719 τιμίους
1380 5650 1690 5726 ὑπέγραψαν
1733 5647 1892 5705 σταυ-

235 5722 367 5796 ροὺς
400 5723 548 5805 ὅρκῳ
581 5716 948 5805 βεϐαιοῦν-Ξες.
981 5716 1265 5805 Si‘m‘ilem,
1326 5724 1450 5795 vagi
1495 5716 1569 5778 ’ἐι
1603 5716 1891 5805 ’ῐῃθζιάίρί

237 5793 526 5852 inonaChi
581 5793 767 5869 opera
830 5793 1186 5866 Theophilus
1241 5793 1423 5865 usus;
1458 5809 1533 5849 ne
1594 5795 1892 5869 religionis

2003 4934 2408 5014 χρυσοὸούλλῳ
2439 4936 2861 5014 ﬁdesamplior
2891 4935 3227 5014 adderetur.
3265 4936 3411 4989 Hinc
3432 4954 3656 5014 σταυρο-

1997 5007 2169 5071 iam:
2203 5007 2560 5067 sacramenti
2593 5007 2936 5077 hujusmodi
2969 5007 3286 5061 violatores
3308 5012 3657 5061 vocantmo—

2001 5084 2170 5139 derni
2203 5082 2407 5143 Graeci.
2441 5081 2540 5151 qui
2572 5096 2785 5151 crucem
2815 5077 3301 5151 _conculcm_zt,ghoc
3352 5082 3459 5139 est,
3480 5094 3654 5151 jura-

2000 5162 2269 5210 mentum
2292 5171 2362 5208 ea
2394 5147 2653 5222 primum
2685 5150 2746 5203 in
2781 5148 2986 5204 charta
3026 5147 3245 5202 tabulis
3278 5147 3517 5203 exarata
3550 5150 3653 5222 ﬁr-

2000 5234 2225 5282 matum
2256 5220 2677 5279 intemeratum
2737 5236 2971 5275 servare
3024 5235 3144 5273 non
3192 5225 3488 5272 verentur.
3552 5220 3653 5275 His

1999 5298 2205 5352 afﬁnia
2225 5295 2665 5351 eruditissimus
2690 5291 2759 5346 de
2789 5292 2979 5345 Marca
3000 5290 3060 5343 in
3073 5288 3279 5360 patriis
3296 5289 3646 5347 Annalibus.

2001 5371 2176 5423 Goan.
3208 5372 3211 5375 '

2072 5442 2144 5509 (4)
2170 5439 2380 5494 Nescio
2421 5453 2495 5491 an
2527 5432 2943 5509 proprium__si_t
2968 5431 3212 5509 hoc,_an
3260 5447 3398 5486 vero
3429 5433 3650 5509 lsmae-

1996 5502 2164 5565 litam
2197 5502 3050 5581 signiticetfut'gentilitium.
3108 5505 3236 5557 Mox
3283 5520 3523 5561 rursum
3572 5507 3655 5563 ita

1997 5581 2258 5653 ponitur.
2291 5582 2428 5636 XYL.
2572 5651 2610 5653 _
2794 5625 2799 5629 .

2070 5654 2146 5723 (5)
2199 5655 2511 5723 Compater.
2571 5645 2994 5723 Exsententia
3024 5651 3080 5701 et
3122 5647 3346 5723 Zonara
3401 5648 3532 5723 hoc_
3571 5648 3652 5702 di-

1997 5718 2148 5791 dici;
2184 5724 2285 5794 qui
2310 5718 2525 5794 scribit
2554 5718 2907 5794 Michaelum
2938 5718 3243 5790 Theophili
3276 5719 3333 5774 F.
3370 5736 3405 5794 ει
3433 5720 3648 5774 reduce

1994 5789 2265 5851 Manue'lo
2298 5793 2484 5848 fuisse
2513 5809 2583 5848 ex
2613 5789 2908 5861 baptismo
2943 5789 3306 5862 susceptum.
3343 5791 3642 5861 (Gevatter.
