4056 6276
219 412 379 475 1013

1330 420 1335 425 ’
1377 414 1923 480 HISTORIARUM
1970 414 2523 484 COMPENDIUM.

3477 429 3635 489 1014

217 554 439 623 σχῆμ’
475 544 506 602 δ
532 549 623 603 καὶ
655 550 841 624 γέγονε
877 552 1013 624 μετᾶ
1057 550 1246 619 ταῦτα,
1296 556 1394 608 τοῦ
1443 548 1733 609 Βασιλείου
1778 549 1863 617 τήπ

1991 549 2344 624 imperante,
2376 559 2564 629 capite
2612 564 2701 615 est
2745 567 3072 630 truncatus,
3105 579 3240 618 cum
3284 561 3635 619 delectionis

218 635 406 715 ἀρχὴν
468 633 822 700 δειθύνοντος.
880 644 1114 711 Προεῖπε
1171 638 1229 696 δὲ
1306 641 1396 695 καὶ
1482 638 1741 716 Γεωργίῳ
1794 640 1875 708 τῷ

1986 646 2142 694 esset
2171 652 2501 702 accusatus.

231 729 610 799 στρατιωτικῷ
645 726 731 781 τὸν
780 726 1151 806 κατειληφότα
1194 730 1354 785 αὐτὸν
1402 730 1627 784 θάνατον
1678 726 1732 781 ἐν
1787 728 1854 798 τῇ
1911 723 2171 804 σφενδόνῃ
2233 735 2314 804 (9)
2365 737 2462 787 τοῦ
2519 734 2916 812 ἱπποδρομίου’
2959 738 3129 795 ἐκεῖσε
3183 741 3286 815 γὰρ
3351 738 3635 813 μετέπειτα

219 820 319 871 τοῦ
353 816 642 871 Βασιλείου
675 816 1080 893 βασιλεύοντος,
1113 820 1440 883 ἀποστασίας
1473 820 1780 895 ἐγκλήματι
1814 816 2117 889 περιπεσὼν
2150 819 2462 894 ἀπετμήθη,

297 903 440 974 Ἤδη
478 904 534 960 δὲ
564 910 661 961 τοῦ
700 907 835 981 ἦρος
889 905 1297 981 διαλάμποντος
1356 908 1409 964 ο⁹ί
1464 930 1523 965 τε
1578 905 1870 984 Ἀγαρηνοὶ

220 996 308 1050 καὶ
346 994 612 1073 Θεόφιλος
644 999 758 1050 κατ’
786 996 1051 1068 ἀλλήλων
1084 998 1428 1076 ἐξώρμησαν,
1476 997 1762 1069 ἀλλήλους
1813 994 1870 1050 δὲ

220 1085 548 1153 πτοηθέντες
611 1084 943 1160 ὑπέστρεψαν
1033 1086 1321 1163 ἄπρακτοι.
1389 1086 1754 1162 Ὑποστρέψας
1815 1081 1871 1138 δὲ

220 1177 249 1231 6
281 1176 548 1253 Θεόφιλος
582 1171 866 1252 πρεσϐείαν
897 1175 1110 1248 ἐδέξατο
1144 1184 1241 1235 τοῦ
1290 1182 1538 1255 Χαγάνου
1573 1175 1868 1253 Χαζαρίας,

217 1264 595 1336 ἐξαιτουμένου
661 1268 939 1335 κτισθῆναι
996 1268 1058 1322 τὸ
1153 1267 1384 1342 Μάρκελ
1463 1267 1868 1341 ὀνομαζόμενον

218 1353 496 1428 φρούριον·
554 1354 722 1408 τοῦτο
780 1355 884 1431 γὰρ
941 1352 1117 1410 ἐδόκει
1175 1350 1349 1430 ἔρυμα
1422 1356 1680 1431 καρτερὸν
1738 1354 1868 1411 εἶναι

218 1451 320 1513 τῆς
352 1449 458 1498 τῶν
514 1449 864 1512 Πατζινακῶν
924 1442 1143 1524 ἐφόδου,
1196 1444 1434 1520 διεῖργον
1489 1446 1686 1509 αὐτοὺς
1729 1444 1867 1519 πρὸς

218 1533 288 1587 τὰ
322 1533 457 1608 μέρη
488 1531 586 1588 τοῖ’)
634 1531 896 1597 Τανάϊδος
956 1539 1225 1607 ποταμοῦ.
1287 1535 1365 1591 Οὖ
1429 1536 1739 1595 ὑπακούσας
1796 1536 1864 1606 τῇ

218 1622 432 1693 αἰτήσει
472 1622 499 1676 ό
543 1620 798 1697 βασιλεὺς
847 1622 1190 1693 ἐξαπέστειλέ
1235 1645 1355 1679 τινα
1403 1630 1711 1697 Ηετρωνᾶν,
1768 1622 1858 1676 καὶ

216 1715 320 1782 τήν
362 1714 570 1767 τούτων
623 1710 836 1782 αἶ’τησιν
897 1714 973 1776 εἰς
1015 1714 1178 1781 πέρας
1236 1717 1457 1791 ἢγαγεν.
1518 1715 1689 1776 Οὗτος
1741 1715 1867 1768 ὑπο-

219 1801 451 1875 στρέψας
480 1802 707 1876 γνώμην
736 1798 986 1857 ἐδεδώκει
1018 1808 1098 1876 τῷ
1145 1801 1362 1877 βασιλεῖ
1411 1803 1485 1866 ὠς
1532 1802 1630 1858 ούκ
1678 1801 1862 1864 ἄλλως

216 1888 364 1965 ἄρξει
393 1897 494 1959 τῆς
527 1892 805 1965 Χερσῶνος
850 1887 1084 1966 βεϐαίως
1126 1891 1162 1961 ἤ
1217 1894 1518 1969 στρατηγὸν
1572 1911 1863 1967 προχειρι-

2056 912 2198 967 Vere
2231 913 2494 984 ineunte,
2528 919 2776 989 Agareni
2812 926 2868 974 et
2909 922 3264 992 Theophilus
3289 923 3363 977 ad
3402 922 3627 980 bellum

1980 998 2140 1055 inter
2170 1019 2230 1057 se
2260 1006 2586 1075 gerendum
2614 1008 2768 1063 facta
2798 1011 3173 1081 expeditione
3205 1012 3357 1066 alter
3385 1013 3631 1069 alterius

1978 1095 2144 1144 metu
2175 1091 2439 1159 domum,
2475 1096 2641 1151 nulla
2670 1114 2733 1151 re
2764 1104 2946 1169 gesta,
2981 1098 3307 1155 redierunt.
3342 1102 3631 1157 Reversus

1980 1177 2338 1251 Theophilus
2368 1182 2592 1256 legatos
2626 1203 2658 1240 a
2682 1186 2952 1258 Chagano
2983 1188 3272 1242 Chazariua
3304 1190 3505 1260 regulo
3540 1207 3630 1245 ac-

1979 1266 2156 1336 cepit,
2190 1273 2428 1339 petente
2459 1271 2615 1327 930
2648 1278 2711 1327 ut
2757 1273 3061 1328 castellum
3096 1275 3189 1329 cui
3230 1291 3446 1329 nomen
3478 1276 3626 1329 Mar-

1979 1357 2067 1411 cel
2119 1359 2519 1415 conderetur:
2560 1379 2631 1418 ea
2682 1363 2841 1418 enim
2901 1364 3208 1419 videbatur
3255 1364 3449 1420 valida
3498 1364 3626 1419 fore

1978 1447 2230 1501 munitio
2253 1448 2326 1503 ad
2347 1451 2787 1507 Patzinacarum
2809 1453 3184 1508 incursiones
3202 1453 3622 1525 prohibendas,

1978 1554 2124 1606 quos
2154 1556 2356 1594 versus
2406 1542 2628 1596 Tanain
2675 1542 2917 1596 iluvium
2966 1550 3213 1598 arceret.
3251 1545 3469 1598 Horum
3519 1561 3625 1615 po-

1977 1626 2211 1680 stulatis
2242 1629 2625 1697 acquiescens
2656 1632 3019 1702 Theophilus
3065 1634 3378 1686 Petronam
3412 1649 3621 1702 quem-

1975 1713 2110 1768 dam
2142 1715 2324 1781 misit,
2350 1723 2407 1771 et
2438 1719 2706 1789 quodisti
2731 1720 3021 1791 petierant
3043 1721 3313 1775 confecit.
3340 1722 3622 1775 Petronas

1973 1819 2240 1858 reversus
2294 1806 2713 1877 imperatorem
2783 1810 3014 1863 monuit
3065 1826 3185 1863 non
3254 1826 3425 1880 posse
3483 1826 3617 1863 eum

1973 1894 2333 1950 Chersonem
2367 1902 2491 1951 tuto
2522 1899 2581 1951 in
2615 1915 2719 1953 sua
2758 1904 3045 1969 potestate
3090 1900 3368 1965 retinere,
3400 1897 3515 1953 nisi
3548 1915 3616 1952 eo

217 1978 446 2051 ζόμενος
479 1977 640 2034 ἴδιονο
705 1979 869 2055 μέχρι
928 1981 1031 2056 γὰρ
1089 1980 1292 2036 ἐκείνου
1348 1986 1446 2037 τοῦ
1506 1983 1705 2057 χρόνου
1765 1982 1856 2036 οὑ-

1975 1983 2332 2054 peculiarem
2382 1986 2580 2042 mittat
2626 1986 2991 2058 praefectum.
3022 1989 3168 2043 Nam
3217 1989 3289 2042 ad
3319 1987 3379 2042 id
3426 2004 3615 2058 usque

212 2066 326 2130 δεὶς
355 2072 462 2122 τῶν
521 2067 803 2142 ἡμετέρων
863 2067 1035 2143 ἄρξων
1093 2068 1308 2126 ἐκείνων
1368 2068 1675 2137 ἐστέλλετο,
1731 2068 1858 2125 αλλ’

209 2157 484 2233 ἐγχώριός
514 2178 599 2220 τις
632 2156 928 2232 πρωτεύων
958 2160 1058 2227 τήν
1086 2158 1458 2234 προσηγορίαν
1505 2162 1570 2214 τὰ
1607 2166 1707 2227 τῆς
1758 2159 1859 2213 πό-

211 2247 354 2308 λεως
383 2246 451 2316 ἦν
484 2244 726 2303 διοικῶν.
765 2242 1200 2321 Προσδεξάμενος
1234 2248 1327 2302 οὗν
1354 2249 1453 2316 τὴν
1493 2249 1661 2303 αὑτοῦ
1721 2268 1858 2320 συμ-

211 2332 422 2405 ϐουλὴν
457 2336 485 2391 6
520 2334 772 2411 βασιλεὺς
803 2335 903 2391 οὑκ
931 2334 1100 2391 ἄλλον
1135 2336 1263 2392 ἀλλ’
1314 2337 1515 2392 ἐκεῖνον
1568 2337 1726 2391 αὐτὸν
1776 2336 1859 2407 ἐξ-

209 2422 497 2481 απέστειλε
527 2424 831 2500 στρατηγὸν
859 2432 961 2494 τῆς
992 2426 1207 2504 χώρας,
1250 2423 1588 2502 διατάγματα
1637 2424 1857 2500 πέμψας

206 2519 294 2588 τῷ
318 2516 439 2568 τότε
476 2512 812 2587 πρωτεύοντι
844 2513 934 2568 καὶ
966 2519 1079 2571 τοῖς
1121 2512 1313 2578 ἃλλοις
1350 2514 1647 2590 αὑτόχθασι
1701 2512 1860 2568 δυνα-

207 2609 330 2667 τοῖς
362 2602 597 2657 ὑπείκειν
630 2601 775 2672 αύτῷ
821 2598 1228 2664 ἀνενδοιάστως.
1274 2605 1505 2659 ’Έκτοτε
1552 2601 1643 2658 οὖν
1698 2602 1859 2678 ἐκρά-

204 2714 343 2764 τησε
374 2690 716 2767 στρατηγοὺς
750 2690 824 2752 είς
857 2692 1109 2765 Χερσῶνα
1138 2690 1463 2764 πέμπεσθαι.

284 2786 372 2854 Τῷ
405 2780 452 2834 δ’
482 2780 685 2835 ἐπιόντι
718 2778 948 2852 ἐνιαυτῷ
979 2786 1078 2848 τῆς
1117 2778 1340 2853 ἐαρινῆς
1371 2780 1667 2849 ἐπιστάσης
1714 2778 1860 2854 ὥρας

213 2869 377 2943 ἔξεισι
416 2871 553 2925 κατά
578 2874 686 2925 τῶν
757 2872 1070 2945 Ἀγαρηνῶν
1130 2871 1158 2924 ὁ
1191 2868 1454 2946 Θεόφιλος
1510 2870 1643 2944 μετᾶ
1700 2867 1861 2924 δυνά-

220 2982 367 3037 μεως
398 2960 488 3016 καὶ
519 2959 709 3036 χειρὸς
737 2959 982 3030 πολλῆς.
1023 2959 1241 3036 ΙΙρόεισι
1274 2958 1331 3015 δέ
1373 2958 1706 3036 ποῤῥωτέρω
1756 2967 1856 3029 τῆς

215 3050 448 3127 Συρίας,
479 3050 674 3126 κείρων
704 3051 849 3121 ὁμοῦ
876 3051 978 3119 τήν
1009 3056 1113 3126 γῆν
1145 3052 1232 3105 καὶ
1267 3053 1486 3125 πορθῶν
1526 3049 1615 3104 καὶ
1665 3054 1769 3103 πᾶν
1796 3049 1858 3103 τὸ

210 3140 526 3218 προστυχὸν
610 3138 959 3211 ληϊζόμενος.
1059 3138 1253 3201 Πόλεις
1320 3159 1379 3194 τε
1447 3138 1550 3214 γὰρ
1608 3139 1858 3212 πολέμου

204 3231 369 3303 νόμῳ
394 3228 627 3305 κατέσχε
657 3226 752 3284 δύο
780 3230 871 3283 καὶ
919 3226 1377 3301 ἠνδραποδίσατο,
1425 3230 1514 3283 καὶ
1572 3226 1739 3297 αὒτήν
1801 3225 1857 3282 δὲ

1970 2073 2251 2143 temporis
2291 2090 2467 2128 nemo
2510 2080 2850 2131 nostrorum
2899 2094 2967 2133 eo
3000 2078 3214 2132 missus
3262 2078 3472 2143 fuerat,
3507 2076 3610 2131 sed

1969 2160 2248 2233 indigena
2276 2163 2493 2234 aliquis
2518 2166 2758 2220 nomine
2790 2167 3053 2236 primarii
3079 2167 3376 2221 civitatem
3403 2166 3612 2238 guber-

1968 2261 2156 2305 narat.
2190 2253 2517 2323 Imperator
2565 2254 2889 2325 approbato
2922 2256 3033 2310 hoc
3081 2256 3330 2310 consilio
3362 2255 3474 2326 ipsi
3507 2257 3614 2309 Pe-

1968 2346 2154 2397 tronaa
2187 2344 2548 2413 provinciam
2587 2345 2739 2400 hanc
2783 2347 3122 2414 committit,
3156 2346 3451 2415 mittitque
3481 2362 3609 2400 eum

1968 2447 2036 2485 eo
2070 2447 2203 2485 cum
2235 2433 2532 2487 mandatis
2562 2434 2633 2489 ad
2660 2433 3009 2504 primarium
3043 2433 3429 2504 reliquosque
3460 2433 3612 2487 indi-

1966 2535 2144 2591 genas
2176 2537 2472 2591 proceres,
2507 2523 2775 2577 Petronaa
2798 2539 2897 2577 eos
2927 2522 3083 2577 dicto
3114 2522 3241 2577 sine
3274 2522 3614 2593 tergiversa-

1966 2608 2127 2663 tione
2160 2608 2469 2663 audientes
2502 2626 2629 2664 esse
2652 2609 3022 2680 jubentibus.
3053 2612 3134 2664 Ex
3166 2627 3234 2664 eo
3267 2609 3526 2664 obtinuit
3544 2613 3610 2663 ut

1965 2697 2225 2767 praefecti
2256 2698 2616 2753 Chersonam
2640 2699 2971 2754 mittantur.

2038 2785 2351 2855 Sequentis
2378 2787 2519 2841 anni
2551 2803 2682 2841 vere
2714 2792 3050 2858 appetente,
3082 2787 3443 2858 Theophilus
3482 2803 3611 2842 ma-

1967 2875 2095 2945 gnis
2152 2891 2287 2928 cum
2346 2874 2532 2945 copiis
2608 2875 2887 2930 adversus
2960 2878 3259 2947 Agarenos
3316 2876 3612 2947 profectus

1965 2962 2246 3017 vastando
2272 2979 2338 3017 ac
2389 2962 2785 3033 depraedando
2818 2964 2991 3019 obvia
3040 2981 3289 3035 quaeque
3324 2965 3495 3037 longe
3526 2969 3617 3019 est

1966 3051 2027 3104 in
2060 3050 2284 3122 Syriam
2318 3068 2682 3123 progressus,
2706 3052 2935 3107 duabus
2964 3053 3144 3107 etiam
3171 3053 3416 3107 urbibus
3439 3069 3614 3124 expu-

1966 3140 2179 3211 gnatis,
2214 3139 2676 3211 hominibusque
2719 3140 2857 3196 inde
2895 3142 3140 3213 captivis
3172 3142 3461 3197 abductis.
3494 3144 3615 3197 Ex-

1966 3229 2250 3302 pugnavit
2273 3229 2463 3300 ipsam
2487 3246 2723 3300 quoque
2756 3232 3149 3302 Sozopetram,
3189 3247 3616 3285 amermumnm

203 3320 309 3388 τήν
342 3319 648 3393 λεγομένην
693 3321 776 3393 [Ρ.
834 3320 960 3392 529]
1003 3319 1361 3392 Σωζόπετραν
1412 3316 1856 3392 ἐξεπολιόρκησε,

1975 3318 2247 3389 patriam,
2280 3318 2499 3373 frustra
2520 3317 2622 3372 illo
2646 3335 2752 3389 per
2774 3319 2999 3374 litteras
3021 3319 3275 3375 multum
3303 3320 3616 3390 deprecato

206 3407 446 3483 πατρίδα
499 3409 872 3485 τυγχάνουσαν
958 3412 1055 3462 τοῦ
1140 3409 1529 3482 ἆμερμουμνῆ·
1602 3408 1733 3482 ὑπὲρ
1792 3408 1857 3476 ἧς

208 3500 403 3558 πολλᾶ
437 3497 736 3570 κατεδεήθη
791 3497 881 3554 διὰ
937 3498 1282 3574 γραμμάτων
1340 3496 1521 3569 οὗτος,
1580 3496 1866 3576 φείσασθαι

215 3588 591 3666 ἐκλιπαρήσας
620 3596 719 3658 τῆς
750 3588 942 3643 ἑαυτοῦ
995 3585 1278 3663 πατρίδος,
1329 3587 1373 3642 εἰ
1424 3586 1514 3642 καὶ
1568 3588 1644 3661 μὴ
1695 3607 1865 3662 προσ-

219 3681 352 3755 έσχε
406 3684 522 3742 τοῖς
568 3675 939 3754 γραφομένοις
972 3678 1000 3732 ὁ
1032 3676 1308 3753 βασιλεύς.
1364 3679 1465 3731 Καὶ
1510 3680 1677 3731 ταῦτα
1726 3673 1867 3731 διοι-

214 3769 525 3842 κησάμενος
573 3766 811 3823 ἐπάνεισι
852 3767 990 3842 πρὸς
1037 3767 1137 3835 τὴν
1189 3764 1579 3842 βασιλεύουσαν
1613 3766 1642 3821 6
1673 3764 1865 3845 Θεόφι-

216 3855 341 3928 λος,
371 3856 465 3912 τὸν
498 3852 771 3930 Θεόφοόον
802 3854 1031 3911 κατόπιν
1067 3853 1249 3909 λιπὼν
1293 3852 1375 3931 ἐφ’
1406 3852 1451 3926 ᾧ
1484 3874 1542 3909 τε
1593 3850 1865 3917 διαθέσθαι

208 3946 281 4001 τὰ
308 3949 406 3999 τοῦ
436 3948 668 4017 στρατοῦ
716 3941 902 4004 καλῶς
957 3943 1049 3997 καὶ
1111 3941 1200 3997 διὰ
1251 3942 1459 4018 τάχους
1511 3943 1648 4016 πρὸς
1704 3941 1865 3997 αὐτὸν

217 4028 642 4104 ἐπαναδραμεῖν.
673 4028 827 4086 Ἀλλ’
883 4031 936 4084 o't
989 4031 1187 4104 Πέρσαι
1248 4026 1338 4083 διὰ
1391 4032 1490 4098 τήν
1548 4033 1657 4084 τῶν
1717 4035 1864 4106 σφῶν

214 4117 542 4191 σιτηρεσίων
577 4121 690 4189 (l0)
759 4118 1043 4193 ὑστέρησιν
1095 4114 1246 4179 ὄντες
1303 4118 1615 4193 περιαλγεῖς
1664 4116 1716 4172 ἐν
1772 4124 1865 4171 Σι-

210 4209 374 4283 νώπῃ
409 4208 704 4286 συσχόντες
759 4205 851 4260 τὸν
912 4201 1186 4283 Θεόφοϐον
1244 4204 1469 4280 βασιλέα
1524 4208 1612 4261 καὶ
1669 4205 1867 4261 ἄκοντα

208 4298 572 4372 ἆνεκήρυξαν,
640 4294 828 4351 πολλὰ
896 4295 1231 4371 λιπαροῦντα
1322 4297 1411 4350 καὶ
1492 4296 1865 4366 ποτνιώμενον

212 4388 557 4466 ἀποσχέσθαι
585 4392 687 4455 τῆς
746 4385 1006 4455 τοιαύτης
1066 4386 1266 4460 ὁρμῆς,
1324 4385 1415 4440 καὶ
1471 4383 1867 4441 ἐπαπειλοῦντα

218 4476 367 4533 δεινᾶ
395 4478 674 4533 πείσεσθαι
702 4473 931 4537 τούτους
961 4474 1085 4529 ὅσον
1121 4470 1274 4528 οῧπω
1323 4475 1485 4549 χάριν
1538 4479 1640 4529 τοῦ
1683 4474 1868 4529 τοιού-

210 4589 310 4624 του
335 4566 518 4640 τολμή
532 4586 719 4638 ματος.
754 4566 846 4625 Ὠς
879 4561 926 4619 δ’
958 4562 1019 4618 οὐ
1050 4567 1352 4642 προσεῖχον
1383 4564 1533 4635 αὑτῷ
1580 4562 1708 4620 ἀλλ’
1759 4562 1864 4639 ὅλῃ

208 4657 403 4732 γνώμῃ
469 4654 558 4709 καὶ
612 4652 925 4730 προαιρέσει
982 4655 1081 4707 τοῦ
1139 4651 1548 4727 ἐγχειρήματος
1619 4650 1863 4727 εἴχοντο,

216 4743 393 4817 λάθρα
420 4745 485 4799 τὰ
511 4741 834 4808 τελεσθέντα
872 4739 1235 4819 γνωρίζειτῷ
1285 4740 1523 4816 βασιλεῖ,
1571 4740 1664 4795 καὶ
1712 4740 1863 4816 ἐνόρ-

211 4852 323 4894 κως
379 4831 723 4908 πληροφορεῖ
771 4832 846 4893 ὡς
900 4830 999 4885 οὐκ
1047 4830 1231 4898 αὐτὸς,
1275 4831 1326 4884 οἱ
1385 4831 1587 4905 Πέρσαι
1644 4826 1702 4885 δὲ
1757 4834 1865 4885 τῶν

216 4920 604 4992 τολμηθέντων
674 4920 867 4975 αἴτιοι.
932 4919 1037 4976 Καὶ
1092 4917 1217 4973 τότε
1314 4919 1409 4991 μὲν
1500 4920 1600 4988 τήν
1665 4917 1867 4974 ἐκείνου

216 5008 532 5087 προαίρεσιν
568 5010 594 5061 6
628 5008 888 5083 βασιλεὺς
927 5004 1277 5082 ἀποδέχεται,
1329 5007 1421 5062 καὶ
1471 5008 1606 5083 πρὸς
1652 5008 1719 5062 τὰ
1769 5009 1868 5084 βα-

217 5100 401 5158 σίλεια
430 5097 589 5152 αὑτὸν
630 5094 889 5165 εἰσκαλεῖ,
923 5097 1021 5165 τήν
1066 5095 1333 5170 προτέραν
1383 5095 1678 5171 εὑκληρίαν
1732 5097 1866 5152 ἀπο-

216 5186 427 5255 διδοὺς,
460 5186 785 5261 συγγνώμην
819 5183 877 5241 δὲ
908 5180 1075 5241 ἅπασι
1102 5190 1220 5247 τοῖς
1262 5184 1492 5260 Πέρσαις
1539 5182 1731 5240 δίδωσι
1778 5187 1868 5240 καὶ

213 5281 398 5335 κακῶν
457 5273 782 5349 ἀμνηστίαν.
840 5272 954 5332 Οὐκ
1009 5274 1097 5329 καὶ
1156 5274 1474 5338 πεισθέντας
1557 5279 1679 5335 ταῖς
1733 5273 1866 5329 ὑπο-

1969 3411 2035 3461 ut
2066 3422 2186 3461 sum
2218 3407 2422 3478 patriae
2453 3414 2741 3478 parceret.
2777 3408 2877 3462 His
2907 3409 3088 3481 gestis
3124 3409 3450 3479 imperator
3476 3408 3618 3480 Cpo-

1969 3498 2054 3552 lin
2086 3498 2260 3565 redit,
2311 3497 2520 3551 relicto
2569 3498 2948 3569 Theophobo,
2982 3499 3126 3552 931
3171 3500 3269 3569 qui
3321 3499 3616 3554 exercitus

1969 3586 2148 3641 rebus
2179 3586 2516 3640 constitutis
2543 3602 2722 3657 quam
2771 3586 3031 3657 primum
3066 3592 3124 3641 et
3152 3586 3277 3657 ipse
3315 3603 3382 3641 eo
3413 3604 3619 3641 recur-

1968 3681 2148 3729 reret.
2179 3676 2471 3729 Caeterum
2502 3676 2697 3729 Persaa
2721 3675 3097 3745 iniquissime
3119 3675 3377 3730 ferentes
3399 3676 3625 3731 tardius

1971 3764 2083 3819 sibi
2114 3763 2257 3817 solvi
2290 3762 2606 3834 stipendia,
2640 3763 2875 3834 Sinopaa
2908 3764 3401 3834 comprehensum
3433 3764 3620 3819 Theo-

1970 3852 2230 3925 phobum
2262 3852 2637 3923 imperatoris
2684 3851 2855 3906 titulo
2905 3851 3195 3919 afficiunt,
3227 3852 3619 3907 reluctantem

1972 3960 2112 3999 sane
2144 3943 2467 4013 multisque
2497 3940 2691 3995 verbis
2724 3957 2790 3995 ac
2820 3940 3078 4011 querelis
3116 3957 3217 3996 eos
3248 3940 3319 3996 ab
3347 3942 3618 3997 instituto

1971 4032 2407 4100 debortantem,
2440 4031 2890 4100 minantemque
2937 4046 3040 4084 eos
3091 4036 3333 4101 propter
3364 4030 3422 4085 id
3464 4031 3619 4086 haud

1971 4121 2161 4176 multo
2221 4126 2354 4191 post
2406 4135 2609 4191 graves
2680 4135 2882 4189 pmnas
2951 4118 3211 4173 daturos.
3267 4118 3431 4184 Quod
3488 4137 3623 4176 cum

1971 4208 2190 4262 frustra
2222 4224 2281 4262 se
2313 4208 2506 4261 facere
2554 4206 2798 4273 videret,
2830 4205 2973 4277 ipsis
3018 4211 3141 4260 toto
3184 4206 3385 4262 animo
3431 4208 3627 4262 omni-

1973 4314 2085 4368 que
2118 4301 2333 4351 conatu
2385 4296 2753 4367 propositum
2808 4294 3177 4366 urgentibus,
3220 4296 3449 4351 occulte
3494 4314 3621 4351 rem

1972 4387 2317 4457 imperatori
2351 4385 2664 4456 signiﬁcat,
2689 4384 3085 4455 jurejurando
3113 4385 3475 4439 conﬁrmans
3504 4403 3624 4441 non

1973 4493 2057 4543 se,
2091 4491 2292 4529 verum
2340 4476 2553 4528 Persas
2599 4473 2881 4528 facinoris
2929 4472 3108 4543 hujus
3157 4479 3429 4529 auctores
3472 4491 3621 4531 esse.

1970 4566 2053 4619 Ac
2082 4569 2207 4617 tum
2232 4562 2472 4632 quidem
2501 4560 2862 4632 Theophilus
2892 4560 3255 4615 voluntatem
3281 4561 3624 4634 Theophobi

1975 4650 2339 4723 approbavit,
2373 4656 2432 4705 et
2462 4650 2521 4703 in
2554 4649 2750 4704 aulam
2782 4653 3055 4703 revocato
3086 4647 3403 4720 pristinam
3433 4650 3623 4723 digni-

1978 4745 2157 4794 tatem
2189 4738 2467 4794 restituit.
2504 4737 2700 4792 Persis
2733 4753 2968 4807 quoque
3009 4736 3211 4792 delicti
3253 4739 3504 4810 gratiam
3529 4740 3624 4795 fe-

1978 4830 2058 4885 cit
2087 4834 2145 4884 et
2192 4828 2550 4901 injuriarum
2604 4826 2962 4882 oblivionem
3014 4827 3307 4898 promisit.
3348 4828 3457 4892 Qui
3488 4846 3626 4885 cum

1979 4917 2156 4974 ﬁdem
2189 4916 2470 4990 pollicitis
2495 4916 2783 4971 habentes
2814 4914 3032 4985 Sinopa
3062 4915 3455 4983 discederent,
3486 4916 3627 4972 divi-

1977 5006 2119 5063 dere
2150 5024 2249 5061 eos
2285 5006 2511 5071 statuit,
2544 5022 2618 5059 ne
2650 5009 2815 5060 tanta
2843 5003 3160 5058 multitudo
3193 5006 3209 5075 ζ
3217 5020 3353 5058 nam
3393 5020 3628 5059 summa

1979 5112 2183 5153 eorum
2214 5095 2286 5150 ad
2319 5095 2560 5167 triginta
2589 5093 2780 5147 millia
2810 5092 3103 5165 surgebat)
3136 5092 3313 5146 simul
3349 5091 3625 5162 degeret;

1976 5186 2225 5256 utilique
2256 5183 2509 5239 consilio
2531 5182 2670 5238 bina
2700 5181 2761 5236 in
2790 5181 3052 5253 singulas
3084 5180 3416 5251 provincias
3438 5180 3629 5237 millia

1978 5274 2200 5338 divisit,
2234 5272 2335 5343 qui
2369 5271 2476 5328 sub
2529 5287 2731 5327 earum
2781 5268 3075 5340 praefectis
3123 5273 3341 5325 essent.
3369 5269 3504 5324 Haac
3534 5287 3629 5327 res

1423 5416 1787 5474 XYLANDRI
1836 5417 1923 5473 ET
1960 5415 2178 5472 GOARI
2218 5414 2439 5470 ΝΟΤΑΞ.

292 5566 371 5632 (9)
410 5559 636 5632 Funda,
669 5553 952 5631 σφενδόνη,
985 5557 1148 5632 locus
1207 5563 1296 5613 est
1346 5558 1407 5612 in
1463 5557 1650 5632 Circo,
1674 5558 1871 5632 __cujus

224 5644 282 5695 et
303 5630 453 5693 alibi
485 5631 642 5706 apud
672 5630 947 5706 Nostrum
978 5635 1036 5684 et
1054 5630 1349 5706 _Z_onaram
1382 5630 1631 5706 mentio,
1672 5630 1811 5706 er.

298 5707 409 5781 (10)
443 5699 656 5762 Notum
687 5706 779 5759 est
805 5701 889 5758 ita
917 5700 1072 5773 apud
1103 5701 1418 5758 historicos
1466 5699 1721 5756 militum
1748 5700 1872 5773 [sti-

1979 5556 2438 5682 pendiaxvocari,
2475 5555 2630 5626 quod
2680 5551 2938 5609 maxima
2984 5567 3190 5608 eorum
3221 5551 3283 5607 in
3307 5554 3463 5611 victu
3495 5571 3630 5625 pars

1983 5633 2160 5682 esset.
2244 5644 2328 5682 η.

1983 5633 2160 5684 esset.
2192 5633 2328 5682 XYL.
