4056 6276
318 377 471 437 1017

1448 372 1989 437 HISTORIARUM
2034 373 2573 440 COMPENDIUM.

3553 369 3712 429 1018

311 509 455 584 πρὸς
508 507 804 585 ἀνίσχοντα
859 506 1022 576 ἣλιον
1081 508 1483 581 συνιστάμενον.
1545 505 1839 579 Γενόμενος
1900 501 1956 558 δὲ

2070 510 2510 566 numerosiores
2536 509 2810 583 conjecit,
2846 512 3124 563 monente
3170 505 3408 563 interim
3438 501 3708 558 Manuelo

310 599 450 654 κατά
510 596 601 651 τὸν
663 596 806 651 οὕτω
865 595 1162 671 λεγόμενον
1214 601 1398 672 χῶρον
1460 595 1632 665 Ἀνζὶν
1695 594 1951 666 ἐπεθύμει

308 688 747 743 κατασκοπεῦσαι
776 684 883 759 πρὸ
912 689 1008 740 τοῦ
1039 683 1289 759 πολέμου
1346 682 1438 739 καὶ
1484 690 1585 753 τῆς
1635 676 1952 756 προσϐολῆς

311 777 375 832 τὸ
403 778 511 828 τῶν
548 771 797 828 ἐναντίων
832 771 1125 846 ἄθροισμα.
1184 772 1283 834 Εῗς
1319 793 1441 827 τινα
1484 768 1541 826 δὲ
1599 768 1950 845 ὑψηλοτάτην

310 863 595 932 περιωπὴν
632 861 735 916 ὑπὸ
765 866 861 916 τοῦ
893 858 1217 935 δομεστίκου
1266 866 1372 916 τῶν
1425 859 1648 935 σχολῶν
1697 857 1952 933 ἀναχθεὶς

315 951 582 1020 Μανουὴλ
611 951 934 1005 κατεσκόπει
990 951 1052 1005 τὸ
1107 949 1320 1019 πλῆθος
1372 955 1478 1005 τῶν
1537 947 1809 1017 ἐναντίων,
1862 946 1954 1001 καί

306 1063 427 1103 πως
458 1040 518 1095 ἐκ
546 1043 866 1115 στοχασμοῦ
928 1039 1224 1114 βαρύτερον
1284 1037 1459 1094 ἐδόκει
1514 1037 1578 1092 τὸ
1633 1041 1741 1092 τῶν
1802 1034 1948 1090 ἐναν-

308 1131 440 1187 τίων
474 1128 709 1199 πλῆθος.
745 1127 899 1185 Ἀλλ’
929 1130 957 1182 6
1005 1126 1290 1196 Μανουήλ.
1357 1128 1445 1196 Μή
1498 1128 1634 1203 πρὸς
1690 1126 1751 1180 τὸ
1808 1122 1952 1194 πλῆ-

317 1223 433 1289 Οος,
461 1220 506 1273 ὦ
540 1216 787 1294 βασιλεῦ,
816 1212 1118 1286 ἀπόϐλεπε,
1149 1217 1285 1291 πρὸς
1320 1214 1377 1271 δὲ
1406 1216 1495 1270 τὸν
1550 1220 1656 1270 τῶν
1709 1212 1952 1290 δοράτων

319 1306 403 1362 δ’,
450 1329 469 1343 ρ
780 1310 808 1321 ..
1003 1309 1030 1323 ..
1160 1310 1186 1319 ..
1299 1306 1312 1321 ς
1477 1306 1491 1333 ε
1685 1307 1698 1327 ,
1748 1325 1783 1336 __
1819 1304 1833 1324 ς
1926 1304 1940 1319 .

376 1320 526 1383 αθρει
586 1306 886 1380 καλαμωνα
946 1309 1054 1379 (to)
1121 1328 1226 1360 των
1289 1324 1627 1381 αμψοτερων.
1703 1309 1835 1358 Εηει
1894 1299 1951 1357 δε

314 1397 669 1472 ἷσχυρότερος
723 1393 957 1449 ἐδόκειὸ
1015 1398 1122 1449 τῶν
1182 1393 1427 1449 ἐναντίων
1488 1396 1734 1468 στρατὸς,
1794 1387 1952 1446 ἐϐου-

316 1486 504 1542 λεύετο
536 1487 684 1545 ὅπως
713 1482 776 1539 ἄν
809 1484 993 1548 αὐτοῖς
1023 1482 1273 1553 ἐπίθηται
1324 1482 1457 1557 μετὰ
1506 1480 1693 1539 δόλου.
1742 1482 1803 1539 Ὀ
1857 1480 1952 1553 μὲν

313 1575 403 1630 οὖν
438 1573 703 1642 Μανουήλ
733 1570 845 1645 ἅμα
874 1577 952 1644 τῷ
984 1567 1245 1645 Θεοφόϐῳ
1283 1572 1471 1633 νυκτὸς
1513 1571 1788 1634 ἐπιθέσθαι
1818 1572 1947 1626 τού-

310 1684 427 1725 τοις
457 1662 709 1738 παρῄνει,
744 1663 795 1716 οἱ
828 1658 872 1715 δ’
915 1658 1077 1715 ἄλλοι
1116 1665 1221 1715 τῶν
1257 1665 1575 1737 στρατηγῶν
1609 1660 1817 1734 ἡμέρας
1848 1661 1947 1729 τήν

310 1747 602 1825 συμϐολὴν
637 1752 878 1827 γενέσθαι
917 1747 1272 1825 προέτρεπον,
1327 1749 1409 1812 οἷς
1469 1748 1749 1803 ἐπέπειστο
1802 1748 1889 1803 καὶ
1920 1750 1947 1803 6

2065 611 2140 648 ne
2171 597 2615 654 multitudinem
2668 598 2773 654 sed
2820 597 3125 652 hastarum
3181 594 3488 664 utriusque
3525 589 3710 663 partis

2062 690 2320 755 segetem
2338 688 3084 757 consideraret.Postquam
3105 684 3360 739 hostium
3384 681 3709 736 exercitum

2059 777 2459 833 robustiorem
2481 796 2586 834 suo
2602 779 2893 849 judicavit
2910 775 3293 848 Theophilus,
3317 774 3709 829 deliberatum

2063 871 2151 922 est
2197 867 2494 937 quomodo
2546 886 2680 923 eum
2735 867 2868 922 dolo
2919 866 3154 939 aggredi
3202 868 3419 937 posset.
3465 862 3527 917 Id
3575 877 3710 916 cum

2061 960 2238 1009 noctu
2276 956 2607 1011 faciendum
2652 956 2957 1011 Manuelus
2984 972 3049 1010 ac
3079 953 3471 1024 Theophobus
3501 966 3711 1006 cense-

2059 1050 2215 1111 rent,
2248 1045 2462 1115 reliqui
2489 1044 2671 1099 duces
2702 1044 2961 1100 interdiu
2983 1042 3417 1114 confligendum
3445 1054 3706 1108 suasere,

2060 1133 2275 1205 quibus
2307 1139 2366 1187 et
2395 1134 2718 1204 imperator
2764 1132 3037 1187 assensit.
3072 1131 3188 1185 Hac
3238 1147 3372 1201 ergo
3412 1127 3710 1183 sententia

2058 1220 2322 1292 prmlata,
2350 1220 2543 1292 prima
2582 1220 2713 1275 luce
2763 1219 3031 1292 praelium
3066 1218 3423 1273 acerrimum
3473 1221 3559 1270 est
3588 1215 3704 1269 ini-

2060 1315 2206 1364 tum.
2258 1310 2381 1374 Quo
2432 1310 2492 1364 in
2542 1310 2746 1381 prmlio
2806 1325 2939 1363 cum
2990 1306 3383 1378 imperatoriae
3433 1304 3706 1359 cohortes

2060 1398 2297 1452 fortiter
2363 1403 2681 1469 punarent,
2738 1397 3025 1453 lsmaelici
3085 1396 3235 1467 fugae
3278 1411 3337 1449 se
3394 1393 3706 1448 dederunt.

2056 1487 2259 1542 Turcis
2307 1487 2463 1542 934
2510 1493 2707 1542 autem
2761 1485 2999 1541 assiduo
3058 1485 3405 1544 sagittarum
3455 1498 3567 1535 usu
3613 1482 3702 1534 in-

2060 1577 2353 1631 stantibus
2410 1578 2823 1647 Romanosque
2881 1574 2951 1629 ab
3011 1574 3378 1629 inseeutioue
3441 1571 3705 1626 hostium

2056 1664 2502 1736 repellentibus,
2536 1671 2760 1720 mutata
2788 1670 2875 1718 est
2904 1681 3112 1735 pugnae
3144 1662 3398 1715 fortuna.
3424 1661 3565 1714 Nam
3600 1660 3707 1714 Ro-

2057 1770 2248 1809 manm
2300 1754 2558 1825 legiones
2604 1754 2723 1807 vim
2771 1752 3147 1806 Turcicarum
3198 1750 3541 1821 sagittarum
3583 1763 3703 1801 non

314 1839 832 1916 βασιλε·3ς.Τα·5της
888 1837 944 1893 δὲ
1002 1837 1444 1913 ἐπικρατεστέρας
1503 1838 1792 1912 γενομένης
1848 1845 1945 1908 τῆς

2070 1842 2441 1909 sustinentes,
2468 1841 2701 1897 deserto
2723 1842 3101 1912 imperatore,
3126 1840 3419 1911 fugerunt,
3454 1836 3703 1891 ducibus

310 1931 564 2003 γνώμης,
601 1929 674 1990 ὡς
706 1925 814 1999 ἤδη
863 1927 1042 2002 ἡμέρα
1086 1926 1386 2001 ἐπέλαμπε,
1441 1927 1594 2003 μάχη
1643 1927 1950 2003 συρῥτξγνυ-

2070 1931 2364 2004 legionum
2397 1937 2456 1985 et
2482 1933 2677 1986 Persis
2708 1931 2859 1985 nihil
2890 1930 2948 1985 in
2989 1948 3049 1983 se
3084 1928 3197 1984 tale
3228 1925 3703 1991 admittentibus,

305 2041 393 2074 nt
426 2012 651 2095 ςξοὸερά.
704 2017 807 2073 Καὶ
848 2021 955 2070 τῶν
1007 2015 1306 2092 βασιλικῶν
1355 2016 1647 2093 ταγμάτων
1704 2013 1951 2088 είδθῦμως

315 2107 725 2181 ἀγωνιζομένων
779 2105 830 2159 οἱ
883 2103 1228 2177 Ἰσμαηλῖται
1292 2102 1564 2159 ἐνέκλιναν
1618 2103 1693 2166 εἰς
1746 2106 1948 2183 φυγήν.

315 2200 446 2253 Τῶν
490 2192 546 2249 δὲ
585 2193 843 2269 Τούρκων
878 2193 1153 2268 ἐπιμόνως
1188 2195 1490 2269 χρωμένων
1533 2197 1600 2266 τῇ
1641 2192 1816 2263 τοξείᾳ
1861 2193 1950 2247 καὶ

312 2286 376 2339 τὸ
452 2281 789 2337 καταδιῶκον
864 2286 973 2337 τῶν
1073 2282 1359 2355 Ῥωμαίων
1458 2282 1955 2357 ἀνακεκρουκότων,

321 2371 691 2445 παλίντροπον
727 2365 922 2438 συνέϐη
964 2370 1208 2445 γενέσθαι
1256 2372 1355 2441 τὴν
1405 2369 1613 2445 μάχην
1668 2372 1742 2443 μὴ
1795 2366 1956 2424 δυνά-

326 2462 605 2537 μενοιγὲιρ
635 2462 685 2515 o't
718 2463 981 2533 Ῥωμαῖοι
1040 2460 1104 2515 τὰ
1158 2463 1264 2515 τῶν
1323 2461 1580 2535 Τούρκων
1635 2460 1809 2534 φέρειν
1862 2481 1957 2514 το-

321 2550 557 2625 ξεύματα
586 2554 664 2622 τῷ
725 2549 1022 2623 βάλλεσθαι
1080 2555 1377 2623 καρτερῶς,
1433 2554 1578 2604 νῶτα
1637 2548 1814 2612 δόντες
1867 2548 1958 2603 τὸν

330 2639 557 2716 βασιλέα
585 2637 898 2694 κατέλιπον.
958 2638 1034 2695 Οὐ
1097 2640 1205 2712 μην
1253 2639 1343 2692 καὶ
1402 2639 1453 2692 οἱ
1509 2644 1613 2693 τῶν
1670 2638 1957 2712 ταγμάτων

321 2728 550 2805 ἕξαρχοι
581 2725 694 2782 οὐδ’
726 2727 778 2781 οἱ
811 2728 1006 2801 Πέρσαι
1037 2730 1196 2781 τοῦτο
1228 2725 1524 2801 ἠνέσχοντο
1573 2723 1784 2801 δρᾶσαι,
1815 2725 1961 2781 ἀλλὰ

321 2816 665 2892 περιστάντες
724 2815 814 2871 τὸν
882 2815 1109 2888 βασιλέα
1203 2813 1485 2889 εὐρώστως
1545 2815 1733 2884 σώζειν
1802 2815 1960 2884 ἠπεί-

321 2924 504 2978 γοντο.
539 2905 636 2957 Καὶ
662 2901 758 2957 κᾶν
786 2900 1079 2957 ἀπώλοντο
1120 2899 1395 2974 πανδημεὶ
1450 2902 1500 2957 οἱ
1550 2903 1671 2976 περὶ
1720 2904 1810 2957 τὸν
1863 2904 1959 2976 βα-

326 2991 504 3063 σιλέα,
533 2991 579 3046 εἰ
614 2993 688 3064 μὴ
722 2989 809 3064 νὺξ
841 2988 1048 3059 ἐπῆλθε
1075 2991 1163 3045 καὶ
1217 2989 1429 3066 βραχὺς
1476 2989 1527 3061 ἐξ
1572 2990 1805 3066 οὐρανοῦ
1834 3010 1965 3045 κατ-

320 3081 531 3159 ηνέχθη
568 3080 718 3140 ὑετὸς
748 3078 839 3134 καὶ
882 3078 977 3140 τὰς
1025 3079 1122 3154 μὲν
1171 3079 1357 3154 νευρὰς
1408 3083 1514 3135 τῶν
1559 3081 1726 3154 τόξων
1787 3079 1962 3153 χαλα-

316 3169 411 3239 pi;
434 3170 744 3245 εἰργάσατο,
774 3173 893 3230 τοῖς
925 3164 982 3222 δὲ
1038 3167 1341 3241 Ῥωμαίοις
1386 3166 1561 3224 ἄνεσιν
1601 3170 1700 3238 τὴν
1749 3169 1809 3223 ἐκ
1852 3173 1959 3223 τῶν

2061 2019 2164 2074 sed
2196 2020 2612 2091 imperatorem
2647 2019 3018 2092 cingentibus
3049 2035 3117 2073 ac
3155 2034 3259 2088 pro
3292 2033 3359 2069 eo
3392 2031 3625 2069 summa
3648 2013 3702 2067 vi

2064 2109 2519 2164 decertantibus.
2556 2111 2625 2163 Et
2655 2110 2892 2180 quidem
2920 2115 3059 2163 tunc
3082 2109 3403 2179 imperator
3423 2122 3556 2159 cum
3585 2103 3705 2158 suis

2064 2198 2368 2253 occidione
2398 2215 2584 2252 cmsus
2635 2197 2861 2263 fuisset,
2897 2198 3010 2251 nisi
3054 2201 3110 2250 et
3139 2212 3257 2249 nox
3301 2194 3619 2265 ingruisset
3650 2195 3708 2245 et

2064 2287 2263 2359 pluvia
2323 2287 2531 2358 exigua
2589 2286 2785 2341 delata
2831 2302 3042 2339 nervos
3086 2300 3328 2340 arcuum
3386 2285 3709 2336 Turcorum

2067 2375 2436 2430 relaxasset:
2493 2391 2608 2444 quo
2666 2374 2883 2429 factum
2940 2379 3002 2427 ut
3060 2372 3307 2428 Romani
3367 2370 3712 2441 sagittarum

2068 2462 2300 2517 liberati
2334 2468 2519 2528 metu,
2553 2462 2762 2517 salutis
2803 2461 3081 2533 paranda:
3131 2459 3502 2514 occasionem
3534 2457 3714 2511 habe-

2069 2557 2223 2607 rent.
2253 2551 2551 2605 Concnbia
2580 2557 2752 2605 nocte
2775 2551 3079 2605 Manuelus
3101 2549 3240 2603 dum
3266 2546 3546 2601 excubias
3569 2546 3713 2612 obit,

2069 2644 2280 2696 Persas
2340 2657 2471 2694 cum
2542 2640 2849 2695 Saracenis
2925 2641 3189 2711 ipsorum
3265 2637 3467 2697 lingua
3538 2636 3718 2690 sentit

2073 2730 2338 2799 colliqui,
2376 2729 2656 2800 pacisque
2697 2746 2829 2783 cum
2862 2729 2935 2783 iis
2966 2728 3036 2782 de
3085 2725 3388 2798 prodendo
3420 2728 3717 2780 Rmnano-

2074 2836 2204 2873 rum
2234 2822 2440 2871 exortu
2473 2823 2529 2871 et
2579 2817 2899 2888 repetenda
2940 2816 3150 2887 patria.
3188 2815 3247 2868 1d
3291 2813 3489 2867 statim
3530 2812 3720 2882 aperit

2075 2906 2441 2977 imperatori,
2473 2922 2727 2976 eumque
2760 2906 3030 2959 hortatur
3051 2909 3115 2959 ut
3145 2920 3280 2957 cum
3313 2902 3557 2956 delectis
3586 2901 3722 2973 fuga

2076 2994 2188 3050 sibi
2219 2994 2509 3059 consulat,
2542 3010 2616 3047 ne
2652 2994 2710 3047 in
2742 2993 2999 3047 hostium
3034 2991 3336 3062 perveniat
3389 3006 3620 3044 manus.
3655 2991 3726 3043 Et

2077 3082 2463 3155 respondenti
2498 3082 2839 3153 imperatori
2893 3082 3019 3136 ﬁeri
3061 3082 3169 3135 hoc
3199 3081 3292 3133 vix
3342 3095 3535 3149 posse,
3568 3094 3723 3150 prm-

2077 3172 2281 3227 sertim
2313 3170 2591 3242 perituris
2622 3171 2719 3241 qui
2746 3187 2899 3224 nunc
2933 3169 3021 3225 sui
3046 3185 3221 3223 causa
3244 3184 3444 3222 secum
3477 3167 3722 3222 mansis-

320 3256 498 3325 βελῶν
529 3255 884 3333 περιεποίησε
931 3256 1021 3311 καὶ
1070 3256 1344 3332 σωτηρίας
1392 3255 1645 3313 ἐνέδωκεν
1684 3256 1955 3331 ἀφορμάς.

2072 3265 2241 3316 sent:
2274 3236 2396 3314 Tibi
2432 3236 2857 3330 modo,-inquit
2902 3259 3053 3312 Deus
3100 3258 3351 3312 salutem
3396 3255 3717 3310 concedat:

323 3348 405 3418 [Ρ.
439 3347 564 3418 531]
595 3344 817 3409 Βαθείας
848 3342 905 3399 δὲ
937 3345 1127 3406 νυκτὸς
1178 3344 1499 3418 γενομένης,
1549 3345 1622 3407 ὡς
1666 3344 1956 3420 ἡσχόλητο

322 3435 446 3506 περί
498 3432 593 3494 τὰς
635 3432 880 3511 φυλακᾶς
909 3434 937 3488 ὁ
977 3432 1262 3505 Μανουήλ,
1320 3432 1543 3508 γλώττῃ
1596 3454 1713 3495 πως
1761 3430 1956 3508 ᾔσθετο

317 3528 429 3580 τῶι
464 3524 794 3595 Σαρακηνων
828 3520 954 3585 τοὺς
987 3520 1190 3597 Πέρσας
1248 3526 1363 3584 τοῖς
1412 3528 1751 3598 Σαρακηνοῖς
1799 3543 1955 3578 σπεν-

319 3608 585 3683 δομένους
614 3610 705 3664 καὶ
762 3611 825 3665 τὸ
880 3612 1187 3685 στράτευμα
1223 3614 1330 3665 τῶν
1385 3610 1675 3683 Ῥωμαίων
1719 3607 1958 3681 προδοῦ-

317 3721 404 3754 ναι
432 3699 523 3755 καὶ
554 3700 691 3774 πρὸς
720 3702 821 3768 τήν
873 3698 1234 3775 ἐνεγκαμένην
1286 3695 1754 3772 παλινδρομῆσαι.
1809 3697 1961 3768 Δῆλα

312 3793 444 3865 γοῦν
477 3788 628 3850 εὐθὺς
660 3792 829 3843 ταῦτα
858 3793 1010 3844 ποιεῖ
1036 3793 1116 3861 τῷ
1174 3787 1410 3863 βασιλεῖ,
1454 3788 1544 3842 καὶ
1586 3789 1777 3857 σώζειν
1828 3788 1960 3842 ἑαυ-

308 3879 399 3934 τὸν
437 3878 572 3949 μετᾶ
599 3881 706 3931 τῶν
737 3875 984 3953 λογάδων
1020 3878 1202 3948 ἠξίου,
1242 3877 1332 3932 καὶ
1385 3878 1461 3950 μὴ
1508 3879 1813 3952 περιμένειν
1859 3879 1958 3947 τήν

319 3963 550 4019 ἅλωσιν.
583 3965 692 4019 Τοῦ
724 3960 781 4017 δὲ
817 3964 1109 4037 βασιλέως,
1162 3989 1189 4015 ‹‹
1244 3963 1342 4020 Καῖ
1389 3968 1505 4025 πῶς
1556 3969 1717 4019 τοῦτο
1764 3963 1961 4034 ἔσεται,

321 4053 790 4124 ἐπερωτήσαντος,
844 4056 952 4105 τῶν
1030 4050 1099 4106 δι’
1164 4051 1262 4123 ἐμὲ
1336 4055 1777 4125 προσμεινάντων
1859 4053 1965 4108 ἀπ-

321 4139 605 4211 ολομένων
640 4139 746 4212 (16)
775 4156 788 4207 ;
820 4162 848 4191 ››
882 4134 1179 4194 ὑπολαϐὼν
1232 4140 1260 4193 ὁ
1311 4139 1600 4210 Μανουηλ·
1656 4142 1756 4197 Καὶ
1802 4141 1966 4214 μόνον

316 4222 479 4296 ἴττω,
538 4225 784 4302 βασιλεῦ,
844 4222 972 4305 ἔφη,
1025 4227 1087 4281 τὸ
1143 4228 1407 4297 σώζεσθαι
1466 4227 1525 4283 ἐκ
1599 4233 1753 4297 Θεοῦ,
1813 4230 1964 4287 οὗτοι

314 4314 371 4371 δὲ
400 4315 616 4391 ταχέως
660 4314 726 4370 τὰ
772 4317 892 4370 κατ’
942 4313 1140 4378 αὐτοὺς
1193 4313 1595 4386 διοικήσουσιν,
1657 4319 1784 4389 Ὀψέ
1834 4324 1964 4394 γοῦν

2065 3349 2279 3420 reliqui
2311 3366 2447 3403 mox
2477 3348 2656 3403 rebus
2689 3349 2812 3403 suis
2861 3347 3195 3402 consulent.
3228 3345 3575 3417 Imperatori
3610 3343 3716 3398 sub

2070 3439 2265 3510 ipsum
2297 3437 2537 3492 demum
2571 3436 2898 3491 diluculum
2922 3436 3057 3508 fuga
3090 3435 3286 3505 elapso
3321 3440 3378 3488 et
3408 3433 3481 3487 ad
3510 3432 3720 3487 Chilio-

2069 3541 2303 3583 comum
2354 3525 2603 3597 perlato,
2637 3524 2859 3579 milites
2914 3541 3063 3595 quos
3114 3522 3422 3578 ordinibus
3473 3520 3723 3575 desertis

2067 3620 2124 3671 te
2140 3631 2241 3686 rga
2268 3613 2503 3669 dedisse
2538 3613 3134 3669 commemoravimus
3167 3615 3573 3672 occurrerunt,
3608 3609 3723 3663 fas-

2072 3704 2240 3773 sique
2273 3719 2333 3757 se
2362 3703 2480 3757 vita
2511 3702 2719 3772 dignos
2750 3718 2869 3755 non
2904 3718 3053 3765 esse,
3083 3700 3181 3769 qui
3211 3699 3629 3769 imperatorem
3664 3697 3723 3752 in

2071 3808 2269 3864 pugna
2298 3791 2720 3863 prodidissent,
2753 3791 2903 3846 935
2934 3789 3059 3859 jam
3108 3789 3331 3841 ferrum
3366 3787 3427 3841 in
3467 3802 3528 3841 se
3562 3787 3722 3857 ipsos

2073 3880 2605 3953 stringebant,cum
2628 3879 2951 3950 imperator
2969 3876 3305 3949 spectaculo
3330 3875 3427 3930 illo
3456 3875 3719 3929 animum

2073 3970 2405 4042 perculsus,
2456 3985 2516 4022 se
2579 3968 2858 4022 divinitus
2910 3971 3226 4032 servatum,
3268 3964 3515 4035 proinde
3562 3964 3722 4035 ipsos

2075 4075 2308 4130 quoque
2336 4057 2527 4112 salvos
2559 4056 2683 4112 fore
2716 4055 2884 4109 dixit.
2916 4055 3206 4109 Cmterum
3252 4054 3377 4107 haec
3409 4054 3721 4107 Persarum

2074 4163 2208 4202 cum
2286 4146 2595 4201 Saracenis
2672 4145 2987 4200 collocutio
3052 4143 3312 4198 inimicis
3383 4140 3723 4213 Theophobi

2078 4236 2249 4306 eique
2281 4241 2532 4290 mortem
2562 4233 3040 4289 machinantibus
3089 4233 3349 4288 secunda
3388 4232 3499 4287 fuit
3528 4238 3584 4286 et
3613 4248 3724 4302 0p-

2076 4331 2333 4396 portuna
2363 4324 2435 4379 ad
2467 4323 2953 4379 calumniandum
2985 4322 3235 4377 occasio.

311 4406 533 4461 κατὰτὸ
564 4404 887 4479 περιόρθρον
916 4408 1014 4460 τοῦ
1047 4404 1319 4479 βασιλέως
1351 4410 1497 4482 φυγῇ
1530 4408 1881 4481 χρησαμένου
1938 4411 2029 4465 καὶ
2086 4412 2223 4488 πρὸς
2278 4412 2341 4467 τὸ
2381 4410 2678 4485 λεγόμενον
2737 4409 3113 4482 Χιλιόκωμονο
3173 4411 3281 4482 (17)
3342 4407 3722 4479 διασωθέντος,

319 4497 371 4550 οἱ
402 4494 756 4563 λειποτάκτᾳι
799 4493 1051 4564 ὑπήντων
1113 4494 1282 4565 αὐτῷ,
1335 4493 1426 4549 καὶ
1484 4494 1731 4565 ἀναξίους
1789 4497 2009 4561 ἑαυτοὺς
2066 4497 2294 4577 ἔφασκον
2349 4506 2449 4568 τῆς
2510 4504 2659 4569 ζωῆς
2714 4496 2937 4573 βασιλέα
2992 4497 3043 4552 ἐν
3100 4495 3333 4570 πολέμῳ
3390 4498 3722 4571 κάταπροέν-

317 4604 435 4653 τας,
468 4583 558 4638 καὶ
618 4583 730 4657 ἅμα
769 4586 887 4645 τοῖς
945 4582 1146 4637 ἑαυτῶν
1211 4580 1544 4657 ἐγυμνοῦντο
1600 4583 1827 4662 ξίφεσιν.
1890 4585 2047 4643 Ἀλλ’
2105 4589 2133 4643 6
2191 4587 2455 4667 Θεόφιλος
2514 4593 2592 4661 τῷ
2651 4589 2876 4661 θεάματι
2941 4586 3170 4663 τρωθεὶς
3233 4588 3333 4656 τήν
3392 4588 3596 4661 ψυχήν·
3658 4583 3728 4641 Εἴ

318 4670 445 4748 ἐγὼ,
502 4673 657 4751 φησῖ,
718 4672 993 4745 σέσωσμαι
1061 4670 1120 4727 ἐκ
1184 4673 1341 4745 Θεοῦ,
1400 4674 1709 4742 σωθήσεσθε
1764 4674 1854 4728 καὶ
1924 4675 2103 4748 ὑμεῖς.
2163 4700 2191 4730 ››
2259 4676 2406 4748 Αὕτη
2483 4679 2518 4747 ἡ
2585 4681 2691 4731 τῶν
2758 4679 2972 4752 Περσῶν
3037 4676 3171 4750 πρὸς
3235 4676 3361 4738 τοὺς
3430 4674 3481 4746 ἐξ
3546 4675 3721 4752 ’Ἅγαρ

313 4741 781 4902 κίὲινολογίαῑταῖς
801 4741 1087 4904 ἓερῖόϐου
1118 4741 1342 4836 ἐχθροῖς
1392 4760 1484 4815 καὶ
1541 4741 1770 4817 θάνατον
1826 4741 1993 4819 αὐτου
2042 4741 2437 4846 ψηφιζομένοις
2483 4741 2702 4842 δευτέρα
2752 4741 2844 4827 τις¹
2873 4741 3093 4841 γέγονεν
3151 4764 3295 4820 αἰτία
3350 4741 3721 4844 καὶ-ἀφορμιῆ

322 4867 346 4901 ε
388 4869 570 4904 mmo:
602 4870 624 4904 ε
653 4870 677 4904 ς
710 4864 797 4904 Ora
838 4871 868 4904 ο
950 4870 997 4904 ν.
1565 4866 1571 4871 '

322 4848 570 4924 εὔκαιρος
602 4849 677 4911 είς
710 4848 997 4921 διαϐολήν.
1565 4866 1571 4871 ⁷

1519 4969 1882 5027 XYLANDRI
1920 4973 2006 5027 ΕΤ
2044 4974 2257 5029 GOARI
2295 4974 2519 5029 NOTAE.

397 5082 508 5171 ιίᾷ)
538 5078 852 5171 Καλαμῶνα
884 5084 1043 5171 enim
1073 5085 1482 5171 .mihilridet'ur
1528 5085 1749 5171 dixisse
1776 5086 1971 5171 forma
1996 5102 2043 5166 Ι)
2074 5091 2262 5171 situm,
2288 5161 2300 5171 _
2320 5089 2730 5171 (ινιιηιίίηιιειιηι2
2786 5090 2893 5171 συί.
2949 5089 3161 5145 melius
3232 5102 3412 5169 quam
3470 5089 3717 5166 matura)

324 5155 1025 5236 FigtiifTIKGJV-(Cijie‘St
1063 5155 1345 5236 αμπελὼν,
1396 5155 1627 5236 δαφνών,
1679 5158 1956 5236 vinetum,

2075 5155 2358 5236 Xylan’d‘ri
2386 5166 2553 5236 segeti
2583 5161 2851 5216 conferta
2879 5161 3182 5217 hastarum
3208 5155 3375 5229 copia
3406 5161 3599 5227 potest
3639 5156 3711 5210 si.

324 5222 617 5298 lauretum
651 5222 976 5298 et'similia)
1009 5222 1329 5283 culmetum
1354 5222 1966 5297 collective,multitu-'-
2075 5222 2234 5287 m'ilis
2266 5222 2467 5285 videri:
2503 5230 2677 5287 Gem.

324 5294 524 5376 dinem
568 5295 894 5376 hastarum,
943 5294 1102 5376 quia
1137 5300 1342 5376 multis
1391 5300 1451 5354 in
1500 5294 1695 5376 segete
1752 5300 1965 5355 culmis

323 5366 536 5447 erectis
584 5366 877 5447 stantibus
925 5366 1139 5423 similis
1187 5366 1622 5441 quodammodo
1668 5375 1758 5447 est
1805 5372 1964 5427 acies

319 5437 505 5519 hastis
522 5443 767 5492 armata.
795 5453 928 5519 cum
952 5455 1035 5495 ea;
1060 5437 1234 5519 recta}
1259 5448 1536 5519 tenentur
1565 5460 1576 5496 :
1599 5442 1758 5519 unde
1779 5442 1960 5519 etiam

318 5514 522 5579 poetas
544 5512 1051 5579 comparationem
1081 5512 1318 5568 duxisse
1345 5513 1629 5568 novimus.
1657 5514 1958 5569 Manuelus

318 5596 454 5651 ergo
488 5579 718 5635 videtur
749 5582 1047 5636 monuisse
1077 5584 1493 5653 imperatorem
1528 5584 1795 5639 fortassis
1836 5601 1956 5639 non

317 5656 407 5732 tot
435 5653 789 5732 militeseut
814 5668 1069 5732 pugnam
1096 5656 1360 5732 obituros
1381 5672 1509 5711 esse
1537 5656 1600 5710 in
1627 5661 1789 5732 tanta
1805 5656 1956 5710 mul-

311 5722 588 5781 titudine.
641 5723 780 5778 XYL.
815 5721 922 5765 “-’
949 5721 1283 5799 Καλαμῶνα,
1338 5726 1514 5789 tocwn
1557 5726 1803 5789 calamis.
1830 5743 1957 5782 con-

2146 5303 2258 5375 (16)
2287 5303 2744 5358 Convenientius
2766 5304 3156 5372 interpretor:
3179 5317 3297 5355 cum
3314 5301 3720 5375 jamperierint

2073 5372 2171 5442 qui
2192 5372 2296 5429 mei
2315 5378 2500 5444 gratia
2519 5377 2745 5444 fortiter
2766 5377 2823 5427 in
2846 5377 2962 5429 acie
2982 5375 3363 5427 constiterunt.
3386 5372 3504 5425 Nisi
3528 5372 3721 5442 legere

2072 5445 2354 5501 malueris
2410 5444 2731 5508 ἀπολέσθαι,
2777 5451 2836 5499 et
2885 5444 3132 5499 reddere
3169 5459 3182 5496 ε
3237 5446 3335 5511 qni
3380 5445 3489 5497 mei
3534 5445 3723 5511 gratia

2069 5531 2240 5587 usque
2268 5518 2342 5572 ad
2362 5520 2637 5585 integram
2654 5519 3079 5571 internecionem
3109 5517 3425 5583 conﬂictum
3454 5518 3718 5570 sustinere

2060 5595 2288 5656 paratos
2317 5605 2369 5643 se
2400 5588 2770 5642 exhibuerint.
2806 5589 2980 5656 Gosu.

2140 5658 2251 5729 (l7)
2285 5659 2535 5729 lleponit
2561 5659 2764 5713 Strabo
2787 5654 3152 5731 Χιλιόκωμον
3182 5654 3383 5711 πεδίων
3415 5658 3472 5712 in
3505 5660 3712 5731 Ponto,

2066 5733 2125 5783 et
2153 5731 2498 5801 penultimm
2530 5736 2684 5785 notae
2714 5730 3026 5787 conﬁrmat
3072 5733 3499 5803 conjecturam.
3535 5730 3711 5784 Gesn.
