4056 6276
409 377 565 439 1019

480 513 553 568 At
583 528 1008 568 amermunnas
1039 529 1282 568 suorum
1331 513 1565 587 cognita
1609 515 1854 572 victoria
1901 517 2051 572 nihil

2235 519 2321 587 Τῷ
2351 512 2398 570 δ’
2447 517 2813 594 ἀμερμουμνῇ
2865 519 3130 590 ἀκηκοότι
3180 521 3280 589 τήν
3328 521 3492 592 νίκην
3539 517 3673 594 ἔδοξε
3717 526 3778 594 μὴ

403 601 534 674 jam
565 602 849 667 cunctari,
900 601 1004 656 sed
1054 602 1361 658 Amorium
1411 609 1610 675 petere
1654 606 1878 660 statuit.
1923 606 2058 660 Col-

414 689 564 746 lecto
597 691 776 764 igitur
803 705 908 745 suo
959 691 1242 753 exercitu,
1277 697 1336 746 et
1367 693 1489 748 filio
1537 697 1606 748 ut
1651 694 1809 749 idem
1840 695 2062 750 faceret

413 781 660 848 monito,
694 781 808 834 iter
836 780 1009 847 iniit;
1042 797 1297 852 cumque
1346 785 1546 854 copias
1589 783 2057 853 coniunxissent,

413 873 620 927 castris
679 871 830 928 vallo
889 873 1138 928 munitis
1193 875 1500 930 Amorium
1558 875 1850 946 profunda
1901 875 2062 930 fossa

413 960 800 1016 circumvenit
829 961 1110 1031 omnique
1140 961 1194 1014 vi
1246 979 1585 1035 oppugnare
1631 965 1825 1035 ccepit,
1859 965 2061 1020 Turcis

413 1049 789 1104 continenter
847 1051 1086 1122 sagittas
1148 1051 1578 1122 jaculantibus,
1641 1059 1698 1107 et
1754 1053 2060 1109 Saracenis

414 1139 724 1194 machinas
754 1139 828 1194 ad
858 1139 1323 1212 oppugnandum
1362 1141 1546 1196 factas
1585 1141 2058 1210 admoventibus,

417 1228 698 1284 Romanis
729 1233 928 1282 autem
959 1229 1060 1298 qui
1109 1229 1265 1284 intus
1302 1236 1489 1296 erant,
1542 1231 1808 1286 animose
1851 1232 2062 1286 urbem

421 1316 877 1372 defendentibus
898 1317 1318 1389 machinasque
1335 1326 1604 1392 prompte
1621 1320 2058 1376 amolientibus.

420 1407 679 1461 Durante
711 1406 792 1460 ita
820 1405 1148 1476 obsidione,
1182 1406 2064 1481 nullamquejntercapedinem

425 1495 802 1568 Oppugnandi
857 1494 1110 1550 faciente
1166 1496 1355 1566 hoste,
1409 1498 1649 1552 interim
1705 1499 2062 1571 Theophilus

425 1601 574 1656 aegre
607 1602 675 1640 ex
706 1583 842 1656 fuga
881 1585 1118 1656 elapsus
1168 1585 1499 1657 Dorylaeum
1544 1589 1830 1658 pervenit,
1865 1589 2064 1659 ibique

423 1676 646 1730 exitum
670 1675 994 1746 opperitur.
1015 1677 1083 1728 Et
1107 1675 1372 1730 animum
1392 1693 1816 1732 amermumnae
1843 1683 2066 1734 tentan-

2176 1685 2323 1752 γεῖτο
2371 1679 2460 1734 καὶ
2493 1681 2728 1754 ωνεχής
2755 1681 2822 1749 ἦν
2853 1680 2943 1734 καὶ
2991 1677 3310 1750 ἆδιάκοπος,
3370 1680 3641 1757 Θεόφιλος
3675 1679 3724 1733 δὲ
3748 1680 3793 1733 ἐκ

421 1768 563 1822 dum
596 1767 706 1822 sibi
739 1772 900 1823 ratus
945 1767 1167 1840 legatos
1217 1785 1351 1823 cum
1408 1770 1756 1825 muneribus
1793 1772 2067 1842 pretiosis

2176 1776 2273 1839 τῆς
2302 1773 2513 1844 τροπῆς
2546 1769 2708 1842 μόλις
2755 1768 3032 1848 διαφυγὼν
3081 1768 3172 1824 καὶ
3219 1773 3358 1845 πρὸς
3408 1772 3474 1826 τὸ
3527 1767 3789 1844 Δορύλαιον

419 1855 742 1926 multisque
772 1856 1303 1927 pollicitationibus
1333 1857 1533 1924 mittit,
1569 1865 1774 1931 petens
1806 1865 1869 1914 ut
1897 1860 2063 1916 obsi-

2176 1860 2465 1936 γενόμενος
2493 1859 2664 1914 ἒκεῖσε
2707 1857 3126 1933 πρνσεκαρτέρει
3180 1861 3280 1930 τὴν
3334 1855 3557 1914 ἔκϐασιν
3607 1857 3795 1932 ἐκδεχό-

420 1944 658 2000 dionem
709 1945 913 2000 solvat.
967 1947 1132 2018 lique
1181 1953 1246 2002 ut
1293 1949 1356 2002 in
1403 1952 1597 2004 castra
1637 1949 2063 2006 Saracenorum

2176 1968 2352 2022 μενος.
2398 1950 2761 2022 Ἀπεπειρᾶτο
2790 1944 2849 2002 δὲ
2875 1954 2976 2017 τῆς
3003 1951 3099 2002 τοῦ
3145 1947 3520 2024 ἀμερμουμνῆ
3579 1948 3792 2023 γνώμης,

419 2040 818 2105 pervenerunt
847 2041 904 2090 et
934 2035 995 2090 in
1028 2041 1412 2108 conspectum
1448 2053 1872 2093 amermumnaa
1898 2057 2065 2096 vene-

2176 2035 2221 2090 ε’ί
2250 2057 2369 2098 πως
2401 2033 2662 2106 δυνηθείη
2699 2042 3040 2108 μεταστῆσαι
3081 2040 3277 2092 τοῦτον
3321 2043 3423 2106 τῆς
3475 2034 3791 2111 πολιορκίας.

419 2127 578 2190 runt,
632 2139 700 2178 ea
753 2141 882 2194 qum
938 2125 1259 2196 imperator
1310 2127 1692 2184 mandaverat
1738 2135 2063 2202 exponunt.

2176 2125 2580 2198 Ἐκπέμπονται
2640 2126 2730 2180 οὗν
2792 2121 3116 2200 πρεσϐευταὶ
3180 2126 3315 2198 μετά
3373 2123 3570 2200 δώρων
3624 2124 3792 2198 τιμίων

418 2214 574 2269 936
606 2231 804 2270 verum
837 2215 887 2270 is
917 2217 1003 2272 ira
1032 2216 1104 2270 ob
1138 2217 1432 2274 excidium
1465 2219 1669 2290 patriaa
1701 2219 2064 2291 implacabili

2176 2216 2262 2270 καὶ
2293 2213 2642 2291 ὑποσχέσεων
2679 2215 2781 2270 οὐκ
2823 2213 3030 2288 ὀλίγων
3079 2219 3272 2270 τοῦτον
3324 2212 3793 2284 ἐκδυσωπὴσοντες,

419 2303 656 2373 ardens,
689 2303 1031 2375 imperatori
1065 2306 1442 2363 timiditatem
1485 2309 1859 2381 exprobrare,
1904 2309 2057 2382 legar

417 2393 640 2448 tionem
672 2393 941 2450 deridere
985 2412 1053 2451 ac
1107 2413 1210 2468 pro
1262 2397 1520 2453 ludibrio
1569 2398 1810 2466 habere,
1841 2399 2065 2472 legatos

418 2483 480 2537 in
510 2483 762 2539 vinculis
793 2483 1080 2554 detinere,
1104 2490 1162 2539 et
1185 2486 1368 2541 finem
1391 2488 1474 2541 rei
1496 2487 1850 2558 praestolari,
1883 2505 2066 2560 Oppu-

419 2571 758 2644 gnationem
792 2589 966 2644 porro
1016 2573 1342 2646 impensius
1391 2593 1622 2649 urgere,
1668 2576 1971 2648 divisoque
2005 2577 2067 2632 in

419 2659 638 2716 multas
669 2667 866 2732 partes
917 2663 1174 2717 exercitu
1219 2681 1328 2735 per
1356 2665 1512 2720 vices
1561 2664 1766 2720 urbem
1821 2665 2062 2734 adoriri,

421 2751 658 2820 sperare
691 2749 814 2804 fore
846 2755 912 2805 ut
954 2750 1205 2807 subinde
1244 2753 1377 2808 aliis
1427 2753 1679 2826 aliisque
1727 2755 2065 2810 recentibus

420 2844 478 2892 et
509 2839 754 2912 integris
785 2839 1006 2895 viribus
1045 2843 1468 2914 Oppugnationi
1515 2843 1930 2913 subeuntibus,
1962 2845 2065 2916 qui

416 2928 577 2983 intus
607 2934 795 2999 erant,
829 2929 1133 2986 laboribus
1177 2931 1477 3004 defatigati
1511 2950 1638 2988 sese
1675 2933 1915 2992 dedant.
1949 2934 2065 2990 Sed

413 3018 694 3092 oppidani
725 3020 957 3075 fortiter
986 3038 1048 3075 se
1075 3021 1412 3089 tuebantur,
1445 3040 1637 3094 neque
1669 3025 2062 3096 oppugnatio-

414 3109 524 3164 bus
555 3109 878 3180 quidquam
907 3111 1290 3168 efficiebatur.
1319 3113 1691 3184 Omninoque
1723 3119 1894 3184 capta
1921 3112 2063 3168 urbs

416 3216 536 3254 non
587 3199 816 3267 fuisset,
871 3201 985 3255 nisi
1033 3201 1288 3272 proditio
1337 3203 1648 3274 cujusdam
1693 3203 2062 3258 Amoriensis

419 3289 872 3344 intercessisset.
935 3293 988 3345 ls
1060 3291 1320 3345 Baditzes
1394 3293 1658 3360 nomine,
1718 3291 2066 3346 muneribus

417 3383 754 3448 corruptus,
813 3378 1042 3448 ejurata
1097 3379 1169 3434 ob
1240 3381 1680 3435 contentionem
1747 3379 2068 3450 quamdam

419 3466 752 3521 Christiano
784 3466 1092 3538 religione,
1125 3483 1193 3522 eo
1239 3467 1552 3540 prolapsus
1597 3473 1685 3523 est
1713 3469 2068 3524 temeritatis

417 3561 483 3610 ut
537 3555 790 3626 patriam
839 3555 1134 3626 proderet,
1187 3562 1245 3612 et
1286 3557 1513 3612 occulte
1574 3574 1708 3613 cum
1761 3557 2070 3613 Saracenis

419 3645 748 3701 collocutus
773 3645 1006 3701 monuit
1034 3650 1102 3700 ut
1130 3645 1202 3701 ab
1234 3662 1302 3701 ea
1331 3651 1500 3718 parte
1530 3646 1738 3702 urbem
1771 3663 2070 3720 Oppugna-

419 3739 571 3802 rent,
609 3750 725 3804 qua
777 3733 1012 3790 facilius
1067 3734 1128 3789 in
1175 3751 1378 3790 muros
1432 3735 1594 3790 evadi
1651 3753 1824 3806 posse
1875 3742 2068 3792 norat.

419 3825 762 3895 Expugnata
791 3824 936 3878 urbe
962 3827 1198 3894 quantae
1245 3823 1438 3880 caades
1461 3823 1633 3878 editae
1679 3825 1800 3879 sint
1829 3829 1887 3879 et
1929 3830 2074 3896 quot

421 3911 631 3982 captivi
680 3911 839 3981 facti,
889 3911 1142 3968 dicendo
1192 3913 1443 3984 exprimi
1491 3929 1610 3968 non
1660 3919 1874 3986 potest.
1922 3915 2069 3970 Nam

421 4000 696 4056 Saraceni
751 4001 885 4056 irati
944 4001 1102 4072 quod
1171 4001 1420 4058 durante
1489 4002 1800 4058 obsidione
1853 4003 2070 4059 multos

423 4109 666 4148 suorum
699 4091 960 4148 illustres
991 4093 1354 4162 amisissent,
1386 4093 1550 4150 nulla
1593 4111 1798 4150 eorum
1829 4095 1890 4150 in
1921 4112 2072 4166 quos

423 4181 768 4236 incidebant
795 4183 1176 4238 miseratione
1217 4183 1383 4250 moti,
1415 4183 1569 4239 viros
1612 4183 2070 4253 obtruncabant,

423 4271 706 4326 mulieres
737 4289 871 4326 cum
904 4272 1228 4328 infantibus
1261 4279 1319 4327 et
1349 4273 1547 4344 pueris
1577 4273 1904 4345 rapiebant,
1937 4273 2072 4344 pul-

423 4361 719 4417 cherrima
749 4378 1000 4432 quinque
1049 4362 1300 4418 uadilicia
1343 4361 1760 4418 incendebant.
1807 4363 2072 4433 Denique

428 4449 569 4505 urbs
621 4450 1011 4506 Orientalium
1065 4451 1469 4522 pulcherrima
1525 4451 1731 4523 exiguo
1790 4452 2074 4524 temporis

428 4540 618 4610 spatio
650 4539 732 4594 ita
761 4540 910 4594 937
947 4539 1126 4611 periit
1155 4544 1221 4594 ut
1249 4539 1401 4595 nihil
1431 4545 1644 4612 praeter
1673 4539 1889 4596 rudera
1919 4547 2075 4596 esset

427 4627 747 4698 reliquum.
783 4629 1004 4699 Captivi
1031 4628 1479 4684 abducebantur
1508 4631 1838 4686 cohortium
1870 4630 2071 4686 ducto-

427 4731 522 4771 res
575 4715 872 4784 Callistus,
923 4717 1365 4786 Constantinus,
1414 4719 1754 4774 Theodorus
1795 4705 2073 4787 Caaterus,

425 4803 682 4877 patricii,
717 4819 967 4877 cumque
999 4805 1094 4860 his
1116 4805 1216 4858 alii
1248 4805 1513 4876 plurimi,
1545 4808 1817 4878 prasturis
1843 4806 2068 4862 bellicis

2181 4804 2406 4872 νίσκοις,
2439 4799 2859 4876 ἐπυρπολοῦντο
2905 4801 2973 4856 τὰ
3017 4799 3294 4856 κάλλιστα
3333 4805 3443 4856 τῶν
3495 4793 3782 4869 οἲκημάτωνι

425 4895 678 4966 aliisque
712 4894 962 4950 summis
994 4893 1382 4966 dignitatibus
1411 4896 1695 4983 illustres.
1741 4981 1745 4983 Δ

2184 4895 2274 4950 καὶ
2307 4892 2360 4948 ἐν
2419 4892 2481 4948 οὗ
2543 4893 2738 4968 μακρῷ
2795 4897 2874 4964 τῷ
2930 4891 3120 4968 χρόνῳ
3177 4892 3213 4961 ἦ
3253 4895 3364 4946 τῶν
3420 4891 3564 4983 ἑῴων
3614 4880 3784 4983 πάλ-εἵην

428 4980 852 5059 διαπγεπεστέρα
909 4980 1336 5058 ἐκλελειμμένον
1397 4979 1665 5038 ἐδείκνυτο
1733 4981 1988 5059 έρείπιον.
2057 4983 2294 5059 Ἦγόντο
2352 4980 2412 5036 δὲ
2466 4981 2691 5058 ζωγρίαι
2743 4983 2834 5037 καὶ
2894 4983 2944 5036 οἱ
2996 4984 3143 5068 τῶν,
3197 4982 3606 5054 στρατευμάτων
3673 4969 3786 5068 έξιξιφ

433 5092 648 5148 χοντες,
687 5070 998 5134 Κάλλιστός
1038 5092 1097 5128 τε
1133 5073 1224 5128 καὶ
1283 5077 1688 5138 Κωνσταντῖνος
1740 5073 1832 5129 καὶ
1890 5069 2169 5147 Θεόδωρος
2199 5073 2228 5126 ὁ
2259 5070 2529 5148 Κρατερὸς
2589 5073 2642 5126 οἱ
2699 5071 3001 5145 πατρίκιοι,
3061 5067 3154 5124 καὶ
3210 5067 3378 5124 ἄλλοι
3425 5068 3656 5126 πλεῖστοι
3699 5067 3780 5110 των

427 5160 480 5216 ἐν
515 5161 868 5236 στρατηγίαις
899 5157 1192 5240 διαφανῶν,
1229 5161 1502 5236 μεγίστοις
1534 5161 1902 5237 ἐμπρέποντες
1930 5161 2253 5235 ἀξιώμασιν.

499 5255 682 5325 Capto
711 5253 786 5309 ad
815 5253 970 5309 hunc
1005 5252 1249 5309 modum
1292 5253 1552 5323 Americ,
1599 5253 1876 5324 princeps
1905 5253 2075 5308 Sara-

433 5358 718 5399 cenorum
767 5343 946 5398 veluti
993 5343 1292 5400 insultans
1345 5342 1522 5398 rebus
1573 5343 1752 5416 gestis
1799 5343 1980 5414 inque
2011 5341 2086 5398 iis

433 5430 688 5500 superbe
719 5447 1084 5497 comessans,
1115 5432 1342 5504 legatos
1367 5431 1742 5502 imperatoris
1771 5431 1972 5487 omnia
1999 5432 2086 5486 in-

435 5519 664 5590 spicere
678 5519 880 5588 jussos
899 5537 1028 5590 quae
1047 5526 1178 5576 acta
1195 5524 1414 5585 essent,
1431 5519 1614 5575 cladis
1633 5521 1876 5576 nuntios
1897 5520 1970 5576 ad
1989 5520 2087 5576 do-

437 5607 668 5662 minum
698 5607 967 5662 remittit.
992 5609 1147 5671 Quos
1172 5608 1272 5662 ille
1296 5625 1500 5662 rursus
1517 5608 1592 5662 ad
1613 5625 2086 5664 amermumnam

447 5695 636 5765 misit,
669 5699 882 5768 petens
930 5693 1044 5750 sibi
1095 5701 1296 5768 captos
1347 5695 1409 5751 in
1439 5695 1604 5752 urbis
1657 5695 2096 5770 expugnatione

2169 603 2390 678 μέλλειν
2423 604 2554 662 ἀλλ’
2582 608 2794 664 ἀπιέναι
2826 610 2960 685 πρὸς
2986 609 3048 664 τὸ
3078 609 3379 684 ’Δμώριον.
3427 609 3664 685 ’Λγείρας
3705 611 3776 666 οὖν

2164 693 2228 748 τὸ
2269 694 2465 750 οἷκεῖον
2501 697 2826 771 στράτευμα,
2859 698 2946 754 καὶ
2977 703 3056 769 τῷ
3088 699 3190 766 υἱῷ
3240 696 3297 752 δῖε
3347 698 3652 762 ἐπιστείλας
3698 723 3782 756 πα-

2169 783 2496 858 ραπλησίως
2527 791 2730 859 ποιεῖν,
2764 786 2946 862 εἶ’χετο
2975 793 3075 856 τῆς
3116 785 3268 843 ὁδοῦ.
3328 786 3664 844 Ἐνωθέντων
3708 790 3782 844 οὗν

2165 877 2278 928 τῶν
2312 876 2728 948 στρατευμάτων
2766 878 2940 952 χάραξ
2995 897 3054 930 τε
3108 875 3377 952 ἐπήγνυτο
3443 878 3667 957 ὀχυρὸς,
3713 881 3783 934 καὶ

2168 966 2204 1033 ἡ
2239 961 2402 1024 πόλις
2431 965 2624 1040 τάφρῳ
2668 966 2856 1040 βαθείᾳ
2911 967 3284 1044 ἐστεφανοῦτο,
3331 968 3420 1023 καὶ
3457 969 3495 1033 ἡ
3527 968 3785 1042 πολιορκία

2170 1047 2482 1127 ἔμπρακτος
2525 1055 2614 1110 καὶ
2673 1053 2886 1132 ἐνεργὸς
2945 1055 3168 1132 ἐγίνετο,
3227 1060 3337 1112 τῶν
3401 1058 3502 1128 μὲν
3561 1057 3785 1133 Τοόρκων

2169 1141 2462 1216 έπιμόνοις
2517 1144 2608 1200 καὶ
2669 1144 2920 1220 συνεχέσι
2981 1145 3284 1220 χρωμένων
3336 1147 3654 1219 τοξεύμασι,
3701 1151 3786 1201 τῶν

2173 1229 2230 1287 δὲ
2262 1237 2593 1308 Σαρακηνῶν
2627 1234 2722 1295 τὰς
2771 1233 3057 1296 ἑλεπόλεις
3107 1235 3496 1310 προσαγόντων
3540 1241 3653 1297 τοῖς
3696 1237 3784 1290 τεί-

2174 1340 2319 1397 χεσι,
2359 1326 2464 1378 τῶν
2500 1320 2544 1377 δ’
2576 1317 2724 1378 ἔνδον
2765 1328 2863 1378 τοῢ
2900 1323 3122 1398 τείχους
3165 1321 3653 1398 ἐναπείλημμένων
3677 1325 3788 1380 Ῥω·

2177 1411 2352 1486 μαίων
2384 1411 2638 1487 εὐψύχως
2695 1413 2786 1468 καὶ
2843 1415 3102 1486 ἡρωϊκῶς
3157 1411 3575 1486 ἀγωνιζομένων
3631 1412 3788 1468 καὶτὸ

2171 1507 2268 1569 νῆς
2335 1501 2658 1575 πολιορκίας
2724 1502 3184 1578 ἆποκρουομένων
3262 1502 3506 1564 εὐπετῶς
3600 1501 3788 1576 ὄργανα.

2170 1591 2234 1646 Ἦ
2267 1591 2360 1662 μὶν
2393 1589 2485 1645 οὗν
2520 1589 2815 1664 πολιορκία
2843 1598 2942 1660 τῆς
2971 1589 3188 1652 πόλεως
3243 1589 3303 1646 ἐκ
3350 1588 3622 1666 διαδοχῆς
3668 1589 3790 1661 ἐνηρ-

2173 2399 2351 2463 κηνῶν
2381 2398 2470 2448 καί
2503 2393 2579 2458 εἷς
2608 2388 2730 2466 ὄψιν
2764 2390 3015 2454 ἐλθόντες
3044 2397 3122 2464 τῷ
3152 2391 3382 2468 ἄρχοντι
3411 2393 3484 2448 τὰ
3538 2391 3678 2466 παρα
3715 2395 3790 2444 τοῦ

2179 2483 2449 2558 βασιλέως
2485 2481 2790 2556 μηνυθέντα
2820 2481 3118 2557 παρίστων.
3164 2483 3228 2538 Ὁ
3279 2479 3338 2536 δὲ
3385 2486 3549 2556 θυμῷ
3595 2479 3793 2558 κατεχό-

2179 2593 2341 2646 μενος
2370 2572 2586 2647 ἀσχέτῳ
2618 2569 2707 2627 διὰ
2736 2573 2835 2641 τήν
2867 2578 2966 2641 τῆς
3015 2568 3275 2647 πατρίδος
3333 2571 3544 2626 ἅλωσιν
3590 2571 3675 2624 τὸν
3719 2569 3791 2640 μὴ

2179 2660 2406 2738 βασιλέα
2434 2669 2533 2732 τῆς
2577 2659 2785 2724 δειλίας
2840 2662 3251 2735 κατεκερτόμει,
3311 2657 3576 2731 ἐξουθὲνει
3631 2656 3682 2713 δὲ
3720 2655 3791 2711 καὶ

2173 2753 2272 2821 τὴν
2306 2746 2594 2826 πρεσϐείαν
2642 2751 2730 2806 καὶ
2789 2747 3098 2823 έκωμῴδει,
3156 2750 3248 2805 καὶ
3304 2751 3434 2813 τοὺς
3493 2743 3789 2826 πρεσϐευτὰς

2175 2839 2227 2896 ἐν
2289 2837 2514 2914 δεσμοῖς
2567 2845 2814 2916 κατεῖχε,
2899 2839 3202 2914 περιμένων
3267 2841 3366 2908 τήν
3425 2846 3530 2908 τῆς
3583 2835 3790 2913 πράξεως

2175 2923 2416 2986 ἔκϐασιν.
2450 2931 2564 2998 Τήν
2595 2927 2654 2984 δὲ
2687 2929 3010 3003 πολιορκίαν
3059 2927 3147 2984 ἐπὶ
3195 2926 3361 2984 πλέον
3413 2927 3691 2996 ἐπέτεινεν,
3728 2923 3788 2982 εἷς

2171 3016 2360 3074 πολλά
2392 3019 2531 3093 μέρη
2565 3015 2763 3074 διελὼν
2797 3019 2881 3073 τὸν
2912 3018 3136 3094 στρατὸν
3165 3017 3254 3072 καὶ
3284 3016 3346 3073 ἐκ
3403 3013 3666 3091 διαδοχῆς
3715 3011 3789 3071 τὰς

2170 3103 2489 3181 προσϐολὰς
2519 3107 2868 3180 ποιούμενος,
2909 3109 2996 3178 [Ρ.
3049 3109 3174 3181 532]
3219 3107 3312 3162 ἳνα
3359 3112 3443 3180 τῷ
3483 3107 3677 3176 πλήθει
3715 3099 3786 3155 καὶ

2169 3201 2237 3271 τῇ
2298 3197 2631 3269 ἆκμαιότητι
2687 3200 2796 3252 τῶν
2860 3193 3264 3269 ὕπαλλομένων
3331 3195 3698 3268 ἀποκαμόντες
3745 3189 3785 3242 οἳ

2175 3283 2322 3340 ἔνδον
2350 3285 2440 3341 καὶ
2471 3287 2608 3361 πρὸς
2645 3283 2774 3346 τοὺς
2831 3286 3032 3346 πόνους
3089 3286 3458 3360 ἀπειρηκότες
3507 3281 3785 3340 ἐνδώσουσι.

2177 3376 2465 3450 Καρτερῶς
2499 3371 2555 3428 δὲ
2581 3373 2672 3428 καὶ
2703 3377 2810 3428 τῶν
2851 3367 2997 3428 ἔνδον
3047 3373 3406 3447 ἀμυνομένων
3457 3369 3706 3444 ἄπρακτοι
3746 3365 3789 3418 αἱ

2175 3461 2550 3540 ἐπιχειρήσεις
2626 3469 2726 3532 τῆς
2817 3460 3146 3539 πολιορκίας
3239 3461 3510 3539 ἐγίνοντο.
3573 3461 3667 3514 Κᾶν
3725 3451 3789 3508 δι·

2176 3553 2368 3630 έφυγεν
2401 3556 2436 3622 ἡ
2468 3550 2634 3615 πόλις
2665 3554 2764 3622 τήν
2794 3550 3022 3622 ἅλωσιν,
3053 3550 3100 3606 εί
3131 3555 3210 3625 μή
3232 3572 3317 3615 τις
3339 3557 3452 3607 τῶν
3477 3551 3602 3607 εἴσω
3621 3545 3786 3620 δώροις

2179 3641 2515 3704 ὑποκλαπείς
2555 3641 2646 3696 καὶ
2701 3643 2801 3711 τήν
2856 3645 2964 3695 τῶν
3028 3641 3364 3716 Χριστιανῶν
3425 3635 3784 3715 ἐξομοσάμενος

2175 3732 2354 3786 πίστιν
2387 3727 2477 3786 διά
2520 3751 2640 3785 τινα
2696 3727 3060 3805 φιλονεικίαν,
3122 3729 3199 3792 εῗς
3260 3734 3526 3786 τοσοῦτον
3575 3723 3783 3782 κίνδυνον

2178 3817 2500 3893 ὀλισθήσας,
2531 3817 2801 3892 προδοσίᾳ
2829 3815 3119 3892 προῦδωκε
3141 3819 3241 3890 τὴν
3273 3817 3528 3894 πατρίδα·
3559 3811 3785 3878 Βαδίτξης

2177 3908 2351 3982 ὄνομα
2379 3913 2460 3981 τῷ
2487 3905 2660 3984 ἀνδρί.
2693 3909 2871 3970 Οὗτος
2925 3907 3029 3983 γὰρ
3090 3907 3266 3981 λάθρα
3319 3913 3437 3970 τοῖς
3491 3899 3784 3980 Σαρακηνοῖς

2177 3996 2444 4073 ἐντυχὼν,
2476 3997 2566 4052 καὶ
2597 3995 2721 4052 ἔνθα
2748 3997 2812 4051 τὸ
2869 4001 3056 4071 τεῖχος
3105 3993 3362 4072 εὐέφοδον
3409 3997 3504 4067 ἦν,
3552 3995 3785 4050 πυιεῖσθαι

2175 4087 2270 4151 τὰς
2301 4081 2620 4162 προσϐολὰς
2654 4087 3010 4161 ὑποθέμενος,
3065 4083 3238 4150 αἴτιος
3283 4085 3532 4164 ἐγεγόνει
3573 4085 3661 4138 τοῦ
3705 4075 3780 4140 τήν

2177 4175 2341 4232 πόλιν
2375 4176 2602 4233 ἁλῶναι.
2633 4176 2734 4238 Ἦς
2769 4173 2835 4245 δὴ
2869 4175 3122 4248 πολέμου
3144 4175 3298 4250 νόμῳ
3321 4170 3782 4251 ληφθείσης,ποῑος

2177 4267 2362 4329 ἱκανὸς
2391 4267 2559 4342 λόγος
2603 4265 2828 4336 ἐξειπεῖν
2883 4264 2946 4320 τὸ
3005 4263 3220 4334 πλῆθος
3277 4269 3386 4320 τῶν
3450 4259 3782 4335 ἀναιρεθέντων

2177 4355 2268 4411 καὶ
2316 4362 2425 4410 τῶν
2481 4353 3082 4430 αίχμαλιυτισθέντων;
3125 4359 3296 4427 Θυμῷ
3337 4355 3440 4430 γὰρ
3496 4347 3782 4430 βαλλόμενοι

2181 4446 2234 4500 o't
2267 4443 2577 4519 Σαρακηνοὶ
2611 4440 2702 4498 διὰ
2729 4443 2790 4498 τὸ
2829 4441 3077 4504 πολλοὺς
3107 4446 3216 4498 τῶν
3251 4443 3530 4521 ὲπιφανῶν
3573 4436 3690 4494 κατὰ
3709 4430 3778 4486 τὸν

2180 4535 2368 4609 καιρὸν
2428 4541 2528 4604 τῆς
2593 4533 2918 4609 πολιορκίας
2979 4535 3356 4608 ἀναιρεθῆναι,
3417 4531 3599 4588 οὐδένα
3645 4525 3782 4580 οἶκτον

2181 4629 2290 4680 τῶν
2330 4625 2756 4701 προστυχόντων
2811 4617 3144 4698 ἐλάμϐανον.
3202 4619 3339 4678 ἀλλ’
3396 4623 3670 4697 ἀνῃροῦντο
3714 4609 3784 4682 μὶν

2184 4712 2394 4790 ἂνδρες,
2426 4713 2625 4788 ἤγοντο
2667 4709 2723 4768 δὲ
2749 4718 2995 4786 γυναῖκες
3055 4710 3148 4766 σὺν
3215 4711 3521 4786 μειρακίοις
3571 4706 3650 4764 καὶ
3693 4717 3783 4754 νεα·

2098 3252 2140 3317 C

2261 5248 2420 5308 Οὕτω
2455 5247 2513 5306 δὲ
2543 5247 2906 5325 χέιρωθείσης
2933 5255 3036 5319 τῆς
3096 5245 3312 5310 πόλεως
3359 5245 3488 5310 τοὺς
3533 5226 3781 5325 πρέαῧειςδ

2193 5345 2302 5395 τῶν
2342 5323 2676 5416 Σαρακηνῶν
2733 5338 2984 5416 ἀρχηγὸς
3043 5341 3152 5394 τῶν
3217 5336 3567 5412 πραχθέντων
3607 5323 3780 5416 ἕκαστεν

2197 5427 2562 5494 έπίσκοπῆσαι
2621 5427 3102 5504 ἐγκελευσάμενος,
3187 5423 3372 5502 ὥσπερ
3437 5445 3520 5486 τις
3568 5418 3782 5504 ἐντρυφων

2193 5517 2285 5572 καὶ
2348 5495 2796 5592 ἐνευωχοόμενος
2857 5495 2976 5577 τοῖς
3062 5495 3406 5589 πραχθεῖσιν,
3486 5495 3784 5597 αὐταγγξλοξκ

2197 5613 2300 5676 τῆς
2333 5586 2616 5684 συμφορᾶς
2637 5586 2918 5678 ’ἐκπέμπει
2945 5607 3024 5677 τῷ
3058 5586 3298 5680 βασιλεῖ,
3332 5601 3440 5664 Οῧς
3486 5597 3630 5688 πάλιν
3658 5586 3780 5688 ξιξ·

2203 5673 2297 5760 νος
2327 5673 2470 5774 πρὲις.
2520 5673 2614 5752 τὸν
2669 5673 3070 5772 ἀμερμουμνῆν
3131 5689 3520 5767 ἐξαπέστειλεν,
3565 5673 3780 5742 ἆποδοθῆ⁸

1765 379 2068 441 GEORGU

2176 380 2464 442 ensem
3645 387 3775 448 ιοεο
3803 460 3806 464 ί

2175 2305 2228 2360 οἳ
2361 2303 2453 2360 καὶ
2493 2305 2556 2359 τὸ
2615 2301 2978 2380 στρατόπεδον
3036 2299 3440 2367 καταλαϐόντες
3495 2309 3605 2359 τῶν
3656 2309 3798 2376 Eupa-
