4056 6276
252 403 409 463 1021

1455 395 1999 462 HISTORIABUM
2045 399 2588 469 COMPENDIUM.

3503 404 3659 463 1022

251 535 340 589 ναί
373 534 426 588 οἱ
460 533 635 603 ζητῶν
668 533 795 596 τούς
829 553 888 587 τε
918 530 1218 611 ληφθέντας
1271 528 1542 610 διαφανεῖς
1594 528 1791 606 ἄνδρας
1846 529 1894 584 ἐν

2013 531 2277 589 illustres
2294 537 2447 594 viros
2468 538 2699 611 sibique
2729 556 2943 613 genere
2971 540 3335 611 propinquos
3361 535 3657 606 etreliqos

249 627 322 698 τῇ
352 623 652 696 ποΑιορκίᾳ
686 642 778 676 και
831 619 958 683 τοὺς
1015 623 1150 677 κατᾶ
1204 621 1357 697 γένος
1415 620 1563 693 αὐτῷ
1591 623 1902 697 προσήκον-

246 733 346 775 τας
372 710 463 766 καὶ
492 710 620 773 τοὺς
673 709 904 774 λοιποὺς
952 708 1371 785 αἰχμαλώτους,
1422 708 1621 765 εἶ’κοσιν
1656 710 1739 765 ἐπὶ
1770 710 1898 766 τέσ-

250 821 409 876 σαρσι
438 799 816 874 κεντηναρίους
875 797 1066 855 δώσειν
1126 799 1555 874 ὑπισχνούμενος
1615 799 1745 873 ὑπὲρ
1797 798 1900 853 λύ-

251 912 397 966 τρων
429 890 626 946 αὐτῶν.
657 891 718 947 Ὀ
777 886 835 943 δὲ
886 890 987 957 τήν
1044 884 1329 964 πρεσϐιίαν
1390 886 1676 961 δεξάμενος
1732 887 1899 943 πάλιν

257 983 389 1042 τοὺς
436 974 688 1054 πρεσϐεις
748 979 864 1053 μεθ’
919 974 1122 1054 ὕϐρεως
1185 977 1522 1053 ἀπέπεμψεν,
1579 978 1806 1048 ἀνόητος
1837 977 1899 1033 ἂν

256 1071 393 1126 εἶναι
437 1070 603 1125 εἰπὼν
665 1068 711 1124 εί
768 1066 930 1144 χίλια
988 1069 1316 1143 κεντηνάρια
1364 1067 1753 1129 καταναλώσας
1812 1066 1900 1122 ἐπὶ

255 1156 503 1231 συλλογῇ
531 1156 629 1212 τοῦ
656 1156 861 1212 οἰκείου
894 1160 1123 1232 στρατοῦ
1168 1155 1443 1211 τοσούτων
1472 1153 1744 1210 ἀποδώσει
1775 1154 1902 1217 τοὺς

251 1247 543 1316 ἡλωκότας
573 1247 953 1321 κεντηναρίων.
1003 1246 1319 1321 Ἀπράκτων
1373 1243 1432 1299 δὲ
1481 1248 1588 1301 τῶν
1624 1240 1897 1321 πρέσϐεων

255 1337 709 1412 ὑποστρεψάντων
755 1340 823 1408 τῇ
873 1333 1151 1405 ἀπληστίᾳ
1179 1341 1278 1403 τῆς
1332 1339 1615 1413 συμφορᾶς
1667 1332 1898 1408 πληγεὶς

249 1427 277 1481 ὁ
313 1424 598 1503 θεόφιλος,
656 1426 827 1480 πᾶσάν
857 1446 916 1481 τε
947 1426 1151 1500 βρῶσιν
1209 1423 1301 1478 καὶ
1349 1423 1507 1479 πόσιν
1561 1422 1897 1502 ἀποστρεφό-

255 1537 409 1588 μενος
438 1514 530 1570 καί
589 1511 785 1594 σχεδὸν
842 1513 1099 1575 ἀπόσιτος
1158 1513 1422 1590 γεγονὼς,
1454 1514 1543 1568 καὶ
1583 1509 1752 1586 μηδὲν
1781 1509 1899 1567 ἓτε-

254 1625 344 1680 ρον
372 1605 725 1680 προσιέμενος
754 1603 788 1671 ἢ
819 1602 882 1657 τὸ
912 1602 972 1657 ἐκ
1014 1603 1225 1678 χιόνος.
1260 1597 1699 1674 ἀποθλιϐόμενον
1727 1599 1896 1676 ὕδωρ,

251 1692 588 1767 δυσεντερίας
645 1693 790 1747 ἑάλω
862 1694 1179 1766 νοσήματι.
1239 1690 1419 1747 Ἀλλά
1472 1691 1667 1767 καίπερ
1725 1692 1896 1756 οὕτως

251 1801 396 1857 εχων
426 1783 684 1854 πονήρως
717 1782 818 1835 οὐκ
869 1780 1087 1853 ἠρέμει,
1148 1778 1274 1835 οὐδὲ
1330 1779 1564 1855 μετρίως
1618 1775 1771 1858 ἔφερε
1797 1783 1898 1851 τήν

2009 624 2270 695 captivos
2308 627 2495 696 reddi,
2538 630 3005 700 promittensque
3044 645 3149 700 pro
3192 644 3396 683 eorum
3427 626 3657 681 redem-

2009 714 2211 784 ptione
2260 715 2330 768 24
2381 718 2741 773 centenaria.
2797 720 2909 773 llos
2971 734 3206 788 quoque
3264 715 3661 788 ignominiose

2009 802 2242 857 remisit
2275 802 2583 872 barbarus,
2616 807 2900 861 stolidum
2933 823 2994 861 se
3018 808 3143 861 fore
3173 806 3349 867 fatus.
3375 806 3423 860 si
3455 810 3662 876 captos

2011 896 2097 945 tot
2128 892 2486 946 centenariis
2515 893 2810 963 redderet,
2829 911 2964 950 cum
2987 895 3110 965 ipse
3133 894 3295 949 mille
3319 893 3664 950 centenaria

2009 979 2072 1034 in
2102 980 2532 1052 comparandas
2562 982 2759 1053 copias
2789 982 3197 1054 impendisset.
3233 984 3457 1055 Legatis
3478 999 3541 1037 re
3564 982 3649 1035 in-

2009 1067 2162 1124 fecta
2189 1069 2431 1126 domum
2463 1071 2734 1140 reversis,
2765 1071 3104 1141 Theophilis
3126 1072 3281 1125 mole
3303 1072 3659 1133 calamitatis

2011 1174 2328 1229 oppressus
2355 1175 2593 1214 omnem
2625 1177 2775 1231 pene
2798 1160 2995 1215 cibum
3018 1176 3086 1215 ac
3109 1164 3310 1230 potum
3334 1169 3659 1232 aversatus,

2010 1251 2362 1318 tantumque
2393 1264 2609 1320 aquam
2629 1266 2698 1303 ex
2717 1249 2848 1304 nive
2874 1264 3212 1319 expressam
3236 1248 3580 1323 admittens,
3598 1254 3661 1308 in

2009 1336 2407 1407 dysenteriam
2472 1338 2700 1395 incidit.
2753 1339 2867 1395 Sed
2920 1344 3121 1394 tamen
3180 1355 3518 1411 quanquam
3580 1344 3663 1398 ita

2009 1425 2295 1482 afﬂictum
2334 1429 2558 1483 Amorii
2589 1429 2885 1484 excidium
2930 1429 3238 1500 quiescere
3277 1446 3656 1504 nequaquam

2009 1531 2253 1586 passum
2304 1522 2431 1583 est;
2481 1518 2640 1588 quod
2683 1518 2989 1590 mgerrime
3029 1517 3227 1572 ferens
3279 1521 3652 1576 occasionem

2008 1603 2370 1675 modumque
2401 1606 2725 1661 ulciscendi
2759 1607 2988 1661 hostem
3018 1605 3172 1661 988
3205 1606 3654 1679 circumspicie-

2006 1695 2124 1751 bat.
2161 1701 2243 1752 Ea
2271 1697 2343 1752 de
2365 1713 2545 1753 causa
2563 1697 2954 1752 Theodosium
2977 1696 3314 1766 patricium,
3341 1698 3654 1754 Bubutzica

2007 1785 2188 1857 stirpe
2220 1790 2448 1850 natum,
2481 1785 2554 1840 ad
2585 1802 2783 1858 regem
2812 1786 3072 1841 Franciaa
3106 1785 3359 1857 ablegat,
3401 1786 3651 1841 auxilia-

250 1875 351 1926 τοῦ
397 1870 680 1945 Ἀμωρίου
727 1870 1132 1944 καααστροφήν,
1161 1867 1308 1924 ἀλλά
1335 1869 1521 1943 καιρὸν
1575 1870 1664 1925 καὶ
1692 1871 1894 1944 τρόπον

2006 1874 2123 1930 rias
2154 1874 2226 1929 ab
2260 1891 2326 1929 eo
2357 1875 2556 1947 copias
2586 1875 2807 1931 validas
2837 1879 3067 1946 petens,
3102 1875 3465 1946 hortansque
3502 1881 3566 1931 ut
3595 1876 3651 1931 is

252 1958 432 2030 ἐζήτει
462 1962 579 2020 πῶς
611 1956 670 2013 ἂν
703 1956 971 2028 ἀμύναιτο
1022 1957 1114 2011 τὸν
1146 1955 1368 2036 ἐχθρόν.
1412 1958 1507 2012 Διὸ
1535 1958 1628 2013 καὶ
1678 1957 1892 2014 στέλλει

248 2049 383 2123 πρὸς
412 2048 503 2103 τὸν
537 2053 682 2124 ρῆγα
725 2045 1005 2122 Φραγγίας
1059 2048 1171 2119 (18)
1228 2047 1320 2101 τὸν
1384 2048 1667 2121 πατρίκιον
1699 2045 1895 2104 Θεοδό-

248 2159 385 2204 σιον,
415 2136 476 2192 ἐκ
510 2141 609 2191 τοῦ
650 2141 758 2191 τῶν
816 2130 1233 2204 Βουϐουτζίκων
1288 2135 1656 2211 καταγόμενον
1684 2135 1892 2210 γένους,

246 2226 559 2301 ἐπικουρίαν
617 2247 677 2281 τε
759 2225 978 2295 ἐξαιτῶν
1042 2226 1378 2302 πεμφθῆναι,
1464 2227 1548 2298 [Ρ.
1618 2228 1744 2299 533]
1802 2225 1894 2281 καὶ

249 2313 567 2370 ἀποστεῖλαι
625 2311 848 2385 δύναμιν
926 2311 1232 2387 ἀξιόμαχον
1302 2322 1390 2367 καί
1450 2318 1691 2368 κακῶσαι
1754 2313 1891 2388 μέρη

243 2405 367 2458 τινὰ
392 2410 493 2472 τῆς
545 2397 750 2471 Λιϐύης
800 2405 879 2474 τῷ
921 2401 1292 2474 ἆμερμουμνῇ
1340 2399 1682 2479 διαφέροντα.
1736 2402 1893 2459 Ἀλλ’

249 2492 383 2563 αὕτη
444 2494 540 2567 μὲν
571 2494 606 2561 ἡ
636 2487 894 2567 πρεσϐεία
947 2491 1219 2566 ἄπρακτος
1247 2490 1446 2563 ἔμεινε,
1476 2496 1574 2546 τυῦ
1605 2490 1894 2548 Θεοδοσίου

249 2585 350 2651 τήν
410 2584 558 2653 ζωὴν
615 2583 734 2645 καθ’
790 2579 915 2637 ὁδὸν
963 2581 1449 2656 καταστρέψαντος·
1482 2583 1511 2637 ὁ
1543 2581 1806 2659 Θεόφιλος
1839 2581 1896 2639 δὲ

249 2674 339 2728 καὶ
367 2672 569 2742 ταύτης
613 2668 905 2727 διεκπεσὼν
937 2677 1037 2739 τῆς
1087 2668 1310 2733 ἐλπίδος
1357 2671 1444 2727 ἐπὶ
1493 2670 1659 2727 πλέον
1700 2693 1760 2727 τε
1790 2673 1894 2728 ὑπὸ

244 2770 346 2831 τῆς
395 2758 554 2816 νὸσου
611 2760 978 2840 σφιγγόμενος
1052 2762 1220 2815 ἄνεισι
1280 2760 1551 2835 κλινήρης
1609 2762 1745 2835 πρὸς
1793 2764 1895 2830 τὴν

246 2852 586 2925 Μαγναύραν,
636 2848 687 2904 ἐν
714 2848 751 2925 ᾗ
777 2851 875 2917 τὴν
933 2869 993 2904 τε
1048 2846 1353 2925 σύγκλητον
1411 2846 1775 2920 ἐκκλησιάσας
1804 2850 1894 2905 καὶ

241 2946 304 2998 τὸ
334 2940 529 2996 λοιπὸν
590 2939 824 3016 ἐμφανὲς
883 2937 1046 3013 μέρος
1098 2945 1198 3008 τῆς
1253 2937 1470 3001 πόλεως
1526 2941 1636 3012 (19)
1682 2939 1750 2994 τά
1778 2941 1896 2996 καθ’

245 3032 429 3087 ἑαυτὸν
478 3025 830 3105 ἐξετραγῴδει
888 3028 978 3083 καὶ
1045 3026 1386 3105 ὠλοφύρετο,
1438 3028 1530 3083 καὶ
1556 3030 1686 3090 τοὺς
1716 3050 1892 3084 συνειο

244 3121 543 3194 λεγμὲνους
599 3118 777 3191 ἐζήτει
861 3119 962 3189 τὴν
1051 3117 1129 3180 εἷς
1197 3117 1357 3173 αὐτὸν
1414 3117 1892 3193 ἀπομνημονεύειν

2001 1971 2199 2038 partes
2223 1964 2414 2037 Libya)
2432 1965 2505 2020 ad
2518 1981 2992 2021 amermumnam
3007 1964 3376 2036 pertinentes
3390 1964 3651 2021 infestet.

2002 2056 2116 2110 Sed
2164 2055 2290 2110 haac
2339 2070 2575 2126 quoque
2635 2054 2848 2126 legatio
2897 2053 3064 2109 irrita
3127 2054 3260 2119 fuit,
3310 2058 3544 2109 mortuo
3590 2055 3652 2109 in

2003 2145 2218 2200 itinere
2272 2142 2620 2198 Theodosio.
2679 2142 3038 2212 Theophilus
3087 2143 3197 2198 hac
3251 2159 3487 2213 quoque
3548 2160 3651 2213 spe

2000 2232 2225 2303 lapsus,
2248 2233 2690 2305 ingravescente
2722 2232 2967 2302 insuper
2994 2231 3224 2296 morbo,
3255 2231 3317 2285 in
3347 2232 3557 2286 lectica
3588 2248 3649 2287 se

2002 2322 2077 2377 ad
2108 2323 2490 2394 Magnaurum
2520 2320 2818 2391 deportari
2841 2321 3043 2391 jubet:
3078 2320 3404 2390 eodemque
3437 2337 3649 2376 convo-

2002 2416 2133 2466 cato
2175 2416 2388 2465 senatu
2427 2415 2488 2465 et
2532 2415 2698 2480 parte
2740 2409 2990 2463 civitatis
3040 2408 3357 2471 nobiliore,
3406 2424 3647 2463 suarum

2002 2516 2202 2555 rerum
2234 2499 2513 2554 miseram
2544 2497 2946 2553 conditionem
2979 2498 3200 2569 tragice
3230 2496 3519 2568 deplorat,
3545 2514 3653 2552 cm—

2001 2594 2249 2659 tumque
2280 2588 2551 2642 hortatur
2582 2592 2647 2641 ut
2675 2601 2972 2641 memores
2998 2602 3118 2641 sum
3150 2586 3212 2640 in
3244 2586 3439 2657 ipsum
3472 2586 3657 2641 bene-

2002 2677 2274 2732 volentia!
2306 2677 2486 2732 fidem
2517 2676 2687 2731 uxori
2733 2692 2854 2731 suas
2901 2692 3077 2747 porro
3113 2675 3355 2745 ﬁlioque
3398 2682 3651 2742 servent,

2002 2766 2195 2837 iisque
2218 2764 2536 2835 imperium
2559 2765 2632 2819 ab
2659 2764 2892 2818 insidiis
2925 2768 3115 2818 tutum
3144 2768 3446 2831 praestent.
3480 2764 3650 2819 Mise-

2000 2855 2174 2911 rabili
2200 2854 2576 2925 imperatoris
2596 2854 2865 2908 oratione
2886 2853 3088 2907 fractis
3106 2852 3410 2907 concionis
3428 2852 3648 2907 animis

2002 2944 2290 3015 ejulatum
2313 2942 2571 2998 universi
2593 2941 2984 3006 sustulerunt,
3017 2957 3051 2996 a
3070 2942 3307 3011 Deoque
3330 2958 3537 2996 omnes
3556 2959 3647 2997 sa-

1999 3032 2188 3086 lutem
2218 3048 2286 3086 ac
2315 3030 2492 3085 vitam
2513 3030 2856 3100 imperatori
2884 3029 3245 3102 ﬂagitarunt,
3271 3029 3451 3084 simul
3476 3030 3647 3101 polli-

2001 3121 2123 3185 citi,
2170 3120 2218 3175 si
2270 3119 2413 3191 quid
2463 3119 2515 3174 ei
2566 3118 2912 3173 humanitus
2955 3118 3272 3185 accideret,
3327 3118 3485 3188 quod
3532 3119 3647 3190 ipsi

242 3211 449 3266 εὕνοιαν
483 3210 538 3265 ἐν
571 3213 649 3281 τῷ
686 3208 864 3263 πίστιν
922 3207 1014 3262 καὶ
1070 3206 1345 3280 εὐμένειαν
1381 3215 1616 3280 τηρῆσαι
1665 3209 1802 3284 πρὸς
1832 3229 1891 3263 τε

2005 3208 2245 3279 quidem
2300 3207 2807 3272 abominarentur,
2857 3223 2919 3261 se
2964 3212 3089 3261 tum
3128 3223 3234 3277 pro
3269 3224 3452 3262 uxore
3499 3207 3647 3279 ejus,

241 3301 340 3368 τὴν
372 3298 537 3353 αὑτοῦ
586 3299 812 3372 σύζυγον
840 3295 930 3351 καὶ
962 3296 1055 3351 τὸν
1110 3294 1299 3361 παῖδα,
1357 3295 1447 3350 καὶ
1508 3293 1887 3375 διαφυλάττειν

241 3388 461 3451 τούτοις
488 3388 586 3454 τὴν
638 3383 916 3462 βασιλείαν
974 3380 1454 3441 ἀνεπιϐούλευτον.
1511 3385 1898 3451 Ἐπικλασθέν-

243 3497 352 3530 των
383 3472 441 3531 δὲ
492 3478 600 3530 τῶν
661 3470 1136 3548 συνηθροισμένων
1188 3477 1310 3535 τοῖς
1376 3471 1630 3536 ἐλεεινοῖς
1680 3474 1898 3540 τούτοις

250 3565 459 3639 ῥήμασι
518 3568 618 3619 τοῦ
679 3562 953 3639 βασιλέως
1010 3559 1250 3635 ὀδυρμὸς
1306 3558 1452 3634 ἤρθη
1506 3562 1596 3617 καὶ
1651 3564 1894 3625 κωκυτὸς

250 3654 392 3730 παρὰ
441 3652 678 3709 πάντων·
741 3652 832 3707 καὶ
910 3651 1105 3712 πάντες
1181 3650 1596 3715 θεοκλυτοῦντες
1652 3649 1895 3728 ηὔχοντο

251 3744 347 3817 μὲν
405 3747 486 3816 τῷ
546 3738 762 3817 βασιλεῖ
821 3740 1003 3818 ὑγείαν
1062 3760 1119 3796 τε
1174 3740 1261 3795 καὶ
1319 3742 1483 3810 ζωὴν,
1534 3739 1582 3795 εἴ
1641 3739 1708 3811 δ’,
1764 3741 1895 3817 ὅπερ

246 3833 507 3888 ἀπευκτὸν
536 3833 600 3900 ἧν
633 3832 842 3899 αὗτοῖς,
891 3829 1137 3899 θάνατος,
1197 3823 1409 3905 ἔλεγον,
1441 3827 1893 3902 ἐπακολουθήσει,

246 3922 379 3997 ὑπὲρ
407 3927 510 3989 τῆς
542 3919 706 3974 αὑτοῦ
734 3925 983 3992 γαμετῆς
1029 3922 1176 3994 σφῶν
1236 3915 1294 3972 δέ
1349 3915 1636 3990 δεσποίνης
1664 3921 1754 3974 καὶ
1782 3926 1890 3975 τῶν

242 4008 447 4065 παίδων
485 4010 849 4081 ὑπισχνοῦντο
905 4006 997 4060 καὶ
1053 4005 1239 4076 αὐτὰς,
1300 4007 1346 4060 εἰ
1395 4004 1606 4077 δεήσοι,
1636 4009 1893 4082 προέσθαι

241 4100 334 4158 τὰς
361 4097 544 4171 ψυχὰς
575 4095 665 4149 καὶ
705 4101 947 4169 τηρῆσαι
1002 4093 1217 4155 τούτοις
1274 4096 1374 4163 τήν
1428 4095 1709 4169 βασιλείαν
1740 4095 1892 4152 ἀδια.

243 4180 527 4255 λώϐητον.
565 4184 664 4239 Καὶ
731 4182 784 4236 οἱ
844 4181 937 4254 μὶν
997 4181 1497 4257 κατεπηγγειλαντο
1548 4188 1736 4255 ταῦτα,
1782 4183 1897 4241 ὁδὶ

2004 3298 2249 3354 domina
2278 3315 2404 3361 sua,
2428 3302 2488 3353 et
2515 3297 2720 3353 liberis
2749 3297 2939 3368 ipsam
2971 3314 3230 3368 quoque.
3255 3297 3303 3352 si
3327 3297 3409 3351 ita
3430 3313 3525 3352 res
3554 3314 3652 3368 po-

2006 3389 2272 3456 stularet,
2304 3388 2485 3443 vitam
2505 3388 2902 3459 impensuros,
2926 3386 3117 3456 iisque
3140 3385 3459 3457 imperium
3489 3387 3650 3442 inco-

2005 3478 2164 3533 lume
2212 3482 2680 3533 conservaturos.
2728 3475 3066 3532 Secundum
3117 3476 3243 3530 haec
3281 3475 3647 3546 Theophilus

2005 3568 2211 3623 morbo
2233 3567 2410 3639 plane
2427 3569 2814 3637 consumptus
2831 3564 3008 3636 paulo
3026 3570 3160 3635 port
3176 3564 3439 3619 debitum
3461 3569 3645 3620 natu-

2004 3673 2084 3712 ras
2109 3655 2408 3727 persolvit,
2442 3671 2576 3710 cum
2608 3653 2926 3724 imperium
2957 3668 3145 3707 annos
3180 3655 3243 3705 12
3274 3656 3333 3705 et
3354 3668 3591 3707 menses
3619 3656 3648 3707 3

2002 3744 2303 3818 gessisset.
2350 3744 2496 3799 Cum
2542 3745 2743 3797 autem
2784 3740 2858 3795 ob
2903 3739 3215 3810 praedictas
3248 3756 3455 3794 causas
3485 3740 3653 3795 locus

2006 3839 2164 3890 esset
2190 3833 2342 3890 939
2373 3828 2796 3901 Theophobum
2820 3827 2977 3899 apud
2996 3827 3416 3897 imperatorem
3450 3828 3649 3882 crimi-

2003 3922 2307 3988 nantibus,
2341 3917 2719 3990 Theophibus
2748 3916 2879 3970 vitm
2913 3915 3090 3970 fidem
3122 3915 3343 3970 instare
3374 3915 3487 3970 sibi
3514 3933 3652 3971 sen-

2001 4014 2158 4068 tiens
2214 4008 2634 4080 Theophobum
2692 4006 2755 4060 in
2806 4020 3103 4060 carcerem
3160 4004 3649 4060 obscurissimum

2001 4099 2317 4171 compegit,
2381 4095 2482 4166 qui
2531 4099 2621 4150 est
2661 4094 2834 4163 juxta
2892 4091 3332 4147 Bucoleontem.
3402 4094 3651 4163 Jamque

2002 4186 2397 4244 moribundus
2435 4189 2612 4255 caput
2646 4181 2776 4253 ejus
2821 4180 3117 4252 amputari
3167 4181 3397 4252 sibique
3449 4184 3651 4237 atTerri

246 4272 504 4352 βασιλεὺς
535 4269 802 4350 Θεόφιλος
834 4269 939 4325 ὑπὸ
965 4272 1062 4339 τῆς
1122 4269 1285 4325 νόσου
1338 4270 1561 4333 τελείως
1592 4272 1776 4335 τακεῖς
1804 4278 1893 4329 καὶ

2005 4278 2195 4350 iussit.
2238 4274 2622 4343 Manibusque
2652 4272 2846 4326 crines
2869 4271 2998 4342 ejus
3022 4275 3265 4341 tangens
3286 4271 3412 4326 haac
3443 4271 3650 4327 ultima

242 4367 399 4439 μικὸν
428 4359 676 4425 ἐπιϐιοὺς
724 4361 789 4416 τὸ
847 4361 1029 4416 κοινὸν
1083 4360 1474 4437 ἀνεπλήρωσεν
1524 4358 1775 4437 ὄφλημα,
1804 4363 1892 4420 ἐπὶ

2005 4366 2179 4422 verba
2224 4364 2464 4420 extulit:
2501 4360 2722 4415 Exinde
2767 4374 2959 4428 neque
2994 4375 3099 4430 ego
3130 4359 3488 4431 Theophilus
3521 4378 3651 4417 sum

240 4452 451 4510 δώδεκα
479 4448 617 4508 ἔτεσι
648 4450 740 4506 καὶ
800 4450 936 4522 μησὶ
995 4448 1141 4523 τρισὶ
1198 4451 1298 4519 τὴν
1353 4447 1631 4525 βασιλείαν
1686 4451 1890 4515 ἱθύνας.

2005 4470 2195 4526 neque
2227 4459 2290 4508 tu
2323 4468 2385 4507 es
2415 4448 2826 4520 Theophobus.
2850 4447 3099 4512 Quidam
3122 4452 3320 4504 tamen
3353 4450 3649 4521 Orypham

237 4543 389 4600 Ἐπεὶ
422 4540 500 4610 δέ,
533 4542 607 4603 ὡς
632 4540 835 4619 φθάσας
869 4540 897 4593 ὁ
929 4535 1092 4612 λόγος
1124 4535 1393 4609 ἐδήλωσε,
1427 4540 1613 4614 χώραν
1644 4535 1807 4616 ἔσχον
1840 4543 1892 4598 οἱ

2005 4542 2386 4615 drungarium
2417 4538 2629 4611 vigilias
2672 4538 2872 4593 ferunt
2920 4553 3027 4592 sua
3066 4542 3277 4608 sponte
3308 4542 3364 4593 et
3407 4539 3647 4595 nemine

243 4627 638 4693 διαϐάλλοντες
691 4629 784 4684 τὸν
819 4623 1093 4706 Θεόφοϐον
1154 4626 1261 4681 ἀπὸ
1316 4630 1422 4682 τῶν
1481 4627 1781 4704 εἰρημένων
1809 4634 1894 4686 αἰ-

2005 4632 2248 4705 jubente
2277 4626 2636 4700 TheOphobo
2667 4626 2844 4680 vitam
2876 4624 3185 4697 eripuisse.

240 4725 389 4785 τιῶν,
422 4721 495 4783 ὡς
529 4716 667 4794 ἔγνω
694 4719 722 4772 ὁ
753 4717 1021 4789 Θεόφιλος
1050 4715 1113 4770 τὸ
1142 4714 1303 4776 τέλος
1330 4723 1432 4785 τῆς
1458 4716 1627 4773 αὑτοῦ
1661 4720 1870 4794 βιοτῆς,
1899 4720 1951 4776 ἐν
1981 4717 2345 4793 δεσμωτηρίῳ
2400 4717 2585 4786 τίθησι
2642 4713 2734 4769 τὸν
2790 4707 3061 4786 Θεόφοϐον
3093 4710 3484 4791 ζοφωδεστάτῳ
3515 4717 3652 4771 κατὰ

247 4807 335 4860 τὸν
404 4806 793 4863 Βουκολέοντα.
858 4805 957 4860 Καὶ
1010 4801 1119 4876 ¹ἤδη
1179 4809 1276 4859 τοῦ
1342 4803 1535 4869 τέλους
1592 4806 1897 4886 ἐγγίζοντος
1952 4808 2273 4883 προσέταξεν
2323 4806 2612 4877 ἀποτεμεῖν
2666 4802 2863 4857 τούτου
2902 4802 3002 4872 τὴν
3052 4801 3298 4882 κεφαλὴν
3352 4805 3442 4859 καὶ
3499 4804 3652 4876 αὕτῷ

245 4892 494 4970 ἐνεγκεῖν.
527 4900 729 4971 Ἥνπερ
786 4891 1100 4968 δεξάμενος,
1158 4913 1248 4948 και
1306 4898 1424 4957 ταῖς
1483 4897 1643 4974 χερσὶ
1696 4901 1805 4953 τῶν
1873 4902 2081 4974 τριχῶν
2112 4896 2492 4973 ἐπαφώμενος,
2520 4890 2748 4967 ἔσχατον
2810 4889 2929 4945 εἶπε
2960 4889 3150 4968 λόγον,
3211 4891 3306 4962 ὡς,
3360 4893 3494 4949 Ἀπὸ
3553 4897 3648 4945 τοῦ

1406 5014 1768 5071 XYLANDRI
1805 5018 1893 5071 ET
1929 5002 2145 5073 GOARI
2184 5014 2407 5070 NOTAE.

308 5130 417 5198 (18)
452 5126 781 5200 Occidentis
809 5126 1201 5200 imperatores
1231 5142 1491 5200 regesve,
1527 5136 1743 5200 prwter
1764 5131 1890 5187 Bul-

273 5214 507 5256 arorum
558 5198 1196 5271 principem’vicinum
1246 5198 1325 5253 et'
1360 5198 1682 5271 infensum,
1736 5200 1891 5271 βασι-

235 5218 507 5327 garorum
558 5218 887 5269 prmCIpem
935 5218 1196 5254 VlClIlllIIl
1246 5218 1304 5253 ει
1360 5218 1682 5271 inlensum,
1732 5218 1890 5291 Pam-

279 5271 364 5345 ἐξις
421 5285 627 5325 vocare
691 5284 927 5345 semper
976 5269 1665 5345 abhorrueruntﬁroeci,
1717 5278 1890 5345 ρῆγας

239 5344 495 5400 salutare
526 5340 789 5395 contenti
818 5382 831 5403 ,
874 5340 1031 5395 unde
1067 5340 1197 5396 haac
1226 5341 1300 5396 ad
1334 5342 1684 5398 Ludovicum
1718 5340 1891 5400 Pium

240 5411 661 5490 imperatorem
710 5410 861 5490 χερὸς
911 5408 1080 5490 ρῇγα,
1140 5428 1292 5490 non_
1324 5409 1552 5490 βασιλέα
1605 5417 1890 5490 Φραγγίας

240 5481 426 5542 missa
448 5483 682 5556 legatio.
708 5481 1126 5556 anue'forsan
1151 5490 1240 5538 est
1260 5481 1333 5539 de
1355 5500 1472 5554 qua
1500 5485 1617 5541 vita
1639 5481 1696 5542 et
1727 5481 1891 5543 actus

244 5554 695 5613 Ludovici'illius
716 5555 1023 5625 Anonymo
1041 5560 1279 5609 auctore
1299 5556 1566 5610 scribunt
1586 5574 1742 5613 anno
1765 5560 1888 5613 833:

244 5626 548 5699 Compendi
576 5626 893 5681 consistenti
923 5626 1122 5750 legatio
1144 5627 1489 5696 imperatoris
1519 5628 1577 5684 Ο.
1611 5630 1704 5695 Ρ.,
1736 5631 1893 5684 Mar-

244 5716 336 5750 cus
382 5698 823 5750 archienisconus
876 5698 959 5750 En
1002 5698 1079 5750 esi
1132 5701 1183 5750 et
1218 5698 1692 5750 Brotosnatharius
1722 5701 1891 5750 inme-

243 5716 336 5758 cus
382 5698 823 5768 archiepiscopus
876 5698 1079 5767 Ephesi
1132 5701 1183 5752 et
1212 5698 1692 5770 protospatharius
1722 5701 1891 5773 impe-

1999 5133 2225 5199 ratoris,
2302 5129 2376 5183 ad
2422 5132 2653 5199 patrem!
2704 5125 3083 5199 (Ludovicam)
3141 5123 3308 5199 missa
3371 5126 3611 5199 occurrit
3632 5138 3654 5184 ;

2000 5196 2377 5275 munerasibi
2420 5196 2807 5275 data__obtalit
2865 5196 3223 5275 (Lollianas),
3280 5196 3438 5275 patri
3484 5197 3648 5275 missa

1998 5274 2296 5329 subtraxit.
2344 5272 2518 5335 Quam
2552 5268 2647 5322 ille
2687 5269 2809 5322 licet
2852 5268 2926 5322 ad
2956 5273 3176 5337 patrem
3212 5267 3432 5321 missam
3478 5267 3552 5322 ad
3593 5284 3648 5324 se

2005 5351 2188 5400 tamen
2216 5344 2519 5398 venientem
2557 5342 2811 5409 suscepit,
2856 5340 3090 5407 audivit,
3132 5344 3183 5392 et
3215 5339 3537 5407 tragoediam
3567 5356 3651 5395 rc-

1994 5421 2292 5485 portanem
2312 5429 2448 5485 pene
2480 5411 2784 5485 inauditam
2812 5411 3041 5485 remisit.
3076 5413 3252 5485 Gesn.

2073 5489 2199 5562 (l9)_
2218 5476 2520 5562 Principes
2551 5480 2776 5562 populi,
2809 5481 3130 5561 factionum
3164 5476 3513 5562 δημάρχους,
3547 5499 3653 5554 ρει-

2002 5553 2321 5612 triarCham
2359 5553 2434 5610 et_
2461 5553 2599 5609 cleri
2648 5553 3016 5624 praecipuos,
3047 5569 3194 5623 quos
3236 5553 3296 5608 in
3336 5553 3463 5624 pari
3508 5553 3650 5609 casu

2002 5642 2354 5684 convocasse
2394 5624 2738 5680 Mauricium
2768 5623 3053 5679 describit
3086 5623 3405 5680 Simocatta
3447 5626 3645 5680 statim

2001 5699 2110 5755 sub
2142 5699 2402 5755 historia)
2431 5695 2621 5752 initio.
2656 5696 2831 5751 Gosn.
