4056 6276
291 337 459 399 1026
1448 332 1987 399 EISTORIARUM
2035 328 2585 394 COMPENDIUM.
3551 337 3708 397 1028

298 467 456 541 μένος
516 467 607 521 καὶ
674 466 948 536 σκελετὸς,
983 466 1032 521 ἒν
1069 464 1242 522 οὐδενὶ
1302 465 1569 543 διαφέρων
1625 467 1789 541 ἑτέρῳ
1834 468 1900 521 τιῖ

2105 480 2126 517 c
2168 463 2435 535 pristinae
2493 461 2813 518 valetudini
2867 463 3207 520 restitutum
3258 464 3382 520 iri?
3440 469 3707 539 Respon-

287 556 629 626 τεθνηκότων
668 555 703 626 ἢ
746 555 899 628 μόνῳ
946 561 1024 628 τῷ
1080 556 1345 612 ἀναπνεῖν.
1404 559 1495 619 Τίς
1557 558 1648 612 οὖν
1709 554 1870 616 ἐλπὶς

2104 568 2194 607 ere
2226 551 2498 607 monachi
2533 553 2716 606 Deum
2740 551 2891 606 nihil
2922 569 3041 607 non
3072 570 3244 624 posse
3273 571 3286 608 :
3312 556 3470 626 quod
3493 558 3540 611 si
3568 574 3706 631 ergo

296 651 454 707 ποῖος
500 644 667 719 λόγος
713 641 888 700 ἔσεται
948 646 977 700 ὁ
1034 645 1231 700 πείσων
1293 667 1360 717 με
1413 645 1898 721 ἀναρῥωσθῆναικι

2106 641 2310 696 mitate
2345 646 2579 711 recepta
2611 657 2853 712 Operam
2886 641 2962 695 sit
2992 642 3237 698 daturus
3268 650 3332 699 ut
3364 645 3708 704 incendium

293 734 367 796 εἰς
405 736 506 804 τήν
563 734 831 807 προτέραν
887 728 1086 804 εὐεξίαν
1142 733 1366 802 ἐλθεῖν;
1420 729 1819 797 Ὑπολαϐόντες
1849 731 1895 787 οἳ

2108 747 2129 785 3
2173 729 2620 803 lmaginiperdis
2667 731 2987 786 excitatum
3018 734 3347 806 restinguat
3390 753 3710 809 sacrasque

294 826 346 879 οἱ
374 824 665 879 ὁσιώτατοι
711 821 913 902 ἔγησαν
960 825 1099 900 πρὸς
1158 823 1337 879 αὐτόν·
1400 822 1578 881 Πάντα
1635 822 1828 879 δυνατᾶ
1856 843 1896 877 χι

2108 818 2323 890 tagines
2356 815 2685 871 secundum
2716 823 2911 872 vetera
2941 819 3234 889 majorum
3268 822 3504 879 decreta
3532 825 3710 881 resti-

295 911 449 969 οὐδὲν
480 911 729 968 ἀδυνατεῖ
764 916 844 985 τῷ
896 917 1035 984 Θεῷ.
1099 913 1160 969 Ei
1215 918 1345 991 γοῦν
1406 911 1724 974 σπουδάσεις
1779 911 1897 986 ἅναξ

2109 914 2209 973 lat,
2241 925 2303 962 se
2336 907 2389 962 ei
2418 907 2597 960 vitam
2630 912 2788 961 certo
2820 910 3185 979 promittere.
3221 918 3411 983 Atque
3447 915 3573 970 hanc
3605 915 3711 971 fati

295 1003 522 1079 ῥωσθεὶς
576 1004 676 1073 τὴν
725 1006 833 1059 τῶν
891 1002 1296 1078 Εἰκονομοὶχων
1356 997 1897 1076 ἀποσϐέσαιπυρκαϊι

2112 999 2483 1052 tscesserunt.
2534 995 2743 1051 Statim
2792 1013 2928 1051 vero
2967 1003 3025 1051 et
3070 1000 3313 1056 morbus
3369 1005 3622 1072 remisit,
3659 1010 3714 1059 et

297 1092 513 1153 καὶτὰς
545 1093 693 1167 ἱερὰς
751 1091 962 1155 εἰκόνας
1023 1094 1160 1148 κατᾶ
1216 1093 1345 1155 τοὺς
1395 1091 1665 1153 παλαιοὺς
1721 1091 1812 1146 καὶ
1843 1111 1899 1146 πε

2113 1085 2364 1142 aturales
2394 1084 2700 1140 facultates
2740 1087 2900 1140 omni
2933 1087 3358 1157 impedimento
3391 1098 3532 1147 sunt
3561 1093 3715 1149 libe-

297 1178 517 1255 τρικοὺς
576 1178 808 1251 θεσμοὺς
862 1178 1247 1250 ἀναστηλῶσαι
1283 1224 1297 1249 ,
1339 1178 1806 1256 εὐαγγελιζόμεθα
1861 1200 1899 1233 σε

2111 1180 2227 1243 ita),
2254 1175 2533 1246 brevique
2566 1173 2845 1245 temporis
2877 1174 3065 1246 spatio
3097 1177 3442 1234 inﬁrmitate
3468 1199 3713 1252 prorsus

295 1270 394 1337 τήν
425 1268 593 1337 ζωὴν.
639 1267 828 1325 Ἐἶπον
889 1269 980 1324 καὶ
1024 1270 1411 1344 ὑπεχώρησαν.
1471 1269 1573 1326 Καὶ
1631 1268 1786 1331 εὐθὺς

2113 1269 2156 1319 st
2189 1263 2414 1319 solutus
2462 1262 2785 1319 Manuelus.
2840 1263 2932 1319 Sic
2977 1281 3112 1335 ergo
3161 1266 3410 1322 allevato
3468 1287 3715 1341 corpore

296 1355 477 1424 νόσος,
506 1353 720 1430 ἐρῥσὶῖσε
783 1355 872 1410 καὶ
924 1357 979 1410 αἱ
1038 1356 1257 1432 φυσικαὶ
1325 1354 1593 1431 ἐνέργειαι
1647 1355 1898 1411 ἆκωλότιι

2116 1353 2262 1407 ναιὶιη
2297 1369 2448 1422 equo
2479 1352 2553 1407 ad
2579 1352 2861 1423 palatium
2889 1352 2954 1417 it,
2988 1353 3411 1426 ingressusque
3436 1358 3510 1413 ad
3537 1359 3718 1430 impe-

299 1441 670 1511 ἐπετελοῦντο,
720 1443 811 1498 καὶ
861 1441 918 1498 ’ἐν
953 1444 1150 1519 βραχεῖ
1203 1449 1284 1516 τῷ
1341 1446 1528 1520 χρόνῳ
1582 1441 1796 1499 τελείαν
1853 1465 1901 1500 τι

2118 1443 2340 1497 ttricem
2395 1458 2526 1498 eam
2575 1458 2955 1513 summopere
2996 1443 3069 1498 ad
3101 1446 3476 1515 reponendas
3522 1464 3720 1503 sacras

309 1530 740 1607 ἀρῤωσττςματος
789 1529 1015 1606 ἐσχήκει
1075 1530 1403 1609 ἀπαλλαγήν
1434 1574 1447 1590 .
1505 1532 1680 1604 Ῥᾷων
1749 1530 1806 1587 δὲ
1852 1539 1911 1602 τῆ

2116 1531 2353 1602 nagines
2391 1531 2755 1587 exhortatur.
2792 1535 2868 1586 Ea
2899 1549 3032 1587 vero
3057 1533 3419 1604 jampridem
3453 1538 3718 1592 occasio-

304 1622 466 1677 νόσου
522 1621 850 1698 γενόμενος,
895 1621 1323 1694 ἐξιππασάμενος
1383 1622 1540 1687 εὐθὺς
1591 1622 1770 1678 ἄπεισι
1818 1623 1906 1698 πρὲ

2118 1638 2205 1675 em
2236 1621 2414 1692 hujus
2443 1620 2528 1675 rei
2557 1620 2796 1692 agenda}
2821 1623 3142 1693 quaerebat,
3169 1624 3418 1681 subinde
3442 1627 3720 1696 instigata

305 1711 368 1767 τὸ
398 1709 663 1766 παλάτιον
697 1710 786 1765 καὶ
819 1707 1010 1766 εἴσεισι
1040 1711 1177 1786 πρὸς
1203 1714 1305 1782 την
1349 1709 1624 1788 βασιλίδα,
1655 1711 1745 1766 καὶ
1783 1712 1907 1766 πάν-ι

2146 1714 2333 1764 matre
2375 1726 2482 1764 sua
2521 1714 2580 1764 et
2626 1710 2931 1765 avunculis
2982 1712 3265 1782 patriciis.
3318 1714 3716 1770 Nihilominus

302 1800 509 1873 τρόπον
568 1799 734 1868 αὐτὴν
821 1799 1093 1874 παρεκίνει
1169 1799 1264 1861 τὰς
1357 1799 1504 1861 Θείας
1572 1797 1904 1869 ἀναστηλῶση

2120 1814 2271 1854 Lmen
2303 1797 2493 1852 verbis
2533 1799 2784 1853 Manueli
2819 1799 3125 1855 Theodora
3168 1806 3295 1856 tum
3328 1819 3388 1857 se
3420 1805 3722 1874 opposuit,

305 1854 540 1958 είκόνας,
599 1886 772 1943 πάλαι
821 1854 913 1944 καί
972 1888 1139 1956 αὐτὴν
1196 1888 1451 1965 ἀφορμῆς
1513 1885 1796 1963 δράξασθαι
1827 1886 1899 1963 γλ

3328 1854 3384 1857 η
3429 1854 3723 1874 -Π,---,,

2124 1903 2185 1940 ve
2209 1887 2538 1957 jurauienti
2570 1888 2782 1943 marito
2813 1889 3059 1960 praestiti
3096 1890 3405 1962 religione,
3430 1893 3548 1946 sive
3575 1891 3726 1946 mul-

304 1974 551 2053 χομένην
588 2021 602 2049 ,
664 1973 754 2031 διδ.
810 1976 1013 2038 παντὸς
1076 1975 1458 2050 ἐρεθιζομὲνην
1515 1976 1605 2030 καὶ
1662 1976 1808 2050 παρὰ
1856 1983 1906 2030 τί

2118 1974 2404 2044 tudinem,
2472 1976 2640 2047 cujus
2701 1977 3071 2032 mentionem
3141 1978 3415 2047 fecimus,
3475 1980 3720 2035 hazresis

311 2068 513 2129 οἰκείας
545 2068 753 2143 μητρὸς
784 2066 862 2132 εἰς
908 2072 1069 2122 τοῦτο
1120 2067 1211 2122 καὶ
1262 2072 1370 2121 τῶν
1426 2066 1825 2142 μητραδέλφων
1852 2073 1913 2123 τᾶ

2126 2065 2241 2119 tius
2286 2064 2687 2120 studiosorum
2736 2066 3154 2123 reformidans.
3204 2070 3273 2122 Et
3303 2069 3564 2124 instante
3599 2070 3722 2124 Ma-

310 2154 635 2230 πατρικίων·
694 2159 892 2230 ’Όμως
955 2153 1012 2209 δὲ
1069 2156 1386 2211 ἀντὲπιπτεν
1450 2157 1484 2225 ἠ
1539 2152 1793 2229 Θεοδώρα
1840 2162 1912 2211 το

2123 2153 2283 2207 1e10:
2344 2153 2531 2222 Meus,
2583 2154 2800 2225 inquit.
2847 2173 2880 2210 ο
2929 2156 3232 2228 magister,
3297 2159 3548 2213 maritus
3606 2158 3725 2212 im-

307 2243 499 2321 λόγοις
529 2249 627 2299 τοῦ
685 2241 977 2313 Μανουὴλ,
1037 2246 1123 2318 [Ρ.
1158 2246 1285 2317 535]
1352 2241 1458 2299 εἴτε
1514 2245 1643 2306 τοὺς
1699 2244 1835 2319 πρὸς
1872 2264 1909 2298 τι

2119 2256 2306 2305 arator
2349 2250 2788 2306 accurationem
2837 2254 3075 2321 amavit,
3122 2255 3392 2325 nihilque
3456 2271 3721 2326 unquam

304 2331 478 2409 ἄνδρα
509 2330 705 2409 ὅρκους
757 2330 1160 2405 εὐλαϐουμένη,
1217 2332 1344 2404 εἴτε,
1396 2334 1469 2396 ὡς
1526 2332 1749 2413 ἔφαμεν,
1779 2334 1906 2389 καὶυ

2114 2339 2185 2393 isi
2217 2355 2277 2393 re
2310 2340 2491 2410 probe
2515 2339 2841 2397 deliberata
2862 2343 2997 2411 egit.
3021 2343 3225 2413 Itaque
3248 2342 3552 2398 decretum
3572 2360 3715 2413 quo-

306 2422 521 2493 πλῆθος
579 2420 858 2478 δεδοικυῖα
910 2428 1019 2479 τῶν
1077 2425 1145 2494 τῇ
1225 2423 1426 2495 αἱρέσει
1485 2422 1908 2494 κατειλημμένω

2116 2444 2184 2481 ue
2230 2427 2301 2481 de
2352 2428 2616 2483 colendis
2665 2429 3024 2500 imaginibus
3073 2448 3191 2485 non
3224 2432 3414 2486 fuerat
3457 2432 3718 2487 Ecclesia

311 2512 663 2587 Ἐγκείμένου
717 2509 776 2567 δὲ
828 2516 925 2567 τοῦ
979 2510 1241 2580 Μανουήλ
1272 2511 1371 2589 ἔφη
1407 2513 1441 2580 ἡ
1475 2509 1748 2586 Θεοδώρα,
1782 2512 1875 2579 ὠς,
1904 2517 1913 2531 ’

2132 2522 2393 2583 ecturus,
2447 2517 2565 2571 nisi
2612 2516 2673 2571 id
2720 2517 2950 2590 legibus
2980 2519 3317 2590 litterisque
3356 2521 3513 2576 942
3545 2521 3727 2575 sacris

312 2599 467 2675 ἐμὸς,
525 2602 571 2655 ὦ
614 2600 896 2677 μάγιστρε,
936 2599 1071 2675 ἀνὴρ
1126 2621 1185 2655 τε
1231 2601 1320 2655 καὶ
1381 2598 1637 2674 βασιλεὺς
1693 2594 1914 2676 ἀκριϐείι

2123 2607 2339 2661 :ivisset
2368 2606 2660 2664 damnari.
2695 2609 2828 2662 Haec
2874 2608 3086 2664 locutas
3119 2609 3426 2665 Manuelus
3465 2625 3725 2681 prmsen-

311 2689 374 2758 ἤν
431 2688 686 2766 ἐραστὴς,
729 2689 820 2745 καὶ
881 2686 1031 2744 οὐδὲν
1100 2688 1508 2764 ἀπερισκέπτως
1572 2687 1767 2763 ἔπραξε
1850 2711 1913 2744 πο

2122 2711 2192 2749 em
2217 2696 2449 2766 imperii
2469 2696 2718 2765 vitaeque
2744 2697 2943 2764 tinem,
2969 2698 3298 2768 eademque
3322 2697 3442 2752 ﬁlio
3466 2698 3724 2752 minatus

314 2800 468 2846 ποτε,
498 2779 780 2835 καὶτοῦτο
812 2779 876 2835 τὸ
901 2778 1099 2853 δόγμα,
1151 2778 1196 2833 εἰ
1262 2781 1338 2851 μὴ
1400 2776 1842 2852 ἀπηγορευμένον
1901 2780 1916 2831 ἦ

2121 2789 2184 2851 5t,
2235 2784 2349 2838 nisi
2400 2784 2665 2839 divinum
2717 2790 2992 2841 ornatum
3044 2801 3347 2841 sacrarum
3398 2786 3723 2858 imaginum

317 2874 435 2930 τοῖς
461 2870 631 2943 ἱεροῖς
671 2868 864 2942 νόμοις
920 2869 1008 2922 καὶ
1053 2873 1171 2930 ταῖς
1232 2867 1413 2941 ἁγίαις
1462 2873 1716 2941 Γραφαῖς,
1760 2865 1860 2921 οὐκ
1908 2866 1919 2919 ἐ

2124 2872 2353 2926 celesiis
2402 2872 2694 2928 redderet.
2746 2874 2968 2938 Quibus
3017 2874 3208 2929 verbis
3256 2874 3561 2931 Theodora
3608 2875 3726 2929 sive

322 2957 485 3031 ἐξῶσε
515 2964 613 3025 τῆς
667 2955 1017 3027 Ἐγκλησίας.
1075 2960 1255 3013 Τοῦτα
1312 2955 1368 3010 δὲ
1423 2954 1633 3025 ἐκείνης
1691 2954 1918 3025 εἷπούση

2130 2961 2393 3016 srterrita
2441 2961 2566 3015 sive
2614 2960 2783 3029 alias,
2834 2968 2900 3016 ut
2946 2962 3226 3028 diximus,
3263 2962 3573 3029 delectata,
3611 2969 3732 3019 tota

316 3052 542 3124 ταχεῖαν
600 3044 899 3116 ἠπείλησε)
957 3046 1096 3118 αὐτῇ
1128 3045 1507 3124 καταστροφὴν
1567 3049 1666 3118 τῇς
1699 3050 1845 3113 ζωῆς
1882 3064 1915 3097 κ

2135 3051 2175 3103 ti
2226 3050 2463 3121 negotio
2497 3066 2627 3105 sese
2660 3050 2842 3105 dedit.
2885 3051 3095 3106 Statim
3141 3052 3341 3122 itaque
3372 3053 3433 3106 in
3465 3052 3735 3109 taberna-

316 3142 416 3205 τῆς
460 3133 743 3210 βασιλείας
804 3133 1093 3204 ἔκπτωσιν,
1127 3135 1217 3189 καὶ
1277 3135 1379 3188 οὐκ
1434 3133 1569 3205 αὗτῇ
1608 3134 1792 3204 μόνον,
1829 3130 1918 3188 ἀλ]

2137 3138 2214 3192 Ila
2242 3139 2559 3194 Theoctisti
2591 3155 2799 3194 omnes
2829 3141 3145 3195 convenire
3181 3141 3375 3211 jubet,
3409 3141 3510 3211 qui
3545 3141 3617 3196 de
3651 3158 3739 3197 se-

320 3227 409 3281 καὶ
440 3230 518 3297 τῷ
546 3224 745 3294 ταύτης
788 3225 912 3295 υἱῷ,
946 3223 991 3278 εἰ
1029 3226 1103 3297 μὴ
1154 3224 1248 3279 τὸν
1303 3228 1445 3286 θεῖον
1501 3223 1709 3295 κόσμον
1742 3226 1845 3277 τῶν
1888 3223 1922 3276 is

2133 3226 2387 3282 atoribus
2415 3227 2507 3281 vel
2537 3228 2789 3283 concilio
2829 3229 3123 3299 sapientia
3154 3234 3322 3284 erant
3364 3246 3432 3285 ac
3462 3229 3735 3285 doctrina

324 3319 431 3391 ρῶν
463 3315 687 3368 εἱκόνων
731 3309 963 3382 ἀποδοίη
1022 3317 1140 3373 ταῖς
1198 3309 1573 3381 Ἐκκλησίαις.
1620 3310 1824 3368 Τούτου
1858 3318 1926 3366 το

2131 3316 2298 3383 rnati,
2328 3332 2544 3386 eosque
2577 3316 2647 3371 de
2679 3334 2812 3372 vera
2832 3317 3119 3389 religione
3146 3319 3205 3373 in
3230 3319 3491 3373 medium
3523 3335 3733 3374 consu-

324 3404 516 3480 λόγοις
541 3403 648 3459 εἶ’τε
687 3399 1166 3475 ἐκδειματιοθεῖσα,
1219 3398 1327 3456 εἷ’τε
1384 3400 1472 3455 καὶ
1532 3398 1719 3462 ἄλλως
1750 3400 1926 3474 clpam“

2131 3422 2223 3461 :re.
2256 3404 2339 3459 Ibi
2370 3405 2668 3474 omnibus,
2701 3413 2989 3477 quantum
3022 3408 3152 3480 ejus
3184 3408 3312 3462 ﬁeri
3346 3408 3559 3479 potuit,
3594 3424 3733 3463 con-

330 3496 484 3568 μένη,
526 3493 601 3554 ὡς
635 3491 881 3564 εἶ’πομεν,
916 3492 950 3560 ἡ
1007 3488 1227 3565 βασιλὶς
1281 3488 1385 3555 ὅλη
1425 3494 1522 3544 τοῦ
1552 3484 1714 3565 ἔργου
1746 3488 1930 3566 γίνεται

2129 3495 2354 3567 regatis,
2381 3512 2514 3549 cum
2548 3495 2690 3549 varii
2723 3502 2925 3551 essent
2956 3513 3262 3551 sermones
3294 3497 3481 3551 habiti
3525 3502 3582 3551 et
3611 3513 3731 3551 non

330 3582 425 3637 Καὶ
458 3582 612 3646 εὐθὺς
642 3581 946 3656 ἀγείρεσθαι
996 3578 1050 3633 ἐν
1107 3584 1220 3641 τοῖς
1281 3576 1601 3651 σκηνώμασι
1630 3582 1726 3632 τοῦ
1756 3585 1932 3633 Θεοκτ‹

2131 3601 2271 3639 auca
2314 3601 2493 3639 sacrm
2547 3585 2862 3656 Scripturm
2911 3586 3251 3641 testimonia
3280 3586 3587 3657 producta,
3620 3587 3733 3657 pias

330 3694 455 3729 στου
501 3672 830 3747 προσέταττε
858 3668 1062 3730 πάντας
1093 3668 1220 3730 τοὺς
1278 3667 1368 3723 ἐπὶ
1426 3665 1624 3723 συνέσει
1677 3668 1768 3723 καὶ
1827 3666 1929 3742 λόγ

2131 3674 2271 3728 artis
2300 3673 2601 3728 sententia
2647 3674 2924 3737 obtinuit,
2975 3674 3401 3744 decretumque
3434 3674 3505 3729 de
3550 3674 3733 3729 sacris

327 3758 773 3834 κεκοσμημένους
805 3754 864 3813 ἔκ
891 3779 951 3813 τε
990 3763 1090 3827 τῆς
1144 3753 1373 3811 συνόδου
1429 3756 1521 3811 καὶ
1574 3762 1676 3826 τῆς
1746 3755 1929 3829 συγκλῑ

2140 3761 2443 3833 aaginibus
2475 3762 2672 3816 statim
2705 3761 3064 3833 reponondis
3094 3763 3337 3817 factum.
3383 3765 3463 3816 Eo
3501 3763 3564 3816 in
3607 3779 3742 3817 con-

327 3871 444 3914 τοο,
477 3848 565 3904 καὶ
595 3848 792 3922 λόγους
832 3851 998 3901 κινεῖν
1046 3846 1137 3901 καὶ
1194 3840 1602 3920 προϐάλλεσθαι
1662 3844 1783 3919 περί
1814 3846 1929 3920 ὁροι

2132 3856 2262 3906 antu
2286 3850 2585 3921 principes
2609 3851 3002 3915 sacerdotum,
3039 3852 3315 3906 monachi
3349 3868 3416 3906 ac
3449 3852 3734 3906 senatorii

332 3937 534 4008 δοξίας.
570 3939 790 3993 Πάντων
845 3935 923 4003 δὲ,
956 3935 1030 3997 ὠς
1091 3932 1219 3998 ἔπος
1280 3935 1447 3990 εἰπεῖν
1495 3934 1934 4010 συναθροισθέντα

2147 3941 2218 4006 ri,
2269 3946 2403 3994 ante
2453 3940 2663 3993 haeresi
2710 3940 2917 4007 vitiati,
2952 3940 3197 4011 majoris
3226 3941 3408 4011 partis
3442 3940 3740 3995 sententia

332 4027 422 4080 καὶ
461 4024 644 4101 λόγων
677 4023 903 4079 πολλῶν
965 4023 1221 4099 ῥυέντων,
1261 4024 1350 4077 καὶ
1410 4029 1717 4097 μαρτυριῶν
1750 4023 1857 4078 ἀπὸ
1883 4030 1934 4077 τῆ

2136 4030 2243 4084 octi
2275 4030 2582 4083 veritatem
2608 4046 2806 4084 errore
2837 4029 3115 4085 damnato
3148 4030 3407 4101 amplexi
3440 4037 3597 4085 sunt.
3626 4030 3738 4085 Ab-

334 4113 480 4175 θείας
540 4119 759 4190 Γραιρῆς
818 4113 1199 4187 παραχοεισῶν
1259 4112 1359 4166 οὖκ
1396 4112 1627 4187 ὀλίγων,
1659 4112 1721 4165 τὸ
1770 4108 1936 4166 εὐσεῧὲ

2138 4124 2356 4187 )gatum
2389 4117 2567 4173 etiam
2598 4120 3057 4190 estpatriarchaa
3090 4136 3305 4174 munus
3325 4120 3519 4186 Janni,
3541 4120 3740 4175 missi-

333 4203 661 4278 ὑπερίσχυσε
697 4202 861 4278 μέρος
918 4202 1007 4256 κτῖ
1069 4198 1247 4276 δόγμα
1304 4201 1497 4276 γέγονε
1552 4202 1645 4263 τὰς
1688 4200 1832 4265 θείας
1882 4222 1935 4255 πε

2140 4223 2205 4261 ue
2255 4211 2604 4276 praestantes
2652 4207 2780 4275 viri,
2816 4207 3030 4278 quibus
3061 4208 3264 4277 palatii
3298 4208 3569 4263 custodia
3616 4214 3742 4262 erat

331 4303 598 4373 ραχρῆςια
629 4295 1065 4364 ἀναστηΑοῦσοαι
1119 4291 1357 4362 εἰκόνας,
1402 4298 1510 4348 τῶν
1563 4292 1861 4367 ἀρχιερέων
1896 4312 1929 4346 κ

2140 4295 2465 4359 emandata,
2518 4296 2617 4365 qui
2664 4312 2800 4350 eum
2850 4296 2999 4351 solio
3059 4296 3463 4351 deturbarent.
3524 4298 3742 4352 Jannes

334 4389 594 4460 μοναχῶν
624 4384 714 4438 καὶ
746 4381 1146 4459 συγκλητικῶν,
1180 4382 1299 4435 ὅσοι
1332 4385 1412 4452 τῷ
1466 4381 1625 4436 πάθει
1662 4380 1936 4455 κατείχοντ

2135 4384 2281 4438 rimo
2312 4400 2618 4439 cessurum
2651 4401 2712 4439 se
2743 4389 2845 4439 aut
2875 4385 3118 4439 omnino
3154 4385 3416 4440 Ecclesia
3444 4385 3737 4440 exiturum

331 4478 756 4551 πρότεροιθ,τῶν
816 4472 1086 4529 πλειόνων
1138 4473 1201 4527 τὸ
1259 4479 1506 4544 κρεῖττον
1570 4474 1933 4545 μεταμαθνΞντις

2136 4473 2402 4544 enegavit
2432 4490 2666 4528 summa
2694 4475 3097 4528 contentione.
3132 4476 3317 4539 Quam
3366 4474 3496 4544 ejus
3528 4480 3738 4529 contu-

331 4569 417 4622 καὶ
480 4561 1082 4639 μεταστοιχειωθέντων
1143 4563 1277 4636 πρὸς
1349 4563 1450 4630 τήν
1509 4559 1795 4632 ἀληθειαν,
1837 4561 1932 4617 δσο

2135 4563 2345 4617 iaciam
2378 4579 2534 4627 cum,
2568 4579 2714 4633 quos
2746 4562 2959 4617 missos
2990 4564 3142 4618 9J3
3176 4564 3248 4618 ad
3280 4580 3415 4618 eum
3461 4563 3737 4629 diximus,

334 4652 390 4710 δὲ
449 4653 740 4710 δευσοποιὰ
794 4651 1045 4717 καθίκετο
1110 4653 1144 4719 ἡ
1203 4651 1305 4720 τῆς
1363 4647 1636 4713 εὐσεϐείας
1698 4651 1843 4729 βαφὴ
1894 4672 1936 4706 κε

2146 4655 2371 4723 ugustae
2399 4650 2783 4716 iudicassent,
2816 4652 3015 4706 statim
3046 4652 3263 4708 Bardas
3296 4652 3579 4723 patricius
3612 4654 3747 4707 mit-

336 4743 677 4815 ἀμεταοέτως
741 4744 924 4817 εἶχον,
983 4737 1424 4811 ἀπεληλαμὲνιυν
1462 4741 1564 4806 τῆς
1621 4736 1839 4800 πόλεως
1897 4760 1938 4793 κ⁴

2145 4744 2257 4805 tur,
2291 4739 2604 4809 quaesitum
2629 4757 2698 4795 ex
2730 4758 2797 4794 eo
2828 4756 2903 4795 an
2930 4741 3002 4795 ob
3030 4742 3459 4813 professionem
3484 4759 3631 4796 verm
3653 4758 3744 4796 re-

346 4832 652 4907 ὑπερορίαις
718 4827 1236 4908 παραπεμφθέντων.
1320 4827 1609 4902 Καθῃρὲθη
1669 4824 1727 4882 δὲ
1782 4827 1874 4883 καὶ

2142 4829 2330 4900 gionis
2390 4830 2738 4899 patriarcha:
2784 4832 2912 4886 loco
2950 4832 3160 4887 cedere
3209 4832 3586 4887 detrectaret.
3635 4830 3744 4885 Sed

343 4917 605 4990 δυσσεϐὴς
664 4921 1009 4997 φατριάρχης
1064 4921 1175 4991 (22)
1227 4918 1451 4987 Ἰαννῆς,
1509 4917 1598 4970 καὶ
1663 4921 1760 4971 τοῦ
1808 4917 1945 4992 ἁρχιη

2146 4935 2330 4980 mnes,
2351 4919 2526 4973 homo
2550 4927 2818 4975 versutus
2841 4926 2901 4975 et
2921 4926 2984 4975 ut
3011 4921 3326 4991 quisquam
3351 4921 3505 4976 alius
3521 4919 3748 4974 fraudis

340 5013 562 5084 ρατικοῦ
619 5008 812 5080 θρόνου
865 5006 1124 5077 ἀπηλάθη
1187 5004 1256 5059 δι’
1319 5004 1634 5072 ἀποστολῆς
1685 5004 1942 5080 ἀξιολόγιι

2146 5007 2476 5063 ιιαωιιίωνο
2521 5008 2760 5062 suendzn
2814 5026 3055 5080 gnarus,
3090 5014 3353 5063 ventrem
3392 5024 3565 5062 suum
3606 5007 3748 5061 dor-

335 5095 547 5171 ἀνδρῶν
577 5100 684 5151 τῶν
717 5096 794 5161 εἰς
848 5094 1096 5170 φυλακὴν
1149 5092 1492 5170 τεταγμένων
1552 5097 1650 5148 τοῦ
1684 5092 1937 5149 παλατίοι

2143 5113 2345 5166 imque
2376 5101 2433 5150 et
2464 5102 2630 5150 nates
2662 5096 2903 5167 plumbo
2931 5096 3295 5167 compungit,
3328 5101 3395 5150 ut
3425 5112 3459 5149 a
3496 5093 3745 5164 quibus-

335 5187 436 5249 Οἷς
465 5185 728 5260 πρότερον
782 5184 874 5256 μὶν
931 5182 1213 5246 κατελθεῖν
1271 5182 1372 5237 οὑκ
1429 5181 1691 5251 ἐπείθετο,
1720 5180 1815 5237 οὐδ
1846 5184 1937 5238 ὲκιέ

2137 5202 2222 5240 1m
2256 5185 2454 5257 ﬂagris
2502 5201 2688 5239 cmsus
2719 5185 3053 5250 videretur;
3083 5185 3532 5253 vociferansque
3565 5183 3646 5237 ita
3678 5200 3739 5238 se

331 5297 392 5353 γε
438 5275 622 5335 αὐτοῖς
668 5278 768 5343 τῆς
826 5271 1118 5344 ἐκκλησίας
1179 5269 1431 5341 ἐκστῆναι
1490 5266 1933 5326 διεϐεϐαιοῦτο’‹]

2141 5276 2163 5329 b
2210 5275 2281 5328 iis
2333 5275 2432 5344 qui
2488 5275 2651 5329 missi
2699 5274 2937 5328 fuerant
2987 5278 3320 5337 tractatum,
3355 5278 3583 5327 tantum
3630 5272 3743 5326 sibi

334 5363 378 5422 δ’
411 5365 560 5420 οὗτοι
592 5361 1020 5437 ὑποστρέψαντες
1058 5362 1193 5436 πρὸς
1241 5362 1341 5430 τὴν
1389 5359 1676 5434 πέμψασαν
1722 5357 1936 5433 βασιλίὲ

2138 5363 2377 5435 :mporis
2408 5362 2651 5419 concedi
2680 5362 2903 5433 flagitat
2924 5361 3110 5417 donec
3132 5362 3350 5417 vibices
3374 5362 3740 5418 eluerentur.

1521 5485 1883 5541 XYLANDRI
1932 5488 2018 5542 ΕΤ
2056 5488 2274 5544 GOARI
2311 5488 2540 5543 NOTAE.

398 5620 507 5697 (22)
538 5615 897 5695 Φατριάρχης
926 5620 1086 5672 recte
1114 5614 1350 5688 legitur,
1382 5629 1506 5670 non
1537 5610 1902 5687 πατριάρχης.
1933 5613 2108 5671 ϐολιι.
