4054 6286
289 351 317 410 1
328 352 445 412 027

1644 339 1968 406 GEORGII
2012 339 2360 404 CEDRENI

3544 343 3701 406 1028

283 486 502 544 Bardas
533 491 728 542 autem
758 485 970 556 vigilim
1000 483 1375 556 drungarius,
1409 499 1444 539 a
1474 499 1590 554 quo
1621 497 1685 536 se
1709 481 1791 534 ita
1821 495 1926 533 caa—

2041 475 2291 550 γνώριμα
2344 476 2612 538 τεθείκασι
2671 477 2738 533 τὰ
2794 485 2898 548 τῆς
2969 477 3265 549 ἀπειθείας,
3325 478 3353 533 6
3409 477 3703 552 πατρίκιος

282 595 415 634 sum
447 581 661 635 Jannes
692 577 944 645 dicebat,
977 577 1306 648 impostura
1350 574 1602 644 detecta,
1637 570 1930 638 concitus,

279 670 673 726 reluctantem
706 667 885 722 etiam
915 666 1090 721 domo
1122 663 1501 737 patriarchali
1525 661 1780 735 ejicitln
1802 661 1932 730 ejus

277 758 476 813 locu‘m
508 757 854 828 imperatrix
875 761 1144 812 sanctum
1175 771 1243 811 ac
1278 753 1541 810 divinum
1570 749 1931 806 Methodium

277 846 624 913 introducit,
659 845 760 916 qui
793 845 986 901 adhuc
1029 843 1422 900 confessionis
1453 857 1573 896 sua)
1606 845 1664 894 et
1693 838 1766 894 0b
1801 851 1930 892 eam

277 935 514 992 tolerati
577 934 854 1006 supplicii
920 923 1198 988 notas'in
1246 948 1424 988 carne
1475 947 1582 986 sua
1639 926 1928 1002 gestabat,

277 1025 558 1080 omnibus
589 1024 704 1095 piis
735 1023 1162 1090 sacerdotibus,
1195 1022 1362 1076 laicis
1401 1037 1469 1075 ac
1509 1017 1840 1082 monachis,
1872 1018 1933 1070 et

276 1114 350 1169 iis
374 1115 551 1169 etiam
571 1113 671 1184 qui
690 1113 750 1168 in
772 1111 1077 1167 montibus
1089 1109 1778 1175 exercebantur,summ0
1793 1121 1928 1161 cum

275 1203 491 1276 gaudio
524 1201 652 1273 ejus
682 1201 1154 1274 designationem
1175 1197 1663 1272 approbantibus,
1696 1213 1763 1252 ac
1793 1212 1928 1250 con-

275 1291 474 1346 fertim
505 1291 568 1344 in
599 1289 808 1344 urbem
839 1288 1235 1355 venientibus,
1262 1303 1500 1358 unoque
1527 1302 1628 1341 ore
1650 1283 1928 1340 hmresim

270 1378 841 1452 Imaginiperdarum
855 1377 1278 1432 darnnantibus
1293 1381 1516 1432 aeterno
1539 1373 1926 1428 anathemate.

279 1468 398 1522 Hoc
437 1467 791 1539 praeclarum
821 1466 1052 1522 facinus
1083 1464 1307 1536 inclyta
1343 1462 1651 1520 Theodora
1681 1467 1739 1518 et
1770 1461 1928 1516 ﬁlius

273 1555 445 1611 initio
496 1555 731 1628 imperii
782 1555 872 1610 sui
909 1554 1246 1610 ediderunt.
1289 1553 1514 1625 Impius
1545 1569 1681 1607 vero
1710 1553 1928 1607 Jannes

273 1645 430 1700 9-14
462 1644 822 1700 monasterio
843 1644 1108 1698 inclusus
1129 1642 1387 1710 cuidam,
1411 1657 1545 1698 cum
1579 1642 1640 1694 in
1669 1639 1926 1711 quadam

271 1732 400 1804 ejus
427 1739 592 1805 parte
621 1732 894 1788 sufﬂxam
917 1732 1240 1801 imaginem
1264 1731 1482 1786 Christi
1509 1730 1632 1799 Dei,
1658 1728 1924 1800 Deiparze

2046 562 2240 618 θᾶττον
2271 563 2611 638 ἐκπέμπαται
2667 565 2902 642 Βάρδας,
2934 569 2962 622 6
2992 573 3094 638 τῆς
3125 564 3413 638 δεσποίνης
3443 563 3702 642 ἀδελφὸς,

2041 651 2138 706 τοῦ
2193 652 2358 728 χάριν
2411 655 2746 729 πευσόμενος
2802 658 2878 730 μὴ
2933 659 3004 730 τῇ
3055 653 3328 732 ὁρθοδόξῳ
3380 655 3556 710 πίστει
3603 657 3706 710 τοῦ

2041 741 2440 817 πατριαρχείου
2487 744 2589 800 οὐκ
2645 746 3026 806 ἀπανίσταται.
3074 747 3136 804 Ὁ
3193 742 3250 800 δὲ
3299 746 3506 813 Ἰαννῆς
3561 764 3700 798 πανο

2042 833 2242 906 οὖργος
2287 829 2361 884 ὢν
2413 833 2506 889 καὶ
2550 835 2908 911 συκοφαντίας
2957 833 3124 909 ῥάψαι
3184 833 3332 907 εἴπερ
3387 854 3474 894 τις
3515 831 3698 898 εἰδὼς,

2044 915 2300 992 μολίϐδῳ
2351 923 2668 994 καταττίξας
2716 925 2818 993 τήν
2885 925 3077 979 ἑαυτοῦ
3142 925 3376 1001 γαστέρα
3409 967 3424 992 ,
3472 921 3565 977 καὶ
3630 922 3699 978 τὰ

2039 1011 2205 1076 νῶτα,
2234 1009 2324 1064 καί
2352 1009 2480 1073 τοὺς
2507 1011 2780 1088 γλουτοὺς
2809 1013 2884 1076 ὡς
2924 1010 3104 1068 δοκεῖν
3145 1013 3517 1086 μαστιχθῆναι
3551 1011 3701 1086 παρά

2040 1101 2199 1152 τινῶν
2231 1141 2246 1168 ,
2307 1099 2398 1154 καὶ
2457 1101 2604 1175 παρᾶ
2655 1107 2766 1157 τῶν
2849 1100 3199 1178 πεμφθέντων
3281 1104 3454 1156 ταῦτα
3507 1101 3698 1154 παθεῖν

2039 1188 2316 1262 κεκραγὼς
2381 1183 2729 1265 βαρϐαρικῶς
2794 1191 3136 1266 ἐπιθεμένων.
3187 1189 3356 1263 αὐτῷ,
3411 1190 3502 1244 καὶ
3554 1187 3700 1262 μᾶλο

2041 1277 2142 1334 λον
2171 1279 2318 1356 παρὰ
2355 1281 2766 1339 Κωνσταντίνου
2803 1287 2899 1340 τοῦ
2945 1281 3309 1360 δρουγγαρίου
3345 1289 3448 1352 τῆς
3480 1281 3698 1357 βίγλαςν

2038 1365 2320 1438 ἠντιϐόλει
2369 1374 2795 1448 συγχωρηθῆναι
2848 1373 2988 1448 πρὸς
3043 1373 3255 1447 μικρὸν,
3295 1370 3402 1427 ἔστ’
3457 1368 3518 1426 ἃν
3556 1371 3699 1445 ἀφα-

2037 1459 2235 1512 νισθεῖν
2296 1458 2461 1516 αὐτοῦ
2545 1461 2616 1516 τὰ
2706 1463 3002 1540 στίγματα.
3091 1463 3195 1520 Καί
3243 1461 3272 1516 6
3333 1461 3430 1534 μὶν
3488 1461 3700 1531 Ἰαννῆς

2035 1550 2222 1601 ταῦτα’
2257 1547 2285 1601 6
2317 1545 2375 1602 δὲ
2404 1546 2618 1624 Βάρδας
2646 1555 2744 1604 τοῦ
2793 1552 3218 1626 σκαιωρήματος
3259 1547 3699 1625 ἀπελεγχθὲντος

2037 1633 2112 1696 είς
2143 1636 2314 1707 θυμὸν
2355 1637 2598 1709 κινηθεὶς
2650 1640 2738 1694 καὶ
2800 1637 2998 1695 ἄκοντα
3038 1643 3228 1695 τοῦτον
3279 1642 3381 1694 τοῦ
3427 1658 3697 1714 πατριαρ-

2035 1724 2194 1798 χείου
2222 1727 2468 1803 κατάγει.
2503 1727 2581 1784 Οὗ
2604 1727 2971 1802 καταχθέντος
2989 1731 3025 1798 ἡ
3054 1725 3308 1784 δέσποινα
3337 1727 3702 1802 ἆντεισῆγαγε

269 1828 328 1877 et
377 1822 870 1894 archangelorum
914 1826 1208 1886 cerneret,
1258 1819 1577 1875 diaconum
1631 1835 1804 1874 suum
1855 1834 1924 1873 eo

2040 1812 2123 1866 τὸν
2155 1813 2299 1889 ἱερὸν
2331 1816 2422 1870 καὶ
2452 1818 2594 1871 θεῖον
2647 1817 2940 1887 Μεθόδιον,
2994 1816 3072 1874 ἔτι
3127 1825 3230 1888 τῆς
3264 1816 3572 1893 ὁμολογίας
3605 1817 3700 1872 καὶ

268 1911 594 1967 ascendere
611 1917 670 1966 et
689 1910 1120 1966 venerabilium
1145 1911 1473 1983 imaginum
1491 1907 1694 1964 oculos
1712 1923 1920 1963 eruere

2040 1908 2135 1972 τῆς
2197 1907 2497 1979 μαρτυρίας
2561 1906 2612 1962 έν
2668 1911 2736 1982 τῇ
2799 1911 2954 1980 σαρκί
3013 1909 3078 1964 τὰ
3135 1907 3408 1986 στίγματα
3471 1905 3701 1984 περιφέ-

263 1999 460 2071 jubet,
496 1999 702 2056 dicens
734 2016 832 2055 eas
859 1999 1139 2054 facultate
1184 1997 1425 2052 videndi
1458 2014 1580 2052 non
1614 2013 1741 2052 esse
1788 2012 1934 2067 prte-

269 2088 443 2144 ditas.
498 2087 617 2143 Hoc
659 2091 726 2142 ut
771 2085 1008 2142 rescivit
1054 2085 1156 2157 pia
1186 2087 1468 2158 Augusta,
1502 2084 1700 2140 divino
1747 2074 1931 2138 animi

266 2177 499 2232 fervore
547 2175 792 2230 incensa
821 2174 1009 2246 ipsius
1049 2173 1227 2228 effodi
1258 2172 1463 2228 oculos
1487 2171 1678 2242 jubet.
1715 2171 1931 2225 Verum

266 2264 700 2320 intercessione
723 2261 1117 2334 quorumdam
1142 2263 1419 2317 eilectum
1445 2265 1535 2316 est
1552 2277 1629 2316 ne
1657 2259 1716 2314 id
1739 2259 1926 2314 fieret.

269 2355 464 2410 Missis
499 2359 697 2409 tamen
729 2351 1048 2407 stallitihus
1073 2349 1382 2406 Theodoro.
1409 2349 1680 2406 ducentis
1716 2347 1926 2420 ﬂagro-

272 2460 408 2498 rum
439 2442 656 2498 ictibus
687 2457 822 2496 eum
854 2440 1144 2498 multavit.

2043 2011 2228 2067 ροντα,
2262 1994 2512 2050 ἁπάντων
2569 2000 2678 2052 τῶν
2731 1993 2963 2052 εὐσεϐῶν
3021 1997 3230 2074 ἱερέων,
3284 1997 3490 2053 λαῖκῶν
3518 2017 3575 2052 τε
3604 1995 3700 2050 καὶ

2043 2086 2301 2158 μοναχῶν
2332 2126 2348 2152 ,
2398 2084 2484 2158 [Ρ.
2538 2086 2668 2159 536]
2714 2085 2862 2142 ἀλλὰ
2926 2087 3018 2142 καὶ
3073 2092 3181 2142 τῶν
3243 2086 3294 2140 ἐν
3342 2090 3460 2147 τοῖς
3515 2083 3700 2158 ὄρεσιν

2037 2165 2390 2241 ἀσκουμένων
2441 2173 2576 2242 μετὰ
2627 2171 2848 2242 πολλῆς
2885 2180 2987 2244 τῆς
3043 2170 3401 2248 περιχαρείας
3432 2169 3698 2243 ἀποδεξαο

2041 2256 2219 2330 μένων
2248 2261 2348 2326 τήν
2375 2255 2692 2336 προϐολὴν,
2738 2264 2830 2317 καὶ
2861 2258 3056 2338 ἆθρὸον
3086 2264 3186 2332 τὴν
3221 2259 3482 2338 βασιλίδα
3524 2282 3697 2317 κατα-

2037 2340 2320 2402 λαϐόντων
2371 2347 2462 2404 καὶ
2502 2350 2812 2430 ὁμοφώνως
2867 2351 3073 2426 αἰωνίῳ
3116 2348 3414 2426 ἀναθέματι
3452 2347 3698 2426 παραδε-

2037 2431 2291 2490 δωκότων
2321 2439 2422 2506 τήν
2450 2436 2654 2514 αἵρεσιν
2707 2444 2817 2496 τῶν
2875 2440 3298 2518 Εἶκονομάχων.
3353 2442 3536 2498 Ταῦτα
3596 2440 3693 2513 μὲν

268 2529 320 2584 ἐν
376 2529 696 2606 προοιμίοις
751 2531 821 2602 τῇ
873 2525 1117 2602 ἂοιδίμῳ
1171 2523 1426 2602 Θεοδώρᾳ
1483 2527 1574 2581 καὶ
1631 2523 1712 2598 τῷ
1751 2523 1959 2595 ταύτης
2048 2524 2151 2596 υἱῷ
2227 2527 2582 2604 κατεπράχθη
2657 2530 2725 2584 τὰ
2807 2531 3224 2606 κατορθώματα·
3283 2532 3311 2586 6
3365 2527 3423 2586 δὲ
3478 2529 3695 2606 ἆνιέρος

267 2622 478 2689 Ἰαννῆς
535 2617 587 2674 ἐν
649 2617 1005 2692 μοναστηρίῳ
1059 2617 1165 2672 τινὶ
1221 2615 1585 2692 κατειρχθεὶς,
1643 2614 1735 2669 καὶ
1793 2611 1846 2668 ὲν
1923 2633 2029 2668 τινι
2117 2614 2268 2690 μέρει
2347 2617 2548 2674 τούτου
2602 2619 3056 2694 ἀνεστηλωμένην
3117 2620 3446 2695 θεασάμενος
3506 2619 3698 2675 εἰκόνα.

269 2711 509 2782 Χριστοῖὶ
547 2711 644 2762 τοῦ
675 2709 809 2762 Θεοῦ
837 2706 927 2761 καὶ
958 2712 1060 2775 τῆς
1090 2707 1438 2782 Θεομήτορος
1497 2704 1591 2758 καὶ
1644 2707 1753 2758 τῶν
1813 2700 2200 2778 ἀρχαγγέλων,
2257 2708 2338 2777 τῷ
2396 2707 2588 2762 ἑαυτοῦ
2642 2703 2878 2782 διακόνῳ
2935 2708 3252 2784 προσέταξεν
3285 2703 3548 2764 ἀναϐάντι
3577 2712 3692 2764 τῶν

273 2793 584 2871 σεϐασμίων
615 2795 839 2852 εἰκόνων
871 2795 959 2850 ἀνι
973 2795 1123 2871 ρύξαι
1151 2795 1278 2858 τοὺς
1309 2791 1652 2872 ὀφθαλμοὺς,
1683 2791 1852 2846 εἰπὼν
1886 2791 1964 2864 μὴ
2007 2787 2156 2870 ἔχειν
2209 2794 2408 2858 αὖτοὺς
2437 2797 2538 2864 τήν
2565 2801 2665 2852 τοῖ’)
2695 2797 2824 2872 ὀρᾷν
2878 2795 3126 2872 δύναμιν.
3180 2799 3270 2862 Ὠς
3322 2797 3412 2854 οὖν
3455 2797 3688 2854 ἐπύθετο

269 2887 500 2956 ταῦταῆ
535 2878 760 2953 εὐσεϐὴς
791 2880 1062 2956 δέσποινα,
1097 2881 1254 2958 ζήλῳ
1310 2883 1436 2956 θείῳ
1497 2882 1870 2968 ἐκπυρωθεῖσα
1925 2878 2052 2941 τοὺς
2109 2881 2276 2938 αὐτοῦ
2332 2884 2627 2958 προσέταξε
2682 2885 3048 2963 διορυχθῆναι
3105 2885 3450 2968 ὀφθαλμοὺς.
3510 2885 3692 2944 Ἀλλὰ

271 2980 436 3034 τοῦτο
471 2975 566 3048 μὲν
617 2973 721 3028 οὐκ
776 2971 987 3049 ἐγένετο
1040 2973 1466 3048 μεσιτευσάντων
1519 2976 1706 3042 τινῶν,
1765 2967 2099 3045 δορυφόρους
2131 2968 2174 3026 δ’
2204 2973 2522 3049 ἐκπρμψασα
2581 2976 2824 3050 μάστιξιν
2881 2977 3046 3032 αὐτὸν
3101 2967 3434 3053 κατῃκίσατο
3489 2976 3689 3052 λώρων

277 3063 532 3122 διακοίων
557 3066 690 3136 (23).

349 3161 529 3214 Natus
561 3159 673 3214 fuit
699 3160 917 3214 Jannes
947 3159 1058 3214 iste
1092 3158 1280 3230 Cpoli,
1315 3157 1496 3228 stirpe
1530 3155 1928 3210 Morocharza-
1953 3153 1996 3221 C

274 3247 532 3303 niorum.
565 3249 634 3302 Et
657 3247 782 3318 jam
813 3247 887 3303 ad
931 3252 1234 3304 senectam
1267 3252 1499 3301 aetatem
1542 3243 1832 3300 accedens
1866 3242 1928 3297 in

271 3338 903 3410 praestantissimorum
975 3343 1301 3409 martyrum
1358 3336 1542 3408 Sergii
1610 3341 1668 3390 et
1714 3333 1925 3390 Bacchi

272 3427 552 3498 princeps
581 3426 692 3480 fuit
719 3426 1100 3493 monasterio,
1127 3425 1209 3480 ibi
1241 3425 1303 3480 in
1324 3425 1589 3481 Ecclesia
1617 3423 1793 3478 veluti
1834 3439 1928 3478 co-

271 3515 443 3571 lubcr
491 3514 730 3586 quidam
778 3515 840 3570 in
885 3521 1056 3570 antro
1089 3514 1463 3570 delitescens.
1497 3512 1786 3568 Paulatim
1824 3511 1926 3566 de-

273 3603 334 3658 in
365 3603 438 3658 de
469 3620 816 3676 progressus
839 3603 912 3658 ad
933 3603 1146 3659 altiora
1173 3603 1330 3668 fecit,
1355 3620 1462 3674 per
1483 3617 1722 3658 omnem
1743 3600 1924 3656 vitam

270 3693 842 3766 Imaginiperdarum
873 3693 1086 3748 haeresi
1117 3693 1384 3765 impense
1415 3691 1672 3758 deditus,
1703 3691 1927 3763 prmsti-

271 3781 500 3854 giarum
532 3781 832 3838 studiosus
853 3788 911 3838 et
930 3781 1365 3837 divinationum
1386 3797 1494 3853 per
1514 3781 1750 3852 pelvim.
1779 3780 1926 3836 Cha-

271 3871 544 3926 rissimus
574 3871 686 3926 fuit
723 3870 1003 3927 Michaelo
1055 3871 1254 3939 Balbo,
1287 3871 1405 3926 sive
1438 3869 1512 3925 ob
1552 3870 1796 3925 haeresis
1827 3887 1920 3924 so-

269 3959 568 4020 cietatem.
594 3961 711 4015 sive
733 3959 806 4014 0b
823 3959 1104 4016 doctrina:
1127 3961 1492 4032 Opinionem,
1516 3964 1577 4014 et
1595 3965 1923 4031 praceptor

269 4047 594 4120 Theophilo
618 4049 748 4121 ejus
774 4048 897 4104 tilio
929 4048 1115 4104 datus.
1153 4047 1511 4120 Theophilus
1542 4049 1793 4120 imperio
1823 4065 1923 4104 ac-

272 4145 442 4210 cepto
470 4138 730 4209 primum
759 4137 810 4194 ei
848 4139 1102 4211 cyncelli
1135 4139 1483 4212 dignitatem
1516 4138 1787 4203 contulit,
1820 4137 1921 4193 de-

270 4227 407 4282 inde
457 4227 854 4299 patriarcham
905 4229 1125 4284 creavit
1170 4227 1408 4300 Cpollis.
1463 4227 1682 4283 Solitus
1729 4227 1842 4282 fuit
1867 4226 1922 4282 ei

270 4318 456 4388 pelvis
481 4319 758 4374 vaticinio
793 4324 846 4374 et
877 4319 1192 4391 prmstigiis
1223 4318 1422 4374 futura
1450 4318 1791 4390 prmdicere.
1820 4320 1920 4372 Et-

271 4406 431 4461 enim
454 4406 776 4478 aliquando
801 4408 952 4464 945
990 4425 1125 4463 eum
1149 4406 1334 4462 inﬁda
1364 4413 1542 4478 atque
1574 4423 1728 4464 saeva
1757 4424 1915 4479 quaa-

2105 3152 2335 3231 Ἦνεγκε
2365 3151 2424 3210 δὲ
2465 3155 2558 3210 τὸν
2615 3155 2822 3227 Ἰαννῆν
2877 3160 3070 3214 τοῦτον
3097 3161 3132 3228 ἡ
3170 3151 3553 3235 μεγαλόπολις
3585 3159 3681 3231 (24

2042 3242 2181 3312 αὕτη
2213 3247 2304 3297 καί
2359 3249 2546 3299 πασῶν
2582 3245 2972 3321 προκαθημένῃ
3023 3251 3130 3302 τῶν
3179 3245 3396 3302 πόλεων
3430 3249 3563 3319 (25),
3591 3252 3696 3316 τῆς

2039 3333 2146 3384 τῶν
2201 3332 2692 3412 Μωροχαρζανίων
2741 3333 3108 3410 κατργόμενον
3161 3339 3344 3413 γενεᾶς
3375 3379 3388 3394 .
3449 3335 3695 3410 ’Δψάμε-

2041 3438 2132 3474 νον
2164 3415 2222 3474 δὲ
2250 3417 2359 3491 ἤδη
2391 3422 2480 3476 καὶ
2522 3431 2846 3498 γεροντικῆς
2903 3422 3146 3493 ἡλικίας,
3177 3427 3211 3496 ἡ
3248 3425 3390 3498 μονὴ
3419 3430 3529 3480 τῶν
3558 3423 3694 3480 κολ-

2041 3504 2264 3564 λινίκων
2319 3510 2608 3586 μαρτύρων
2653 3513 2885 3589 Σεργίου
2934 3514 3026 3568 καὶ
3079 3514 3301 3589 Πάκχου
3351 3516 3460 3590 (26)
3507 3512 3691 3586 ὥσπερ

2034 3598 2156 3652 τινὰ
2200 3595 2463 3673 δράκοντα
2514 3599 2566 3655 έν
2618 3600 2884 3674 ἐκκλησίᾳ
2933 3601 3284 3680 φωλεύσαντα
3333 3605 3486 3678 εἶχεν
3529 3604 3696 3678 ἡγού-

2039 3709 2198 3755 μενον
2246 3686 2298 3743 ἐν
2328 3689 2488 3764 αὐτῇ,
2546 3688 2600 3744 ἒν
2659 3687 2718 3746 δὲ
2769 3697 2890 3754 ταῖς
2947 3694 3084 3746 κατὰ
3144 3692 3338 3768 μικρὸν
3399 3693 3694 3767 γενόμενον

2035 3771 2324 3832 ἆναϐάσεσι
2352 3780 2421 3852 τῇ
2452 3797 2510 3834 τε
2537 3783 2646 3834 τῶν
2679 3778 3078 3856 Εἶκονομάχων
3120 3782 3262 3855 ἀθέῳ
3293 3782 3494 3855 αἱρέσει
3540 3781 3698 3862 ἶσχο-

2037 3867 2146 3939 ρῶς
2192 3866 2621 3942 προστετηκότα,
2661 3869 2751 3922 καὶ
2799 3869 3081 3946 γοητείαις·
3147 3869 3690 3946 προσανέχοντα,καὶ

2037 3950 2463 4028 λεκανομαντίας
2522 3953 2611 4010 διὰ
2680 3957 2800 4032 βίου
2857 3959 3080 4030 παντὸς,
3141 3956 3508 4038 διαφερόντως
3553 3960 3691 4037 ἆγο-

2034 4044 2274 4114 πηθέντα
2301 4049 2384 4116 τῷ
2411 4045 2574 4120 πατρὶ
2607 4045 2878 4126 Θεοφίλου
2915 4047 3156 4124 Μιχαὴλ
3187 4053 3268 4122 τῷ
3295 4048 3546 4124 τραυλῷ,
3582 4047 3690 4104 εἴτε

2032 4136 2113 4204 τῷ
2140 4138 2416 4188 κοινωνεῖν
2442 4140 2542 4204 τῆς
2574 4133 2738 4190 αὐτοῦ
2791 4136 3070 4213 αἱρέσεως,
3121 4135 3229 4193 εἷ’τε
3255 4139 3346 4193 καὶ
3374 4143 3456 4210 τῷ
3486 4137 3690 4212 λογιό-

2031 4242 2154 4292 τητι
2187 4223 2486 4293 κτήσασθαι
2545 4220 2721 4298 δόξαν,
2751 4229 2850 4281 τοῦ
2899 4225 3168 4307 Θεοφιλου
3239 4224 3296 4282 δὲ
3352 4224 3682 4282 διδάσκαλον

2031 4311 2310 4386 γεγονότα.
2341 4312 2443 4369 Καὶ
2474 4309 2591 4368 ἐπεὶ
2623 4311 2782 4378 οὗτος
2811 4315 2908 4378 τὰς
2944 4321 3044 4386 τῆς
3095 4313 3374 4391 βασιλείας
3424 4319 3683 4392 κατέσχεν

2031 4399 2206 4472 ἡνίας,
2265 4400 2564 4476 σύγκελλον
2639 4403 2734 4476 μὲν
2816 4407 3014 4459 τοῦτον
3095 4409 3235 4479 τιμᾷ
3289 4409 3527 4481 πρῶτον,
3587 4405 3685 4462 εἶθ’

273 4494 407 4550 dam
431 4511 575 4568 gens
596 4497 787 4552 tribus
799 4496 1145 4553 ductoribus
1162 4512 1269 4552 usa
1284 4497 1612 4552 Romanam
1634 4497 1920 4554 ditionem

2040 4488 2250 4564 ὕστερον
2305 4489 2397 4545 καὶ
2456 4491 2804 4567 πατρὶάρχην
2878 4493 3279 4564 ἀποκαθίστησι
3337 4500 3684 4551 Κωνσταντι-

271 4582 604 4654 infestaret,
660 4601 846 4656 eaque
891 4601 986 4640 res
1030 4585 1444 4658 Theophilum,
1491 4586 1577 4641 uti
1623 4603 1730 4659 par
1775 4593 1920 4659 erat,

270 4671 598 4727 sollicitum
623 4678 877 4743 teneret,
895 4674 1111 4729 Jannes
1133 4689 1268 4728 eum
1292 4673 1537 4730 dimissa
1557 4675 1740 4731 animi
1764 4677 1924 4749 aegri-

270 4761 476 4818 tudine
523 4763 746 4835 optime
795 4764 867 4819 de
907 4765 1083 4820 rebus
1130 4781 1368 4836 sperare
1409 4765 1692 4836 jusserat,
1745 4767 1922 4822 modo

270 4852 461 4924 ipsius
492 4853 745 4909 consilio
777 4869 986 4925 parere
1017 4853 1214 4909 vellet.
1247 4853 1572 4910 Consilium
1608 4854 1725 4910 tale
1757 4862 1920 4912 erat:

267 4943 432 4998 Inter
470 4959 654 4999 aereas
703 4948 950 5010 statuas,
992 4959 1123 5014 quas
1171 4947 1340 4998 erant
1391 4943 1453 4998 in
1502 4943 1706 5016 euripo
1755 4945 1920 5015 circi,

2029 4577 2368 4649 νουπόλεως,
2425 4580 2763 4656 προγνώσεις
2845 4581 2998 4645 τινὰς
3080 4579 3172 4638 διὰ
3230 4581 3686 4657 λεκανομαντείας

2031 4669 2120 4724 καὶ
2183 4667 2434 4746 γοητείας
2487 4669 2636 4743 αὖτῷ
2686 4670 3124 4750 ἀπαγγέλλοντα.
3183 4673 3490 4750 Κατέτρεχέ
3548 4694 3685 4730 ποτε

2031 4761 2099 4818 τὰ
2149 4761 2442 4835 Ῥωμαίων
2500 4759 2648 4823 ἔθνος
2705 4759 2931 4819 ἄπιστον
2984 4763 3075 4820 καὶ
3135 4763 3376 4840 σκληρὸν
3417 4769 3553 4840 (27),
3589 4766 3682 4843 ὐφ’

2031 4852 2271 4927 ἡγεμόσι
2321 4850 2466 4927 τρισὶ
2522 4851 3000 4930 στρατηγούμεγον
3037 4875 3050 4890 ο
3121 4855 3213 4909 καὶ
3267 4855 3346 4920 ὡς
3399 4855 3543 4919 εἰκὸς
3593 4855 3682 4910 ἐπὶ

2030 4942 2209 5014 τούτῳ
2237 4945 2334 4998 τοῦ
2365 4939 2634 5019 Θεοφίλου
2683 4941 3014 5018 ἀνιωμένου,
3063 4944 3358 5001 ἀποθέσθαι
3409 4947 3510 5018 τήν
3542 4945 3681 5002 ἄθυ-

1471 5050 1834 5109 XYLANDRI
1873 5055 1960 5110 ET
2000 5049 2217 5110 GOARI
2255 5049 2479 5104 ΝΟΤᾸΞ.

343 5177 456 5248 (23)
511 5179 851 5234 Taurean
898 5177 996 5234 hic
1055 5181 1183 5232 erat
1247 5193 1560 5249 supremus
1607 5194 1916 5249 numerus,

271 5265 444 5321 quem
462 5249 589 5320 jam
610 5250 792 5321 habes
813 5250 883 5321 in
907 5249 1312 5321 superioribus
1333 5265 1505 5305 recen
1516 5249 1714 5321 situm.
1741 5252 1918 5306 Goan.

343 5317 902 5392 (24)’Μεγαλόπολις
967 5317 1041 5392 ob
1102 5317 1562 5392 amplitudinem
1610 5320 1923 5392 dicebatur

269 5389 643 5466 Constantini
675 5393 816 5466 urbs
841 5389 1537 5466 {Geminoltc—Antiochia
1568 5391 1642 5448 ob
1673 5393 1732 5448 id
1763 5395 1922 5466 quod

270 5463 516 5552 contijgit
559 5464 878 5552 Iustiniani
909 5469 1196 5552 't‘emporxe
1253 5465 1628 5552 miraculum,
1683 5463 1921 5552 dte—quo

273 5531 543 5600 ejusdem
584 5549 740 5588 anno
768 5539 884 5608 2;,
909 5531 1238 5608 Ἀγιόπολις
1296 5531 1664 5592 Hierusalem
1705 5531 1920 5594 Christi

271 5617 418 5656 nece
449 5611 814 5660 consecrata.
848 5607 1021 5661 om.

345 5675 456 5745 (25)
501 5673 800 5730 Librarius
851 5675 948 5730 hic
995 5676 1293 5749 ascripsit,
1323 5677 1480 5750 quod
1527 5681 1683 5734 recte
1716 5679 1921 5736 multis

2027 5178 2164 5234 aliis
2193 5175 2360 5242 locis,
2393 5191 2462 5230 ac
2488 5176 2712 5248 rectius
2743 5177 2930 5233 multo
2962 5194 3142 5248 quam
3164 5178 3280 5236 hic.
3313 5185 3678 5248 annotasset,

2023 5249 2355 5306 Cedrenum
2387 5247 2685 5302 scribendi
2719 5247 3002 5304 nimirum
3049 5251 3303 5306 materia
3333 5247 3678 5307 destitutum

2024 5323 2153 5377 huic
2185 5317 2578 5400 narrare-:02):
2625 5318 2790 5396 εἶχες,
2845 5320 2918 5381 ὡς
2974 5312 3140 5390 ἔοικε,
3173 5321 3226 5376 τί
3271 5322 3492 5400 γράφειν
3525 5321 3682 5397 ἀκρό-

2029 5409 2180 5466 μωρε
2212 5387 2468 5466 Κᾲερδηνέ.
2499 5389 2634 5466 Χγξ..

2097 5461 2211 5537 (26)
2238 5461 2694 5537 Justinianiboc
2716 5467 2856 5537 erat
2869 5462 3209 5533 mdiﬁcium,
3234 5464 3305 5521 de
3327 5481 3446 5537 quo
3477 5464 3676 5522 statim

2027 5533 2135 5592 sub
2168 5534 2338 5606 initio
2372 5533 2606 5606 imperii
2634 5534 2788 5606 ejus.
2820 5535 2998 5590 Cosa.

2098 5607 2213 5679 (2‘7)
2235 5605 2454 5679 Abares
2476 5604 2770 5679 existimo,
2790 5621 2941 5678 quos
2960 5606 3184 5679 pariter
3205 5610 3256 5677 1,
3271 5678 3274 5679 ν
3288 5609 3318 5664 3
3351 5609 3572 5668 vocavit
3592 5608 3678 5666 Si-

2027 5673 2289 5736 moca’tta
2317 5673 2674 5732 ἀπιστότατον
2705 5673 2860 5742 ἔθνος
2886 5673 2980 5734 καῖ
3024 5673 3462 5753 ἀπληστότατον.
3495 5679 3673 5742 chi.
