4054 6286
270 358 439 420 1029

1433 353 1982 418 HISTORIARUM
2029 353 2571 423 COMPENDIUM.

3539 365 3696 427 1030

277 491 404 568 μίαν
438 493 465 546 6
497 493 706 562 Ἰαννῆς
764 490 1085 567 παρεκάλει·
1113 491 1203 544 καὶ
1262 488 1489 566 θάρσους
1536 489 1922 566 πληρωθῆναι,

2054 495 2231 547 statua
2263 493 2532 564 quaedam
2556 500 2789 551 exstare
2811 496 3112 553 ferebatur
3134 498 3372 568 triceps.
3389 500 3527 554 Tres
3550 517 3684 573 ergo

275 581 392 658 εἷ’γε
453 579 622 656 μύνον
678 584 748 655 τῇ
805 581 974 636 αὐτοῦ
1031 575 1322 654 συμϐουλῇ
1381 581 1824 656 πειθαρχήσειεν.
1870 579 1934 632 Ἣ

275 669 333 727 δὲ
364 666 657 745 συμϐουλὴ
717 671 945 740 τοιαύτη
1005 670 1093 739 ἦν.
1149 671 1236 727 Ἐν
1290 674 1408 733 τοῖς
1463 669 1539 733 εἰς
1579 669 1671 724 τὸν
1703 665 1930 744 οὕριπον

274 765 373 816 τοῦ
456 761 685 815 ἱππικοῦ
744 758 1052 833 ἱσταμένοις
1108 756 1344 834 χαλκοῖς
1401 756 1644 832 ἀνδριᾶσι
1704 756 1794 812 καί
1850 777 1932 818 τις

275 846 496 924 ἀνδριὰς
552 847 801 904 ἵστασθαι
859 845 1078 923 ἐλέγετο
1136 849 1280 923 τρισὶ
1350 844 1789 920 διατυπούμενος
1846 866 1935 901 κε-

276 937 503 1017 φαλαῖς.
582 937 913 1012 Ηροστάττει
992 936 1170 992 τοίνυν
1232 937 1261 991 6
1319 938 1522 1000 Ἰαννῆς
1608 935 1933 1011 ἰσαρίθμους

277 1026 484 1107 σφύρας
544 1026 916 1102 χαλκευθῆναι
971 1031 1092 1088 ταῖς
1150 1024 1435 1100 κεφαλαῖς,
1469 1023 1691 1101 ἀνδράσι
1721 1044 1779 1080 τε
1806 1022 1937 1079 ταύ-

275 1138 374 1180 τας
429 1115 841 1192 ἐγχειρισθῆναι
895 1116 1032 1171 κατά
1089 1121 1250 1194 χεῖρα
1301 1115 1586 1190 γενναίοις,
1644 1112 1778 1169 κατά
1818 1134 1937 1168 τινα

279 1202 339 1260 δὶ
394 1204 731 1278 τεταγμένην
792 1202 936 1280 ὥραν
995 1205 1306 1277 νυκτερινὴν
1358 1202 1472 1276 ἅμα
1516 1201 1663 1273 αύτῷ
1688 1200 1935 1276 γενέσθαι

279 1295 417 1369 πρὸς
474 1294 564 1349 τὸν
621 1292 909 1366 είρημένον
969 1289 1281 1366 ἀνδριάντα,
1358 1290 1447 1347 καὶ
1505 1289 1665 1362 ἡνίκα
1719 1291 1935 1352 τούτοις

282 1382 577 1451 κελεύσειε,
632 1381 810 1437 παίειν
867 1383 1111 1457 ἰσχυρῶς
1163 1385 1282 1442 ταῖς
1340 1379 1568 1456 σφύραις
1618 1380 1715 1442 τὰς
1772 1402 1937 1458 κεφαο

283 1471 405 1542 λᾶς,
465 1470 663 1547 μέχρις
725 1468 785 1525 ἄν
837 1471 1214 1544 κατενεχθεῖεν
1273 1469 1348 1531 εἰς
1402 1476 1505 1544 γῆς
1583 1470 1654 1532 ὡς
1715 1469 1764 1539 ἐξ
1823 1470 1935 1532 ἑνὸς

283 1561 594 1637 κρούματός
633 1583 690 1617 τε
717 1560 808 1615 καὶ
867 1560 1141 1632 πλήξεως.
1189 1560 1399 1622 Ἡσθεὶς
1453 1558 1553 1615 οὖν
1600 1564 1718 1621 τοῖς
1748 1558 1935 1634 λόγοις

288 1655 315 1709 6
352 1650 608 1728 βασιλεὺς
667 1648 810 1706 οὕτω
867 1645 1115 1726 γενέσθαι
1144 1647 1456 1725 προσέταξε.
1501 1649 1604 1705 Καὶ
1635 1649 1936 1725 γενομένων

285 1741 457 1796 ἐκεῖσε
512 1744 622 1795 τῶν
682 1736 887 1813 ἀνδρῶν
950 1738 1064 1812 ἅμα
1119 1744 1200 1812 τῷ
1258 1739 1434 1812 ’[αννῇ
1491 1736 1681 1812 πόῤῥω
1731 1742 1936 1793 νυκτῶν

2048 582 2291 637 malleos
2350 600 2534 641 aereos
2582 585 2857 642 fabricari
2900 586 3149 658 jubebat
3202 588 3440 649 Jannes.
3471 605 3689 658 eosque

2048 671 2199 725 tradi
2222 672 2358 727 viris
2388 690 2567 729 manu
2597 675 2822 745 validis,
2860 677 2960 748 qui
2992 677 3315 733 constituta
3336 678 3527 734 noctis
3548 679 3693 734 hora

2048 777 2246 816 secum
2280 762 2354 817 ad
2385 768 2637 819 statuam
2670 765 2835 820 illam
2876 767 3247 834 accederent,
3311 767 3522 838 iisque,
3558 784 3693 823 cum

2046 847 2170 918 ipse
2224 850 2587 919 mandasset,
2637 853 2832 924 capita
2885 854 3119 909 fortiter
3152 855 3418 924 ferirent,
3451 856 3594 911 dum
3624 872 3693 911 ea

2044 937 2248 993 veluiti
2270 957 2388 995 uno
2409 941 2527 995 ictu
2549 946 2727 1012 atque
2751 944 3014 1015 impulsu
3036 944 3097 998 in
3117 950 3333 1000 terram
3348 946 3694 1017 dejicerent.

2046 1028 2291 1084 Gratum
2322 1030 2435 1084 hoc
2478 1031 2795 1087 consilium
2827 1033 3192 1105 imperatiori
3217 1034 3350 1103 fuit,
3391 1035 3697 1108 jussitque

2046 1118 2129 1173 ita
2170 1118 2319 1173 ﬁeri.
2359 1121 2506 1190 Ergo
2565 1137 2781 1193 magna
2833 1121 2960 1192 jam
3018 1129 3183 1193 parte
3242 1124 3433 1179 noctis
3490 1131 3695 1180 exacta

2046 1224 2180 1262 cum
2213 1208 2352 1264 viris
2385 1210 2515 1265 istis
2543 1212 2780 1281 Jannes,
2821 1211 2922 1283 qui
2954 1229 3028 1266 ne
3060 1219 3499 1284 agnosceretur,
3557 1232 3693 1287 pro-

2044 1297 2180 1353 fano
2213 1298 2419 1354 habitu
2449 1317 2511 1355 se
2538 1300 2833 1370 induerat,
2858 1301 2932 1357 ad
2960 1306 3214 1357 statuam
3246 1303 3422 1370 venit,
3447 1305 3697 1375 magico-

2046 1403 2159 1457 que
2194 1388 2458 1443 carmine
2494 1389 2764 1459 recitato,
2813 1391 3007 1461 iisque
3066 1391 3280 1447 robore
3313 1393 3470 1463 quod
3501 1393 3696 1448 inerat

2046 1480 2254 1531 statum
2288 1477 2586 1549 adempto,
2619 1479 2778 1534 viros
2827 1481 2990 1534 omni
3034 1481 3084 1534 vi
3142 1488 3451 1552 percutere
3501 1483 3695 1554 capita

2044 1569 2254 1621 statuae
2279 1566 2473 1637 jubet.
2507 1570 2723 1623 Eorum
2757 1569 2872 1624 duo
2904 1570 3285 1626 validissimis
3316 1571 3532 1627 ictibus
3578 1571 3694 1628 duo

2045 1656 2242 1726 capita
2289 1662 2497 1712 statuas
2548 1657 2975 1714 decusserunt:
3004 1660 3212 1715 tertius
3245 1661 3553 1716 remissius
3580 1663 3692 1716 ali-

2046 1751 2267 1815 quanto
2301 1745 2521 1801 feriens
2554 1746 2855 1802 inclinavit
2877 1749 3140 1818 quidem,
3161 1766 3278 1803 non
3298 1757 3498 1805 tamen
3515 1768 3548 1805 a
3565 1768 3690 1805 cor-

282 1831 372 1902 (ἧν
403 1827 447 1884 δ’
481 1831 509 1884 6
540 1831 744 1898 Ἰαννῆς
776 1828 911 1901 μετὰ
942 1828 1134 1883 λαϊκοῦ
1180 1832 1277 1883 τοῦ
1336 1829 1419 1901 [Ρ.
1456 1829 1584 1900 537]
1618 1830 1933 1903 σχὴματος,

2054 1850 2184 1906 pore
2219 1840 2403 1889 totum
2432 1836 2632 1891 avellit
2660 1843 2855 1908 caput.
2880 1838 3099 1892 Eodem
3144 1839 3319 1894 modo
3342 1856 3475 1894 cum
3496 1841 3688 1912 gentis

281 1918 370 1974 ἳνα
431 1920 507 1992 μὴ
568 1917 888 1995 κατάφωρος
945 1917 1211 1994 γένηται),
1276 1917 1403 1978 τοὺς
1485 1916 1933 1992 στοιχειωτικοὺς

282 2008 483 2083 λόγους
515 2008 628 2081 (28)
660 2004 898 2061 ἐπειπὼν
954 2006 1045 2061 καὶ
1098 2008 1198 2076 τὴν
1254 2006 1470 2060 ἐνοῦσαν
1511 2002 1737 2077 δύναμιν
1769 2004 1820 2060 ἐν
1854 2011 1932 2060 τῶ

282 2098 519 2170 τοιούτῷ
578 2094 851 2171 ἀνδριάντι
913 2094 1274 2174 ἀφελόμενος,
1332 2097 1508 2150 παίειν
1566 2095 1697 2158 τοὺς
1737 2093 1933 2172 ἄνδρας

283 2186 500 2242 ἐκέλευε
562 2189 821 2249 νεανικῶς
871 2207 930 2240 τε
981 2185 1069 2241 καὶ
1130 2186 1395 2260 ἰσχυρῶς,
1454 2186 1558 2242 Καὶ
1607 2186 1659 2240 οἱ
1706 2185 1803 2258 μὲν
1835 2183 1931 2240 δύο

274 2276 659 2351 ἱσχυροτάταις
718 2274 1066 2350 χρησάμενοι
1126 2280 1244 2334 ταῖς
1300 2280 1633 2352 καταφοραῖς
1690 2275 1785 2337 τὰς
1834 2271 1929 2329 δύο

271 2370 370 2420 τοῦ
427 2362 742 2438 ἀνδριάντος
799 2364 1075 2439 ἀπέκόψαν
1132 2363 1393 2443 κεφαλὰς,
1427 2364 1663 2437 ὁτρίτος
1712 2362 1771 2419 δὲ
1822 2386 1928 2438 μα-

2044 1924 2173 1994 ejus
2209 1923 2455 1979 ducibus
2508 1931 2705 1981 actum
2754 1926 2900 1979 fuit:
2936 1944 3074 1981 nam
3119 1928 3409 1983 seditione
3463 1935 3686 1998 coorta,

2044 2019 2221 2085 atque
2254 2030 2322 2069 ea
2344 2015 2403 2069 in
2421 2032 2679 2088 pugnam
2703 2016 3043 2073 intestinam
3071 2018 3373 2084 evadente,
3394 2020 3548 2075 9-16
3570 2020 3685 2075 duo

2042 2102 2113 2157 de
2149 2103 2400 2159 ducibus
2422 2105 2785 2173 ceciderunt,
2821 2107 3028 2162 tertius
3058 2108 3271 2163 vulnus
3302 2110 3549 2179 accepit,
3581 2109 3685 2163 sed

2041 2207 2162 2245 non
2184 2191 2423 2246 lethale.
2452 2193 2852 2250 Nihilominus
2882 2201 3082 2251 tamen
3113 2196 3197 2250 rei
3222 2196 3494 2267 gerandaa
3517 2213 3584 2252 eo
3608 2196 3688 2251 fa-

2041 2284 2135 2333 cto
2188 2279 2406 2349 inutili,
2438 2296 2583 2352 gens
2616 2297 2684 2338 ea
2703 2283 2926 2338 viribus
2979 2283 3101 2338 suis
3131 2283 3413 2340 destituta
3442 2283 3684 2340 domum

2040 2368 2239 2425 rediit.

277 2452 591 2529 λακωτέραν
622 2455 856 2525 ποιήσας
885 2455 983 2522 τὴν
1020 2451 1247 2528 πληγὴν
1286 2455 1478 2528 μικρὸν
1511 2454 1604 2528 μὲν
1636 2454 1966 2530 κατέκλινεν,
2020 2457 2082 2511 οὐ
2137 2457 2243 2529 μὴν
2280 2456 2371 2513 καὶ
2425 2456 2560 2528 ὅλην
2603 2462 2699 2514 τοῖ’)
2749 2459 2989 2534 σύματος
3021 2459 3253 2534 ἄπέτεμε
3282 2463 3382 2530 τήν
3415 2461 3681 2540 κεφαλήν.

277 2546 374 2609 Οἷς
406 2542 472 2617 δὴ
504 2544 906 2619 παραπλησίως
935 2546 1022 2600 καὶ
1056 2546 1122 2600 τὰ
1150 2546 1286 2600 κατὰ
1314 2547 1442 2610 τοὺς
1470 2544 1751 2619 ἡγδμόνας
1799 2551 1896 2602 τοῦ
1944 2542 2124 2609 ἔθνους
2176 2545 2613 2619 ἐπηκολούθησε·
2645 2550 2882 2614 στάσεως
2912 2551 3016 2629 γάρ
3044 2572 3193 2613 τινος
3223 2559 3482 2627 κραταιᾶς
3515 2552 3688 2608 ἐπεισ-

276 2636 548 2707 πεσούσης
579 2642 658 2707 τῷ
686 2637 844 2711 γένει,
869 2637 1038 2710 ταύτῃ
1073 2633 1130 2691 δὲ
1158 2636 1248 2691 καὶ
1284 2637 1470 2712 μάχης
1506 2636 1780 2713 ἐμφυλίου
1811 2635 2353 2709 ἐπακολουθησάσης,
2407 2640 2460 2694 οἱ
2511 2637 2610 2695 δύο
2660 2646 2766 2696 τῶν
2799 2640 3085 2718 ἡγεμόνων
3117 2643 3434 2713 πίπτουσιν,
3467 2643 3681 2719 ἐπλήγη

278 2725 336 2781 δὲ
364 2727 455 2781 καὶ
488 2727 514 2779 6
546 2726 750 2800 τρίτος,
779 2727 843 2780 οὐ
879 2727 985 2797 μήν
1013 2746 1074 2801 γε
1101 2726 1351 2800 καιρίως,
1384 2723 1592 2799 ἤργησε
1623 2722 1670 2779 δ’
1700 2726 1853 2798 ὅμως
1885 2726 1947 2782 ἐκ
1975 2734 2074 2797 τῆς
2102 2728 2351 2802 πληγῆς,
2397 2729 2487 2783 καὶ
2536 2730 2711 2795 οὕτως
2738 2732 2800 2786 τὸ
2828 2726 2980 2796 ἔθνος
3008 2733 3310 2803 ἠσθενηκὸς
3340 2730 3528 2787 οἷ’καδε
3559 2734 3688 2787 ἀπε-

276 2814 522 2885 νόστῆσε.
556 2815 659 2872 Καὶ
695 2814 760 2870 τά
794 2819 887 2888 μὲν
914 2822 1013 2884 τῆς
1050 2816 1304 2888 γοητείας
1336 2814 1534 2877 οὕτως.

352 2910 438 2977 Τῷ
494 2903 551 2959 δὲ
605 2904 766 2981 γόητι
822 2903 1001 2976 τούτῳ
1061 2905 1233 2976 Ἰαννῇ
1294 2902 1527 2981 ἀδελφὸς
1554 2906 1618 2973 ἦν
1650 2904 1924 2978 σαρκικὸς,

280 2992 452 3070 ὄνομα
507 3000 586 3068 τῷ
643 2993 797 3070 ἀνδρὶ
859 2989 1158 3069 Ἂρσαϐἡρ,
1230 2996 1330 3065 τὴν
1383 2994 1561 3070 τύχην
1620 2994 1925 3071 πατρίκιος.

281 3087 474 3158 Τοότῳ
522 3086 847 3160 προάστειον
878 3084 944 3153 ἦν
1007 3085 1143 3139 κατᾶ
1200 3085 1263 3139 τὸ
1323 3082 1600 3157 εὒώνυμον
1639 3083 1803 3160 μέρος
1834 3089 1931 3139 τοῦ

284 3180 501 3242 Στενοῦ,
532 3169 749 3251 ἔγγιστα
777 3181 877 3244 τῆς
912 3181 1082 3247 μονῆς
1128 3179 1225 3228 τοῦ
1270 3174 1458 3250 Ἀγίου
1492 3180 1679 3243 Φωκᾶ,
1714 3171 1932 3229 οἰκοδο-

287 3266 393 3339 μὰς
446 3260 575 3339 ἔχον
633 3264 985 3332 πολυτελεῖς,
1044 3265 1204 3326 στοάς
1267 3285 1326 3319 τε
1381 3265 1468 3320 καὶ
1530 3265 1788 3340 βαλανεῖα
1844 3266 1932 3321 καὶ

285 3350 568 3431 διατριϐὰς
645 3353 818 3416 ἄλλας
898 3352 1254 3428 ἐπιστερπεῖς.
1344 3354 1549 3408 Ἐκεῖσε
1594 3350 1651 3407 δὲ
1717 3354 1746 3408 6
1801 3353 1936 3427 γόης

282 3444 488 3520 συχνὰς
547 3448 721 3499 ποιῶν
775 3443 873 3506 τὰς
928 3442 1270 3519 καταγωγὰς,
1331 3442 1592 3519 ὑπόγαιόν
1657 3464 1709 3497 τι
1770 3463 1938 3498 κατα-

286 3535 546 3595 σκευάσας
575 3530 899 3605 ἐνδιαίτημα
954 3530 1044 3585 καὶ
1100 3535 1179 3601 τῷ
1231 3533 1549 3607 Τροφωνίου
1605 3532 1938 3606 παρόμοιον,

286 3619 503 3678 ὄπισθεν
535 3619 591 3676 δέ
639 3618 874 3683 πυλίδας
920 3618 1332 3693 δημιουργήσας
1365 3617 1493 3675 εἶ’σω
1523 3622 1649 3682 τοὺς
1681 3620 1942 3685 θέλοντας

287 3712 688 3788 παραπέμπειν,
752 3710 878 3773 τοὺς
941 3709 1313 3785 βουλομένους
1374 3707 1594 3785 ἐδέχετο
1647 3709 1700 3766 ἐν
1754 3709 1942 3783 ἐκείνῳ

285 3807 365 3875 τῷ
419 3805 654 3877 πονηρῷ
710 3798 1080 3878 ἐργαστηρίῳ,
1137 3800 1227 3854 καὶ
1287 3804 1377 3854 νῦν
1441 3800 1531 3873 μὲν
1594 3798 1940 3872 ἐταμιεύοντο

285 3889 859 3966 θαλαμηπολούμεναι
918 3892 1036 3962 (29)
1117 3888 1450 3962 μονάζουσαί
1499 3909 1559 3943 τε
1612 3888 1701 3942 καὶ
1755 3888 1943 3950 ἄλλως

285 3986 534 4054 γυναῖκες
566 3984 645 4051 τῷ
688 3975 883 4033 κάλλει
934 3975 1275 4053 διαπρεπεῖς,
1311 3980 1395 4040 αἷς
1426 3976 1817 4056 συνεφθείρετο,
1850 3983 1940 4031 νῦν

294 4068 352 4125 δὲ
380 4069 812 4139 ἠπατοσκοπίαι,
867 4066 957 4121 καὶ
1017 4067 1490 4140 λεκανομαντεῖαι,
1548 4066 1636 4121 καὶ
1694 4071 1945 4144 γοητεῖαι

293 4158 384 4214 καὶ
459 4161 871 4230 νεκυομαντεῖαι
946 4153 1290 4230 ἐνηργοῦντο,
1368 4151 1438 4208 δι’
1523 4152 1597 4208 ὧν
1671 4153 1945 4217 πολλάκις

292 4245 570 4324 συνεργείᾳ
601 4244 877 4317 δαιμόνων
936 4245 1060 4299 τινα
1114 4248 1220 4298 τῶν
1286 4241 1600 4314 μελλόντων
1629 4242 1942 4318 προέλεγεν.

289 4334 467 4391 Ἀλλὰ
496 4338 656 4389 τοῦτο
714 4335 777 4389 τὸ
830 4339 1018 4404 κτῆμα
1070 4330 1225 4387 ἐλθὸν
1286 4331 1505 4406 ὕστερον
1541 4331 1614 4392 εἰς
1640 4332 1733 4387 τὸν
1766 4353 1945 4408 παρα-

289 4426 637 4498 κοιμώμενον
695 4424 773 4487 εἲς
830 4419 1025 4501 ἔδαφος
1080 4423 1525 4501 καταστρέφεται,
1585 4423 1676 4478 καὶ
1730 4423 1808 4486 εἰς
1845 4446 1944 4496 μο-

294 4515 392 4583 νὴν
422 4514 817 4585 κατεσκευάσθη
850 4511 932 4570 ἐπ’
976 4513 1203 4587 ὀνόματι
1265 4517 1432 4568 Φωκᾶ
1459 4516 1557 4567 τοῦ
1590 4511 1945 4591 μεγαλομάρ-

297 4623 478 4680 τυρος.

369 4695 683 4772 Καθαιρέσει
739 4694 817 4765 δὲ,
874 4695 950 4759 ὡς
1007 4691 1249 4769 ε’ίπομεν,
1301 4694 1458 4754 οὗτος
1510 4692 1600 4748 καὶ
1658 4695 1709 4749 οἱ
1748 4695 1943 4750 τούτου

302 4785 529 4862 μέτοχοι
560 4780 1067 4855 καθυποϐληθέντες
1125 4780 1241 4838 οὐδ’
1299 4783 1474 4846 οὕτως
1525 4782 1760 4861 ἡσυχίαν
1792 4785 1951 4860 ἦγον,

299 4875 435 4930 ἀκκα
463 4876 598 4930 κατὰ
642 4878 751 4930 τῶν
806 4874 973 4948 ἁγίων
1035 4869 1113 4927 ἔτι
1164 4870 1527 4926 ἐνεανιεύοντο
1578 4871 1802 4927 εἰκόνων
1859 4874 1947 4928 καὶ

297 4967 510 5040 πονηρᾶ
566 4964 702 5019 κατὰ
756 4968 864 5018 τῶν
936 4956 1168 5017 εὐσεϐῶν
1223 4958 1517 5034 ἐμελέτων.
1582 4962 1950 5038 Συκοφαντίαν

295 5053 397 5129 γάρ
430 5051 694 5128 βάψαντες
727 5052 864 5107 κατὰ
916 5055 1016 5106 τοῦ
1072 5048 1315 5125 μεγάλου
1355 5047 1627 5107 Μεθοδίου
1656 5050 1952 5128 ἐπειρῶντο

300 5137 618 5199 διαϐάλλειν
668 5142 762 5198 τὸν
812 5139 1184 5210 ἀνεπίληπτον
1216 5139 1306 5194 καὶ
1360 5139 1505 5194 οὕτω
1544 5140 1636 5195 τὸν
1665 5138 1953 5215 όρθόδοξον

1982 4606 2030 4670 D

2109 2907 2242 2962 Fuit
2270 2907 2408 2964 huic
2435 2910 2608 2964 Janni
2661 2909 2845 2965 frater
2876 2912 3153 2979 carnalis,
3214 2913 3457 2968 nomine
3511 2914 3689 2968 Arsa-

2038 3012 2230 3064 verus,
2265 2997 2606 3067 patricicius
2645 2998 2875 3055 ordine.
2927 3001 2981 3055 Is
3040 3000 3453 3056 suburbanum
3484 3001 3692 3056 habuit

2042 3084 2114 3140 ad
2137 3085 2295 3140 Steni
2332 3087 2636 3144 sinistram
2668 3093 2916 3160 partem,
2949 3090 3215 3160 proxime
3243 3091 3441 3146 Sancti
3475 3091 3687 3145 Phocaa

2046 3178 2499 3242 monasterium,
2559 3176 2827 3233 aedificiis
2885 3179 3251 3250 sumptuosis
3309 3179 3690 3249 instructum,

2046 3265 2394 3336 porticibus,
2428 3266 2659 3322 balneis
2689 3267 2940 3339 aliisque
2956 3269 3029 3325 ad
3046 3269 3449 3325 amoenitatem
3473 3269 3691 3341 paratis

2046 3356 2344 3427 operibus.
2371 3355 2454 3410 Ibi
2485 3357 2706 3412 Jannes
2754 3359 2961 3413 crebro
2995 3360 3192 3415 solens
3221 3360 3505 3415 diversari
3556 3357 3696 3414 sub-

2048 3450 2391 3501 terraneum
2423 3446 2721 3517 quoddam
2755 3447 3125 3504 domicilium
3158 3450 3578 3521 Trophoniano
3600 3467 3696 3504 as-

2049 3535 2242 3591 simile
2272 3535 2431 3602 fecit,
2464 3538 2525 3592 in
2576 3539 2747 3610 cujus
2795 3540 3023 3609 postico
3071 3540 3228 3595 fores
3274 3545 3442 3595 erant
3488 3538 3563 3594 ad
3594 3540 3693 3593 in-

2050 3625 2470 3681 tromittendos
2501 3627 2796 3683 homines.
2831 3630 2896 3683 ln
2921 3629 3095 3684 istam
3127 3629 3476 3684 sceleratam
3509 3628 3696 3682 ofﬁci-

2048 3729 2187 3767 nam
2237 3715 2412 3769 modo
2466 3717 2790 3771 monachas
2856 3716 3121 3786 aliasque
3192 3717 3455 3788 insignes
3506 3716 3698 3770 forma

2050 3801 2334 3857 mulieres
2351 3802 2662 3873 condebat,
2684 3821 2939 3876 cumque
2961 3806 3034 3860 iis
3050 3822 3176 3859 rem
3202 3805 3460 3860 habebat
3482 3820 3496 3872 ;
3518 3803 3695 3859 modo

2049 3891 2379 3963 jecinorum
2424 3893 2845 3964 inspectiones,
2896 3894 3290 3950 divinationes
3322 3911 3428 3966 per
3456 3893 3695 3965 pelvim,

2051 3981 2496 4053 prmstigiasque
2555 3982 2702 4038 alias
2780 3988 2838 4037 et
2882 3989 3254 4039 mortuorum
3322 3983 3696 4039 evocationes

2053 4070 2364 4125 exercebat
2378 4087 2444 4126 ac
2464 4088 2874 4143 saepenumero
2888 4072 3260 4128 daemonibus
3277 4073 3696 4145 adjuvantibus

2052 4158 2249 4213 futura
2275 4160 2477 4230 aliqua
2506 4161 2883 4232 praedicebat.
2921 4165 3037 4217 [loc
3067 4162 3471 4217 suburbanum
3496 4169 3701 4233 postea

2054 4249 2336 4320 temporis
2350 4250 2723 4324 imperatoris
2736 4252 3134 4308 cubicularius
3148 4257 3356 4307 nactus
3369 4251 3494 4307 solo
3510 4268 3702 4322 aequa-

2052 4336 2153 4405 vit,
2190 4340 2732 4411 monasteriumque
2774 4341 2855 4396 ibi
2897 4358 2930 4396 a
2960 4357 3173 4413 magno
3204 4346 3463 4411 martyre
3502 4339 3699 4394 Phoca

2057 4425 2507 4483 denominatum
2540 4429 2826 4484 condidit.

2125 4699 2415 4754 Caeterum
2463 4700 2681 4755 Jannes
2738 4700 2849 4755 hoc
2880 4717 2996 4771 quo
3045 4699 3164 4754 dixi
3223 4705 3417 4772 pacto,
3450 4700 3697 4772 ejusque

2063 4788 2206 4844 socii
2240 4787 2447 4843 eadem
2478 4789 2707 4844 ratione
2731 4788 2967 4861 dejecti,
3002 4805 3123 4844 non
3176 4805 3238 4843 se
3269 4794 3467 4845 tamen
3500 4789 3702 4844 conti-

2062 4882 2323 4932 nuerunt
2353 4876 2498 4947 quin
2528 4882 2588 4931 et
2634 4883 2839 4933 contra
2894 4894 3092 4933 sacras
3140 4877 3430 4947 imagines
3478 4877 3708 4948 aliquid

2062 4965 2255 5020 adhuc
2286 4965 2641 5020 molirentur
2669 4971 2727 5021 et
2769 4965 2883 5037 piis
2912 4966 3158 5021 insidias
3213 4970 3530 5021 struerent.
3584 4967 3708 5029 Quo

2064 5056 2238 5111 modo
2301 5055 2479 5110 etiam
2530 5056 2928 5126 interrimum,
2987 5058 3137 5112 947
3197 5056 3559 5111 Methodium
3609 5072 3712 5110 ca-

2063 5144 2293 5199 lumnia
2323 5145 2753 5200 circumvenire
2785 5152 2842 5201 et
2868 5163 3020 5201 verte
3052 5146 3355 5217 religionis
3378 5143 3710 5200 cultoribus

1502 5259 1866 5315 XYLANDRI
1909 5262 1993 5317 ET
2033 5261 2247 5317 GOARI
2288 5261 2509 5316 NOTz‘E.

370 5390 484 5462 (28)
519 5388 1150 5464 Στοιχεῖονῄιηοᾶοτῃει-
1175 5387 1380 5464 lingua
1410 5384 1593 5440 Graeci
1626 5390 1836 5440 vocant
1873 5404 1958 5442 se-

302 5458 522 5518 cretam
556 5458 783 5518 natiirm
813 5462 875 5516 in
904 5460 1245 5538 hominibus
1276 5458 1350 5512 ad
1382 5472 1798 5538 quamcunque
1831 5475 1957 5513 rem

342 5536 764 5604 ropensionem
816 5539 875 5588 et
932 5531 1348 5603 aptitudinem.
1392 5530 1802 5604 frequentius
1852 5547 1957 5604 pro

342 5551 764 5604 ropensnonem
816 5551 875 5588 et
932 5551 1348 5603 aptitudinem.
1411 5551 1802 5597 rrequeuuus
1852 5551 1957 5600 pro

301 5551 477 5682 fervis
507 5622 575 5682 ac
607 5604 856 5682 spectris
885 5609 1065 5659 noctu
1097 5598 1618 5682 apparentibus-ac
1647 5598 1845 5655 domos
1872 5602 1958 5657 in-

295 5672 675 5747 festantibus,
706 5692 776 5734 ac
795 5676 1036 5732 demum
1068 5672 1382 5747 prb‘malis
1411 5672 1622 5744 geniis,
1649 5687 1955 5744 magorum

2069 5389 2436 5463 strigumque
2473 5389 2811 5463 magistris,
2848 5397 3157 5461 usurpant.
3194 5391 3357 5448 Unde
3403 5406 3714 5463 στῑχειωτι-

2066 5458 2154 5511 κοὶ
2177 5455 2547 5531 λόγοίνθιτῢει
2578 5455 2717 5514 ἔιιιιῐ
2745 5455 2819 5517 ad
2866 5455 3207 5530 huiusmodi
3240 5455 3543 5518 daemones
3571 5478 3717 5517 con-

2067 5531 2382 5585 vocandos.
2418 5531 2590 5586 Gom.

2138 5603 2252 5673 (29)
2287 5602 2540 5671 Virgines
2569 5606 2628 5657 et
2654 5609 2839 5673 nuptae
2868 5604 3164 5660 nobiliores
3196 5605 3256 5661 in
3297 5604 3716 5662 secretioribus

2069 5673 2349 5730 thalamis
2380 5673 2710 5732 custoditae.
2739 5675 2914 5731 Goan.
