  <div class='ocr_page' id='page_1' title='image "/cluster/home/n/w/nwhite01/storage/ocr_20150623/121/mdp.39015078384289/523.png"; bbox 0 0 4054 6286; ppageno 0'>
   <div class='ocr_carea' id='block_1_1' title="bbox 441 340 592 404">
    <p class='ocr_par' dir='ltr' id='par_1_1' title="bbox 441 340 592 404">
     <span class='ocr_line' id='line_1_1' title="bbox 441 340 592 404; baseline -0.013 -2"><span class='ocrx_word' id='word_1_1' title='bbox 441 340 592 404; x_wconf 77' lang='grc'>1031</span> 
     </span>
    </p>
   </div>
   <div class='ocr_carea' id='block_1_2' title="bbox 1773 294 2498 391">
    <p class='ocr_par' dir='ltr' id='par_1_2' title="bbox 1773 294 2498 391">
     <span class='ocr_line' id='line_1_2' title="bbox 1773 294 2498 391; baseline 0 -1"><span class='ocrx_word' id='word_1_2' title='bbox 1773 294 2111 390; x_wconf 75' lang='lat' dir='ltr'>GEORGII</span> <span class='ocrx_word' id='word_1_3' title='bbox 2157 295 2498 391; x_wconf 67' lang='lat' dir='ltr'>cunnum</span> 
     </span>
    </p>
   </div>
   <div class='ocr_carea' id='block_1_3' title="bbox 3665 343 3790 407">
    <p class='ocr_par' dir='ltr' id='par_1_3' title="bbox 3665 343 3790 407">
     <span class='ocr_line' id='line_1_3' title="bbox 3665 343 3790 407; baseline 0.04 -5"><span class='ocrx_word' id='word_1_4' title='bbox 3665 343 3790 407; x_wconf 68' lang='lat'>£032</span> 
     </span>
    </p>
   </div>
   <div class='ocr_carea' id='block_1_4' title="bbox 446 457 2076 549">
    <p class='ocr_par' dir='ltr' id='par_1_4' title="bbox 446 463 2076 529">
     <span class='ocr_line' id='line_1_4' title="bbox 446 463 2076 529; baseline -0.008 0"><span class='ocrx_word' id='word_1_5' title='bbox 446 474 711 529; x_wconf 83' lang='lat' dir='ltr'>dolorem</span> <span class='ocrx_word' id='word_1_6' title='bbox 742 474 954 528; x_wconf 82' lang='lat' dir='ltr'>aﬂ&#39;erre</span> <span class='ocrx_word' id='word_1_7' title='bbox 984 469 1179 525; x_wconf 88' lang='lat' dir='ltr'>conati</span> <span class='ocrx_word' id='word_1_8' title='bbox 1210 474 1366 525; x_wconf 88' lang='lat' dir='ltr'>sunt.</span> <span class='ocrx_word' id='word_1_9' title='bbox 1403 471 1516 524; x_wconf 82' lang='lat' dir='ltr'>Res</span> <span class='ocrx_word' id='word_1_10' title='bbox 1546 483 1617 524; x_wconf 85' lang='lat' dir='ltr'>ea</span> <span class='ocrx_word' id='word_1_11' title='bbox 1657 466 1740 522; x_wconf 89' lang='lat' dir='ltr'>ita</span> <span class='ocrx_word' id='word_1_12' title='bbox 1783 469 1931 520; x_wconf 85' lang='lat' dir='ltr'>acta.</span> <span class='ocrx_word' id='word_1_13' title='bbox 1965 463 2076 517; x_wconf 87' lang='lat' dir='ltr'>Mu-</span> 
     </span>
    </p>
   </div>
   <div class='ocr_carea' id='block_1_5' title="bbox 2185 457 3789 549">
    <p class='ocr_par' dir='ltr' id='par_1_5' title="bbox 2203 457 3789 549">
     <span class='ocr_line' id='line_1_5' title="bbox 2203 457 3789 549; baseline 0.011 -36"><span class='ocrx_word' id='word_1_14' title='bbox 2203 457 2447 531; x_wconf 72' lang='grc' dir='ltr'>λυπῆσαι</span> <span class='ocrx_word' id='word_1_15' title='bbox 2491 463 2646 522; x_wconf 84' lang='grc' dir='ltr'>λαόν.</span> <span class='ocrx_word' id='word_1_16' title='bbox 2705 467 2942 540; x_wconf 71' lang='grc' dir='ltr'>Χρυσῖου</span> <span class='ocrx_word' id='word_1_17' title='bbox 2996 468 3098 542; x_wconf 71' lang='grc' dir='ltr'>γὰρ</span> <span class='ocrx_word' id='word_1_18' title='bbox 3157 466 3372 524; x_wconf 71' lang='grc' dir='ltr'>πολ).οό</span> <span class='ocrx_word' id='word_1_19' title='bbox 3429 470 3789 549; x_wconf 65' lang='grc' dir='ltr'>ὑποφθείραντές</span> 
     </span>
    </p>
   </div>
   <div class='ocr_carea' id='block_1_6' title="bbox 444 550 2088 632">
    <p class='ocr_par' dir='ltr' id='par_1_6' title="bbox 444 550 2088 632">
     <span class='ocr_line' id='line_1_6' title="bbox 444 550 2088 632; baseline -0.008 -14"><span class='ocrx_word' id='word_1_20' title='bbox 444 561 650 618; x_wconf 88' lang='lat' dir='ltr'>lierem</span> <span class='ocrx_word' id='word_1_21' title='bbox 685 559 1004 632; x_wconf 83' lang='lat' dir='ltr'>quamdam</span> <span class='ocrx_word' id='word_1_22' title='bbox 1047 558 1264 630; x_wconf 89' lang='lat' dir='ltr'>(mater</span> <span class='ocrx_word' id='word_1_23' title='bbox 1293 574 1361 613; x_wconf 91' lang='lat' dir='ltr'>ea</span> <span class='ocrx_word' id='word_1_24' title='bbox 1387 557 1502 613; x_wconf 86' lang='lat' dir='ltr'>fuit</span> <span class='ocrx_word' id='word_1_25' title='bbox 1533 553 1952 626; x_wconf 85' lang='lat' dir='ltr'>Metrophanis,</span> <span class='ocrx_word' id='word_1_26' title='bbox 1985 550 2088 622; x_wconf 85' lang='lat' dir='ltr'>qui</span> 
     </span>
    </p>
   </div>
   <div class='ocr_carea' id='block_1_7' title="bbox 445 643 2089 724">
    <p class='ocr_par' dir='ltr' id='par_1_7' title="bbox 445 643 2089 724">
     <span class='ocr_line' id='line_1_7' title="bbox 445 643 2089 724; baseline -0.007 -18"><span class='ocrx_word' id='word_1_27' title='bbox 445 657 652 724; x_wconf 87' lang='lat' dir='ltr'>postea</span> <span class='ocrx_word' id='word_1_28' title='bbox 699 651 962 720; x_wconf 64' lang='lat' dir='ltr'>Smyrna)</span> <span class='ocrx_word' id='word_1_29' title='bbox 1019 647 1237 719; x_wconf 73' lang='lat' dir='ltr'>praesul</span> <span class='ocrx_word' id='word_1_30' title='bbox 1289 647 1478 702; x_wconf 81' lang='lat' dir='ltr'>factus</span> <span class='ocrx_word' id='word_1_31' title='bbox 1527 647 1638 714; x_wconf 87' lang='lat' dir='ltr'>est)</span> <span class='ocrx_word' id='word_1_32' title='bbox 1699 643 1888 698; x_wconf 88' lang='lat' dir='ltr'>multo</span> <span class='ocrx_word' id='word_1_33' title='bbox 1945 657 2089 697; x_wconf 91' lang='lat' dir='ltr'>auro</span> 
     </span>
    </p>
   </div>
   <div class='ocr_carea' id='block_1_8' title="bbox 446 735 2089 814">
    <p class='ocr_par' dir='ltr' id='par_1_8' title="bbox 446 735 2089 814">
     <span class='ocr_line' id='line_1_8' title="bbox 446 735 2089 814; baseline -0.006 -19"><span class='ocrx_word' id='word_1_34' title='bbox 446 738 1093 814; x_wconf 79' lang='lat' dir='ltr'>pollicitationibusque</span> <span class='ocrx_word' id='word_1_35' title='bbox 1151 741 1490 808; x_wconf 81' lang='lat' dir='ltr'>corruptam</span> <span class='ocrx_word' id='word_1_36' title='bbox 1547 735 1898 800; x_wconf 84' lang='lat' dir='ltr'>subornant,</span> <span class='ocrx_word' id='word_1_37' title='bbox 1957 747 2089 802; x_wconf 71' lang='lat' dir='ltr'>quas</span> 
     </span>
    </p>
   </div>
   <div class='ocr_carea' id='block_1_9' title="bbox 439 824 2084 904">
    <p class='ocr_par' dir='ltr' id='par_1_9' title="bbox 439 824 2084 904">
     <span class='ocr_line' id='line_1_9' title="bbox 439 824 2084 904; baseline -0.006 -18"><span class='ocrx_word' id='word_1_38' title='bbox 439 834 712 904; x_wconf 67' lang='lat' dir='ltr'>Augusta:</span> <span class='ocrx_word' id='word_1_39' title='bbox 763 836 820 884; x_wconf 91' lang='lat' dir='ltr'>et</span> <span class='ocrx_word' id='word_1_40' title='bbox 875 828 1252 901; x_wconf 81' lang='lat' dir='ltr'>imperatoris</span> <span class='ocrx_word' id='word_1_41' title='bbox 1311 826 1601 882; x_wconf 78' lang='lat' dir='ltr'>tutoribus</span> <span class='ocrx_word' id='word_1_42' title='bbox 1652 825 1940 880; x_wconf 88' lang='lat' dir='ltr'>dicereta</span> <span class='ocrx_word' id='word_1_43' title='bbox 1970 824 2084 876; x_wconf 86' lang='lat' dir='ltr'>Me-</span> 
     </span>
    </p>
   </div>
   <div class='ocr_carea' id='block_1_10' title="bbox 439 911 2081 990">
    <p class='ocr_par' dir='ltr' id='par_1_10' title="bbox 439 911 2081 990">
     <span class='ocr_line' id='line_1_10' title="bbox 439 911 2081 990; baseline -0.006 -14"><span class='ocrx_word' id='word_1_44' title='bbox 439 921 642 976; x_wconf 88' lang='lat' dir='ltr'>thodio</span> <span class='ocrx_word' id='word_1_45' title='bbox 697 937 759 976; x_wconf 90' lang='lat' dir='ltr'>se</span> <span class='ocrx_word' id='word_1_46' title='bbox 807 936 936 974; x_wconf 83' lang='lat' dir='ltr'>esse</span> <span class='ocrx_word' id='word_1_47' title='bbox 995 923 1345 990; x_wconf 79' lang='lat' dir='ltr'>stupratam.</span> <span class='ocrx_word' id='word_1_48' title='bbox 1379 918 1590 972; x_wconf 82' lang='lat' dir='ltr'>Statim</span> <span class='ocrx_word' id='word_1_49' title='bbox 1649 930 1786 986; x_wconf 85' lang='lat' dir='ltr'>ergo</span> <span class='ocrx_word' id='word_1_50' title='bbox 1811 911 2081 968; x_wconf 86' lang='lat' dir='ltr'>terribile</span> 
     </span>
    </p>
   </div>
   <div class='ocr_carea' id='block_1_11' title="bbox 429 1000 2088 1081">
    <p class='ocr_par' dir='ltr' id='par_1_11' title="bbox 429 1000 2088 1081">
     <span class='ocr_line' id='line_1_11' title="bbox 429 1000 2088 1081; baseline -0.005 -17"><span class='ocrx_word' id='word_1_51' title='bbox 429 1009 728 1081; x_wconf 90' lang='lat' dir='ltr'>judicium</span> <span class='ocrx_word' id='word_1_52' title='bbox 760 1024 828 1063; x_wconf 85' lang='lat' dir='ltr'>ex</span> <span class='ocrx_word' id='word_1_53' title='bbox 859 1007 1128 1062; x_wconf 85' lang='lat' dir='ltr'>civilibus</span> <span class='ocrx_word' id='word_1_54' title='bbox 1152 1012 1211 1062; x_wconf 91' lang='lat' dir='ltr'>et</span> <span class='ocrx_word' id='word_1_55' title='bbox 1229 1005 1475 1062; x_wconf 90' lang='lat' dir='ltr'>sacratis</span> <span class='ocrx_word' id='word_1_56' title='bbox 1495 1003 1840 1059; x_wconf 87' lang='lat' dir='ltr'>hominibus</span> <span class='ocrx_word' id='word_1_57' title='bbox 1861 1000 2088 1073; x_wconf 83' lang='lat' dir='ltr'>cogitur</span> 
     </span>
    </p>
   </div>
   <div class='ocr_carea' id='block_1_12' title="bbox 438 1090 2082 1166">
    <p class='ocr_par' dir='ltr' id='par_1_12' title="bbox 438 1090 2082 1166">
     <span class='ocr_line' id='line_1_12' title="bbox 438 1090 2082 1166; baseline -0.007 -12"><span class='ocrx_word' id='word_1_58' title='bbox 438 1099 781 1154; x_wconf 85' lang='lat' dir='ltr'>concilium.</span> <span class='ocrx_word' id='word_1_59' title='bbox 819 1101 1028 1151; x_wconf 83' lang='lat' dir='ltr'>Astant</span> <span class='ocrx_word' id='word_1_60' title='bbox 1053 1096 1155 1166; x_wconf 87' lang='lat' dir='ltr'>pii,</span> <span class='ocrx_word' id='word_1_61' title='bbox 1189 1095 1448 1150; x_wconf 75' lang='lat' dir='ltr'>nostitim</span> <span class='ocrx_word' id='word_1_62' title='bbox 1479 1110 1548 1149; x_wconf 92' lang='lat' dir='ltr'>ac</span> <span class='ocrx_word' id='word_1_63' title='bbox 1606 1091 1826 1147; x_wconf 88' lang='lat' dir='ltr'>doloris</span> <span class='ocrx_word' id='word_1_64' title='bbox 1877 1090 2082 1162; x_wconf 88' lang='lat' dir='ltr'>pleni:</span> 
     </span>
    </p>
   </div>
   <div class='ocr_carea' id='block_1_13' title="bbox 437 1179 2086 1256">
    <p class='ocr_par' dir='ltr' id='par_1_13' title="bbox 437 1179 2086 1256">
     <span class='ocr_line' id='line_1_13' title="bbox 437 1179 2086 1256; baseline -0.006 -14"><span class='ocrx_word' id='word_1_65' title='bbox 437 1204 557 1242; x_wconf 90' lang='lat' dir='ltr'>non</span> <span class='ocrx_word' id='word_1_66' title='bbox 577 1187 794 1242; x_wconf 89' lang='lat' dir='ltr'>absunt</span> <span class='ocrx_word' id='word_1_67' title='bbox 818 1185 1008 1256; x_wconf 89' lang='lat' dir='ltr'>impii,</span> <span class='ocrx_word' id='word_1_68' title='bbox 1022 1184 1278 1240; x_wconf 85' lang='lat' dir='ltr'>dedecus</span> <span class='ocrx_word' id='word_1_69' title='bbox 1300 1183 1456 1239; x_wconf 88' lang='lat' dir='ltr'>haud</span> <span class='ocrx_word' id='word_1_70' title='bbox 1476 1183 1753 1254; x_wconf 78' lang='lat' dir='ltr'>exiguum</span> <span class='ocrx_word' id='word_1_71' title='bbox 1767 1195 1836 1234; x_wconf 90' lang='lat' dir='ltr'>ea</span> <span class='ocrx_word' id='word_1_72' title='bbox 1853 1179 2086 1235; x_wconf 85' lang='lat' dir='ltr'>actione</span> 
     </span>
    </p>
   </div>
   <div class='ocr_carea' id='block_1_14' title="bbox 436 1271 2082 1348">
    <p class='ocr_par' dir='ltr' id='par_1_14' title="bbox 436 1271 2082 1348">
     <span class='ocr_line' id='line_1_14' title="bbox 436 1271 2082 1348; baseline -0.005 -15"><span class='ocrx_word' id='word_1_73' title='bbox 436 1278 820 1334; x_wconf 89' lang='lat' dir='ltr'>conciliatum</span> <span class='ocrx_word' id='word_1_74' title='bbox 850 1277 920 1330; x_wconf 85' lang='lat' dir='ltr'>iri</span> <span class='ocrx_word' id='word_1_75' title='bbox 951 1276 1184 1348; x_wconf 90' lang='lat' dir='ltr'>piorum</span> <span class='ocrx_word' id='word_1_76' title='bbox 1216 1275 1390 1331; x_wconf 74' lang='grc' dir='ltr'>οωίυὶ</span> <span class='ocrx_word' id='word_1_77' title='bbox 1413 1279 1742 1346; x_wconf 82' lang='lat' dir='ltr'>sperantes.</span> <span class='ocrx_word' id='word_1_78' title='bbox 1775 1271 2082 1327; x_wconf 85' lang='lat' dir='ltr'>Prodeunt</span> 
     </span>
    </p>
   </div>
   <div class='ocr_carea' id='block_1_15' title="bbox 439 1359 2088 1434">
    <p class='ocr_par' dir='ltr' id='par_1_15' title="bbox 439 1359 2088 1434">
     <span class='ocr_line' id='line_1_15' title="bbox 439 1359 2088 1434; baseline -0.005 -12"><span class='ocrx_word' id='word_1_79' title='bbox 439 1367 901 1422; x_wconf 85' lang='lat' dir='ltr'>calumniatores</span> <span class='ocrx_word' id='word_1_80' title='bbox 938 1365 1153 1420; x_wconf 87' lang='lat' dir='ltr'>animis</span> <span class='ocrx_word' id='word_1_81' title='bbox 1183 1363 1394 1426; x_wconf 71' lang='lat' dir='ltr'>inflati,</span> <span class='ocrx_word' id='word_1_82' title='bbox 1427 1361 1586 1434; x_wconf 92' lang='lat' dir='ltr'>quod</span> <span class='ocrx_word' id='word_1_83' title='bbox 1625 1362 1850 1416; x_wconf 87' lang='lat' dir='ltr'>crimen</span> <span class='ocrx_word' id='word_1_84' title='bbox 1907 1359 1968 1414; x_wconf 91' lang='lat' dir='ltr'>id</span> <span class='ocrx_word' id='word_1_85' title='bbox 2021 1359 2088 1414; x_wconf 89' lang='lat' dir='ltr'>in</span> 
     </span>
    </p>
   </div>
   <div class='ocr_carea' id='block_1_16' title="bbox 437 1449 2091 1528">
    <p class='ocr_par' dir='ltr' id='par_1_16' title="bbox 437 1449 2091 1528">
     <span class='ocr_line' id='line_1_16' title="bbox 437 1449 2091 1528; baseline -0.004 -18"><span class='ocrx_word' id='word_1_86' title='bbox 437 1461 717 1528; x_wconf 86' lang='lat' dir='ltr'>promptu</span> <span class='ocrx_word' id='word_1_87' title='bbox 767 1455 994 1510; x_wconf 90' lang='lat' dir='ltr'>habero</span> <span class='ocrx_word' id='word_1_88' title='bbox 1053 1453 1436 1525; x_wconf 88' lang='lat' dir='ltr'>probationes</span> <span class='ocrx_word' id='word_1_89' title='bbox 1495 1452 1772 1516; x_wconf 79' lang='lat' dir='ltr'>fiderent,</span> <span class='ocrx_word' id='word_1_90' title='bbox 1805 1449 2091 1520; x_wconf 90' lang='lat' dir='ltr'>producta</span> 
     </span>
    </p>
   </div>
   <div class='ocr_carea' id='block_1_17' title="bbox 437 1537 2086 1613">
    <p class='ocr_par' dir='ltr' id='par_1_17' title="bbox 437 1537 2086 1613">
     <span class='ocr_line' id='line_1_17' title="bbox 437 1537 2086 1613; baseline -0.004 -15"><span class='ocrx_word' id='word_1_91' title='bbox 437 1545 498 1599; x_wconf 91' lang='lat' dir='ltr'>in</span> <span class='ocrx_word' id='word_1_92' title='bbox 533 1544 792 1600; x_wconf 88' lang='lat' dir='ltr'>medium</span> <span class='ocrx_word' id='word_1_93' title='bbox 823 1543 1195 1609; x_wconf 90' lang='lat' dir='ltr'>muliercula,</span> <span class='ocrx_word' id='word_1_94' title='bbox 1229 1559 1360 1613; x_wconf 81' lang='lat' dir='ltr'>quae</span> <span class='ocrx_word' id='word_1_95' title='bbox 1405 1541 1734 1612; x_wconf 89' lang='lat' dir='ltr'>composito</span> <span class='ocrx_word' id='word_1_96' title='bbox 1779 1537 2086 1610; x_wconf 81' lang='lat' dir='ltr'>judicibus</span> 
     </span>
    </p>
   </div>
   <div class='ocr_carea' id='block_1_18' title="bbox 433 1627 2083 1702">
    <p class='ocr_par' dir='ltr' id='par_1_18' title="bbox 433 1627 2083 1702">
     <span class='ocr_line' id='line_1_18' title="bbox 433 1627 2083 1702; baseline -0.004 -13"><span class='ocrx_word' id='word_1_97' title='bbox 433 1651 563 1689; x_wconf 90' lang='lat' dir='ltr'>rem</span> <span class='ocrx_word' id='word_1_98' title='bbox 593 1638 881 1689; x_wconf 86' lang='lat' dir='ltr'>narraret.</span> <span class='ocrx_word' id='word_1_99' title='bbox 911 1633 1148 1688; x_wconf 82' lang='lat' dir='ltr'>Judices</span> <span class='ocrx_word' id='word_1_100' title='bbox 1179 1639 1237 1687; x_wconf 91' lang='lat' dir='ltr'>et</span> <span class='ocrx_word' id='word_1_101' title='bbox 1257 1631 1555 1702; x_wconf 66' lang='lat' dir='ltr'>praecipue</span> <span class='ocrx_word' id='word_1_102' title='bbox 1577 1629 1904 1694; x_wconf 87' lang='lat' dir='ltr'>Mauuelus,</span> <span class='ocrx_word' id='word_1_103' title='bbox 1931 1627 2083 1683; x_wconf 89' lang='lat' dir='ltr'>tristi</span> 
     </span>
    </p>
   </div>
   <div class='ocr_carea' id='block_1_19' title="bbox 433 1717 2083 1792">
    <p class='ocr_par' dir='ltr' id='par_1_19' title="bbox 433 1717 2083 1792">
     <span class='ocr_line' id='line_1_19' title="bbox 433 1717 2083 1792; baseline -0.003 -16"><span class='ocrx_word' id='word_1_104' title='bbox 433 1724 598 1778; x_wconf 85' lang='lat' dir='ltr'>vultu</span> <span class='ocrx_word' id='word_1_105' title='bbox 641 1722 926 1791; x_wconf 89' lang='lat' dir='ltr'>assident,</span> <span class='ocrx_word' id='word_1_106' title='bbox 985 1721 1228 1792; x_wconf 74' lang='lat' dir='ltr'>indigne</span> <span class='ocrx_word' id='word_1_107' title='bbox 1275 1721 1536 1776; x_wconf 86' lang='lat' dir='ltr'>ferentes</span> <span class='ocrx_word' id='word_1_108' title='bbox 1582 1717 1764 1774; x_wconf 90' lang='lat' dir='ltr'>unius</span> <span class='ocrx_word' id='word_1_109' title='bbox 1822 1717 2083 1772; x_wconf 89' lang='lat' dir='ltr'>hominis</span> 
     </span>
    </p>
   </div>
   <div class='ocr_carea' id='block_1_20' title="bbox 441 1807 2160 1890">
    <p class='ocr_par' dir='ltr' id='par_1_20' title="bbox 441 1807 2160 1890">
     <span class='ocr_line' id='line_1_20' title="bbox 441 1807 2160 1890; baseline -0.004 -23"><span class='ocrx_word' id='word_1_110' title='bbox 441 1812 615 1883; x_wconf 84' lang='lat' dir='ltr'>culpa</span> <span class='ocrx_word' id='word_1_111' title='bbox 635 1817 850 1867; x_wconf 64' lang='lat' dir='ltr'>castum</span> <span class='ocrx_word' id='word_1_112' title='bbox 880 1811 1118 1882; x_wconf 89' lang='lat' dir='ltr'>piorum</span> <span class='ocrx_word' id='word_1_113' title='bbox 1143 1811 1205 1864; x_wconf 88' lang='lat' dir='ltr'>in</span> <span class='ocrx_word' id='word_1_114' title='bbox 1231 1809 1564 1882; x_wconf 90' lang='lat' dir='ltr'>periculum</span> <span class='ocrx_word' id='word_1_115' title='bbox 1593 1807 1838 1863; x_wconf 87' lang='lat' dir='ltr'>ludibrii</span> <span class='ocrx_word' id='word_1_116' title='bbox 1861 1807 2081 1862; x_wconf 86' lang='lat' dir='ltr'>venire.</span> <span class='ocrx_word' id='word_1_117' title='bbox 2115 1828 2160 1890; x_wconf 77' lang='grc' dir='ltr'><strong>Β</strong></span> 
     </span>
    </p>
   </div>
   <div class='ocr_carea' id='block_1_21' title="bbox 435 1895 2078 1968">
    <p class='ocr_par' dir='ltr' id='par_1_21' title="bbox 435 1895 2078 1968">
     <span class='ocr_line' id='line_1_21' title="bbox 435 1895 2078 1968; baseline -0.004 -13"><span class='ocrx_word' id='word_1_118' title='bbox 435 1903 574 1966; x_wconf 73' lang='lat' dir='ltr'>Qua:</span> <span class='ocrx_word' id='word_1_119' title='bbox 605 1900 805 1954; x_wconf 89' lang='lat' dir='ltr'>omnia</span> <span class='ocrx_word' id='word_1_120' title='bbox 833 1899 1096 1954; x_wconf 85' lang='lat' dir='ltr'>sentiens</span> <span class='ocrx_word' id='word_1_121' title='bbox 1126 1898 1476 1953; x_wconf 83' lang='lat' dir='ltr'>Methodius.</span> <span class='ocrx_word' id='word_1_122' title='bbox 1507 1903 1572 1952; x_wconf 89' lang='lat' dir='ltr'>ut</span> <span class='ocrx_word' id='word_1_123' title='bbox 1603 1902 1660 1951; x_wconf 90' lang='lat' dir='ltr'>et</span> <span class='ocrx_word' id='word_1_124' title='bbox 1690 1913 1825 1968; x_wconf 87' lang='lat' dir='ltr'>spes</span> <span class='ocrx_word' id='word_1_125' title='bbox 1866 1895 2078 1966; x_wconf 88' lang='lat' dir='ltr'>impio-</span> 
     </span>
    </p>
   </div>
   <div class='ocr_carea' id='block_1_22' title="bbox 435 1983 2080 2062">
    <p class='ocr_par' dir='ltr' id='par_1_22' title="bbox 435 1983 2080 2062">
     <span class='ocr_line' id='line_1_22' title="bbox 435 1983 2080 2062; baseline -0.004 -17"><span class='ocrx_word' id='word_1_126' title='bbox 435 2006 564 2045; x_wconf 87' lang='lat' dir='ltr'>rum</span> <span class='ocrx_word' id='word_1_127' title='bbox 587 1995 643 2043; x_wconf 88' lang='lat' dir='ltr'>et</span> <span class='ocrx_word' id='word_1_128' title='bbox 671 1989 905 2062; x_wconf 90' lang='lat' dir='ltr'>piorum</span> <span class='ocrx_word' id='word_1_129' title='bbox 937 1987 1350 2059; x_wconf 58' lang='lat' dir='ltr'>aegritudinem</span> <span class='ocrx_word' id='word_1_130' title='bbox 1389 1986 1655 2042; x_wconf 89' lang='lat' dir='ltr'>aboleret</span> <span class='ocrx_word' id='word_1_131' title='bbox 1683 2000 1877 2056; x_wconf 87' lang='lat' dir='ltr'>neque</span> <span class='ocrx_word' id='word_1_132' title='bbox 1899 1983 2080 2039; x_wconf 57' lang='lat' dir='ltr'>eccleo</span> 
     </span>
    </p>
   </div>
   <div class='ocr_carea' id='block_1_23' title="bbox 433 2074 2082 2150">
    <p class='ocr_par' dir='ltr' id='par_1_23' title="bbox 433 2074 2082 2150">
     <span class='ocr_line' id='line_1_23' title="bbox 433 2074 2082 2150; baseline -0.004 -17"><span class='ocrx_word' id='word_1_133' title='bbox 433 2079 535 2134; x_wconf 68' lang='lat' dir='ltr'>sia:</span> <span class='ocrx_word' id='word_1_134' title='bbox 568 2078 720 2150; x_wconf 87' lang='lat' dir='ltr'>lapis</span> <span class='ocrx_word' id='word_1_135' title='bbox 765 2077 1114 2132; x_wconf 71' lang='lat' dir='ltr'>offensionis</span> <span class='ocrx_word' id='word_1_136' title='bbox 1139 2083 1316 2144; x_wconf 87' lang='lat' dir='ltr'>esset,</span> <span class='ocrx_word' id='word_1_137' title='bbox 1352 2075 1500 2130; x_wconf 87' lang='lat' dir='ltr'>nihil</span> <span class='ocrx_word' id='word_1_138' title='bbox 1517 2074 1962 2130; x_wconf 89' lang='lat' dir='ltr'>multitudinem</span> <span class='ocrx_word' id='word_1_139' title='bbox 1992 2087 2082 2127; x_wconf 91' lang='lat' dir='ltr'>re-</span> 
     </span>
    </p>
   </div>
   <div class='ocr_carea' id='block_1_24' title="bbox 429 2163 2082 2235">
    <p class='ocr_par' dir='ltr' id='par_1_24' title="bbox 429 2163 2082 2235">
     <span class='ocr_line' id='line_1_24' title="bbox 429 2163 2082 2235; baseline -0.004 -13"><span class='ocrx_word' id='word_1_140' title='bbox 429 2169 649 2223; x_wconf 84' lang='lat' dir='ltr'>veritus</span> <span class='ocrx_word' id='word_1_141' title='bbox 677 2169 856 2223; x_wconf 88' lang='lat' dir='ltr'>homo</span> <span class='ocrx_word' id='word_1_142' title='bbox 891 2167 1054 2223; x_wconf 88' lang='lat' dir='ltr'>omni</span> <span class='ocrx_word' id='word_1_143' title='bbox 1111 2165 1446 2222; x_wconf 88' lang='lat' dir='ltr'>reverentia</span> <span class='ocrx_word' id='word_1_144' title='bbox 1504 2170 1680 2235; x_wconf 88' lang='lat' dir='ltr'>atque</span> <span class='ocrx_word' id='word_1_145' title='bbox 1711 2165 1937 2219; x_wconf 88' lang='lat' dir='ltr'>honore</span> <span class='ocrx_word' id='word_1_146' title='bbox 1987 2163 2082 2218; x_wconf 84' lang='lat' dir='ltr'>di-</span> 
     </span>
    </p>
   </div>
   <div class='ocr_carea' id='block_1_25' title="bbox 429 2252 2080 2332">
    <p class='ocr_par' dir='ltr' id='par_1_25' title="bbox 429 2252 2080 2332">
     <span class='ocr_line' id='line_1_25' title="bbox 429 2252 2080 2332; baseline -0.004 -20"><span class='ocrx_word' id='word_1_147' title='bbox 429 2258 774 2332; x_wconf 74' lang='lat' dir='ltr'>gnissimus,</span> <span class='ocrx_word' id='word_1_148' title='bbox 799 2259 860 2312; x_wconf 89' lang='lat' dir='ltr'>in</span> <span class='ocrx_word' id='word_1_149' title='bbox 895 2262 1218 2329; x_wconf 89' lang='lat' dir='ltr'>conspectu</span> <span class='ocrx_word' id='word_1_150' title='bbox 1235 2257 1500 2312; x_wconf 91' lang='lat' dir='ltr'>omnium</span> <span class='ocrx_word' id='word_1_151' title='bbox 1523 2255 1802 2326; x_wconf 85' lang='lat' dir='ltr'>pudenda</span> <span class='ocrx_word' id='word_1_152' title='bbox 1819 2252 2080 2322; x_wconf 86' lang='lat' dir='ltr'>nudavit,</span> 
     </span>
    </p>
   </div>
   <div class='ocr_carea' id='block_1_26' title="bbox 433 2343 2078 2418">
    <p class='ocr_par' dir='ltr' id='par_1_26' title="bbox 433 2343 2078 2418">
     <span class='ocr_line' id='line_1_26' title="bbox 433 2343 2078 2418; baseline -0.002 -18"><span class='ocrx_word' id='word_1_153' title='bbox 433 2363 564 2418; x_wconf 70' lang='lat' dir='ltr'>quas</span> <span class='ocrx_word' id='word_1_154' title='bbox 587 2364 762 2402; x_wconf 84' lang='lat' dir='ltr'>nemo</span> <span class='ocrx_word' id='word_1_155' title='bbox 785 2363 902 2400; x_wconf 91' lang='lat' dir='ltr'>non</span> <span class='ocrx_word' id='word_1_156' title='bbox 935 2345 1170 2401; x_wconf 85' lang='lat' dir='ltr'>videbat</span> <span class='ocrx_word' id='word_1_157' title='bbox 1208 2346 1417 2400; x_wconf 86' lang='lat' dir='ltr'>morbo</span> <span class='ocrx_word' id='word_1_158' title='bbox 1444 2343 1700 2416; x_wconf 86' lang='lat' dir='ltr'>quodam</span> <span class='ocrx_word' id='word_1_159' title='bbox 1719 2343 2078 2399; x_wconf 88' lang='lat' dir='ltr'>emarcuisse</span> 
     </span>
    </p>
   </div>
   <div class='ocr_carea' id='block_1_27' title="bbox 434 2430 2080 2506">
    <p class='ocr_par' dir='ltr' id='par_1_27' title="bbox 434 2430 2080 2506">
     <span class='ocr_line' id='line_1_27' title="bbox 434 2430 2080 2506; baseline -0.004 -15"><span class='ocrx_word' id='word_1_160' title='bbox 434 2436 718 2506; x_wconf 83' lang='lat' dir='ltr'>omnique</span> <span class='ocrx_word' id='word_1_161' title='bbox 749 2435 1008 2490; x_wconf 87' lang='lat' dir='ltr'>naturali</span> <span class='ocrx_word' id='word_1_162' title='bbox 1033 2434 1085 2488; x_wconf 88' lang='lat' dir='ltr'>vi</span> <span class='ocrx_word' id='word_1_163' title='bbox 1139 2451 1268 2489; x_wconf 88' lang='lat' dir='ltr'>esse</span> <span class='ocrx_word' id='word_1_164' title='bbox 1302 2434 1548 2505; x_wconf 88' lang='lat' dir='ltr'>privata.</span> <span class='ocrx_word' id='word_1_165' title='bbox 1580 2432 1812 2487; x_wconf 89' lang='lat' dir='ltr'>Pudore</span> <span class='ocrx_word' id='word_1_166' title='bbox 1843 2431 1956 2486; x_wconf 92' lang='lat' dir='ltr'>hoc</span> <span class='ocrx_word' id='word_1_167' title='bbox 1985 2430 2080 2484; x_wconf 83' lang='lat' dir='ltr'>fa-</span> 
     </span>
    </p>
   </div>
   <div class='ocr_carea' id='block_1_28' title="bbox 434 2520 2077 2595">
    <p class='ocr_par' dir='ltr' id='par_1_28' title="bbox 434 2520 2077 2595">
     <span class='ocr_line' id='line_1_28' title="bbox 434 2520 2077 2595; baseline -0.004 -16"><span class='ocrx_word' id='word_1_168' title='bbox 434 2531 594 2579; x_wconf 88' lang='lat' dir='ltr'>ctum</span> <span class='ocrx_word' id='word_1_169' title='bbox 625 2523 885 2595; x_wconf 88' lang='lat' dir='ltr'>opplevit</span> <span class='ocrx_word' id='word_1_170' title='bbox 913 2523 1377 2579; x_wconf 88' lang='lat' dir='ltr'>calomniatores</span> <span class='ocrx_word' id='word_1_171' title='bbox 1410 2525 1469 2576; x_wconf 89' lang='lat' dir='ltr'>et</span> <span class='ocrx_word' id='word_1_172' title='bbox 1499 2521 1673 2576; x_wconf 89' lang='lat' dir='ltr'>malis</span> <span class='ocrx_word' id='word_1_173' title='bbox 1729 2520 2077 2592; x_wconf 79' lang='lat' dir='ltr'>gaudentes,</span> 
     </span>
    </p>
   </div>
   <div class='ocr_carea' id='block_1_29' title="bbox 430 2607 2078 2684">
    <p class='ocr_par' dir='ltr' id='par_1_29' title="bbox 430 2607 2078 2684">
     <span class='ocr_line' id='line_1_29' title="bbox 430 2607 2078 2684; baseline -0.002 -17"><span class='ocrx_word' id='word_1_174' title='bbox 430 2614 560 2684; x_wconf 84' lang='lat' dir='ltr'>pios</span> <span class='ocrx_word' id='word_1_175' title='bbox 600 2617 799 2668; x_wconf 86' lang='lat' dir='ltr'>autem</span> <span class='ocrx_word' id='word_1_176' title='bbox 821 2611 1238 2679; x_wconf 72' lang='lat' dir='ltr'>lmtitia;948</span> <span class='ocrx_word' id='word_1_177' title='bbox 1272 2610 1374 2682; x_wconf 86' lang='lat' dir='ltr'>qui</span> <span class='ocrx_word' id='word_1_178' title='bbox 1406 2611 1631 2682; x_wconf 78' lang='lat' dir='ltr'>ingenti</span> <span class='ocrx_word' id='word_1_179' title='bbox 1679 2626 1816 2665; x_wconf 88' lang='lat' dir='ltr'>cum</span> <span class='ocrx_word' id='word_1_180' title='bbox 1863 2607 2078 2682; x_wconf 81' lang='lat' dir='ltr'>gaudio</span> 
     </span>
    </p>
   </div>
   <div class='ocr_carea' id='block_1_30' title="bbox 434 2699 2077 2776">
    <p class='ocr_par' dir='ltr' id='par_1_30' title="bbox 434 2699 2077 2776">
     <span class='ocr_line' id='line_1_30' title="bbox 434 2699 2077 2776; baseline -0.003 -19"><span class='ocrx_word' id='word_1_181' title='bbox 434 2703 793 2758; x_wconf 66' lang='lat' dir='ltr'>Methodium</span> <span class='ocrx_word' id='word_1_182' title='bbox 823 2703 1128 2776; x_wconf 76' lang='lat' dir='ltr'>cingentes</span> <span class='ocrx_word' id='word_1_183' title='bbox 1161 2700 1505 2758; x_wconf 85' lang='lat' dir='ltr'>salutabant</span> <span class='ocrx_word' id='word_1_184' title='bbox 1531 2706 1708 2770; x_wconf 87' lang='lat' dir='ltr'>atque</span> <span class='ocrx_word' id='word_1_185' title='bbox 1757 2699 2077 2770; x_wconf 87' lang='lat' dir='ltr'>amplecte-</span> 
     </span>
    </p>
   </div>
   <div class='ocr_carea' id='block_1_31' title="bbox 431 2787 2078 2862">
    <p class='ocr_par' dir='ltr' id='par_1_31' title="bbox 431 2787 2078 2862">
     <span class='ocr_line' id='line_1_31' title="bbox 431 2787 2078 2862; baseline -0.003 -15"><span class='ocrx_word' id='word_1_186' title='bbox 431 2793 666 2856; x_wconf 83' lang='lat' dir='ltr'>bantur,</span> <span class='ocrx_word' id='word_1_187' title='bbox 700 2807 894 2862; x_wconf 91' lang='lat' dir='ltr'>neque</span> <span class='ocrx_word' id='word_1_188' title='bbox 921 2789 1220 2846; x_wconf 88' lang='lat' dir='ltr'>habebant</span> <span class='ocrx_word' id='word_1_189' title='bbox 1249 2807 1364 2860; x_wconf 92' lang='lat' dir='ltr'>quo</span> <span class='ocrx_word' id='word_1_190' title='bbox 1409 2788 1584 2844; x_wconf 92' lang='lat' dir='ltr'>modo</span> <span class='ocrx_word' id='word_1_191' title='bbox 1642 2787 1928 2858; x_wconf 86' lang='lat' dir='ltr'>voluptati</span> <span class='ocrx_word' id='word_1_192' title='bbox 1958 2803 2078 2842; x_wconf 60' lang='lat' dir='ltr'>sua;</span> 
     </span>
    </p>
   </div>
   <div class='ocr_carea' id='block_1_32' title="bbox 427 2876 2082 2950">
    <p class='ocr_par' dir='ltr' id='par_1_32' title="bbox 427 2876 2082 2950">
     <span class='ocr_line' id='line_1_32' title="bbox 427 2876 2082 2950; baseline -0.002 -16"><span class='ocrx_word' id='word_1_193' title='bbox 427 2879 857 2936; x_wconf 80' lang='lat' dir='ltr'>satisfacerent.</span> <span class='ocrx_word' id='word_1_194' title='bbox 891 2881 962 2934; x_wconf 88' lang='lat' dir='ltr'>Et</span> <span class='ocrx_word' id='word_1_195' title='bbox 983 2879 1227 2950; x_wconf 87' lang='lat' dir='ltr'>quidam</span> <span class='ocrx_word' id='word_1_196' title='bbox 1260 2879 1332 2934; x_wconf 87' lang='lat' dir='ltr'>de</span> <span class='ocrx_word' id='word_1_197' title='bbox 1365 2877 1697 2933; x_wconf 89' lang='lat' dir='ltr'>notioribus</span> <span class='ocrx_word' id='word_1_198' title='bbox 1726 2876 1960 2948; x_wconf 88' lang='lat' dir='ltr'>placide</span> <span class='ocrx_word' id='word_1_199' title='bbox 1984 2893 2082 2949; x_wconf 85' lang='lat' dir='ltr'>ag-</span> 
     </span>
    </p>
   </div>
   <div class='ocr_carea' id='block_1_33' title="bbox 428 2965 2076 3040">
    <p class='ocr_par' dir='ltr' id='par_1_33' title="bbox 428 2965 2076 3040">
     <span class='ocr_line' id='line_1_33' title="bbox 428 2965 2076 3040; baseline -0.002 -16"><span class='ocrx_word' id='word_1_200' title='bbox 428 2984 665 3040; x_wconf 79' lang='lat' dir='ltr'>gressus</span> <span class='ocrx_word' id='word_1_201' title='bbox 699 2984 769 3023; x_wconf 86' lang='lat' dir='ltr'>ex</span> <span class='ocrx_word' id='word_1_202' title='bbox 790 2985 856 3023; x_wconf 89' lang='lat' dir='ltr'>eo</span> <span class='ocrx_word' id='word_1_203' title='bbox 889 2967 1161 3039; x_wconf 77' lang='lat' dir='ltr'>qumsivit</span> <span class='ocrx_word' id='word_1_204' title='bbox 1190 2983 1450 3038; x_wconf 89' lang='lat' dir='ltr'>quonam</span> <span class='ocrx_word' id='word_1_205' title='bbox 1489 2966 1667 3021; x_wconf 89' lang='lat' dir='ltr'>modo</span> <span class='ocrx_word' id='word_1_206' title='bbox 1697 2965 1892 3020; x_wconf 88' lang='lat' dir='ltr'>virilia</span> <span class='ocrx_word' id='word_1_207' title='bbox 1947 2967 2076 3036; x_wconf 86' lang='lat' dir='ltr'>ejus</span> 
     </span>
    </p>
   </div>
   <div class='ocr_carea' id='block_1_34' title="bbox 427 3055 2074 3126">
    <p class='ocr_par' dir='ltr' id='par_1_34' title="bbox 427 3055 2074 3126">
     <span class='ocr_line' id='line_1_34' title="bbox 427 3055 2074 3126; baseline -0.002 -14"><span class='ocrx_word' id='word_1_208' title='bbox 427 3057 510 3112; x_wconf 90' lang='lat' dir='ltr'>ita</span> <span class='ocrx_word' id='word_1_209' title='bbox 568 3057 1020 3113; x_wconf 85' lang='lat' dir='ltr'>emarcuissent.</span> <span class='ocrx_word' id='word_1_210' title='bbox 1080 3057 1184 3112; x_wconf 91' lang='lat' dir='ltr'>Cui</span> <span class='ocrx_word' id='word_1_211' title='bbox 1217 3057 1268 3110; x_wconf 92' lang='lat' dir='ltr'>is</span> <span class='ocrx_word' id='word_1_212' title='bbox 1313 3073 1441 3111; x_wconf 91' lang='lat' dir='ltr'>rem</span> <span class='ocrx_word' id='word_1_213' title='bbox 1500 3060 1683 3110; x_wconf 88' lang='lat' dir='ltr'>totam</span> <span class='ocrx_word' id='word_1_214' title='bbox 1716 3071 1752 3110; x_wconf 88' lang='lat' dir='ltr'>a</span> <span class='ocrx_word' id='word_1_215' title='bbox 1779 3055 2074 3126; x_wconf 89' lang='lat' dir='ltr'>principio</span> 
     </span>
    </p>
   </div>
   <div class='ocr_carea' id='block_1_35' title="bbox 427 3144 2078 3218">
    <p class='ocr_par' dir='ltr' id='par_1_35' title="bbox 427 3144 2078 3218">
     <span class='ocr_line' id='line_1_35' title="bbox 427 3144 2078 3218; baseline -0.002 -16"><span class='ocrx_word' id='word_1_216' title='bbox 427 3148 708 3202; x_wconf 85' lang='lat' dir='ltr'>narravit.</span> <span class='ocrx_word' id='word_1_217' title='bbox 747 3147 840 3216; x_wconf 90' lang='lat' dir='ltr'>Se,</span> <span class='ocrx_word' id='word_1_218' title='bbox 895 3163 1031 3202; x_wconf 90' lang='lat' dir='ltr'>cum</span> <span class='ocrx_word' id='word_1_219' title='bbox 1080 3147 1280 3202; x_wconf 73' lang='lat' dir='ltr'>Romus</span> <span class='ocrx_word' id='word_1_220' title='bbox 1339 3145 1598 3218; x_wconf 80' lang='lat' dir='ltr'>degeret,</span> <span class='ocrx_word' id='word_1_221' title='bbox 1632 3145 1850 3200; x_wconf 89' lang='lat' dir='ltr'>missus</span> <span class='ocrx_word' id='word_1_222' title='bbox 1881 3161 1950 3200; x_wconf 91' lang='lat' dir='ltr'>eo</span> <span class='ocrx_word' id='word_1_223' title='bbox 2003 3144 2078 3199; x_wconf 86' lang='lat' dir='ltr'>ad</span> 
     </span>
    </p>
   </div>
   <div class='ocr_carea' id='block_1_36' title="bbox 429 3234 2076 3307">
    <p class='ocr_par' dir='ltr' id='par_1_36' title="bbox 429 3234 2076 3307">
     <span class='ocr_line' id='line_1_36' title="bbox 429 3234 2076 3307; baseline -0.001 -16"><span class='ocrx_word' id='word_1_224' title='bbox 429 3250 644 3307; x_wconf 82' lang='lat' dir='ltr'>papam</span> <span class='ocrx_word' id='word_1_225' title='bbox 706 3235 780 3290; x_wconf 90' lang='lat' dir='ltr'>ob</span> <span class='ocrx_word' id='word_1_226' title='bbox 837 3236 1130 3290; x_wconf 88' lang='lat' dir='ltr'>intentata</span> <span class='ocrx_word' id='word_1_227' title='bbox 1185 3234 1514 3306; x_wconf 90' lang='lat' dir='ltr'>Nicephoro</span> <span class='ocrx_word' id='word_1_228' title='bbox 1565 3234 1939 3289; x_wconf 86' lang='lat' dir='ltr'>sanctissimo</span> <span class='ocrx_word' id='word_1_229' title='bbox 1970 3250 2076 3305; x_wconf 88' lang='lat' dir='ltr'>pa-</span> 
     </span>
    </p>
   </div>
   <div class='ocr_carea' id='block_1_37' title="bbox 431 3323 2076 3382">
    <p class='ocr_par' dir='ltr' id='par_1_37' title="bbox 431 3323 2076 3382">
     <span class='ocr_line' id='line_1_37' title="bbox 431 3323 2076 3382; baseline 0 -4"><span class='ocrx_word' id='word_1_230' title='bbox 431 3325 708 3379; x_wconf 75' lang='lat' dir='ltr'>triarchm</span> <span class='ocrx_word' id='word_1_231' title='bbox 739 3324 1011 3382; x_wconf 87' lang='lat' dir='ltr'>crimina.</span> <span class='ocrx_word' id='word_1_232' title='bbox 1042 3328 1312 3378; x_wconf 87' lang='lat' dir='ltr'>vexatum</span> <span class='ocrx_word' id='word_1_233' title='bbox 1343 3323 1526 3378; x_wconf 85' lang='lat' dir='ltr'>fuisse</span> <span class='ocrx_word' id='word_1_234' title='bbox 1547 3340 1582 3378; x_wconf 89' lang='lat' dir='ltr'>a</span> <span class='ocrx_word' id='word_1_235' title='bbox 1603 3323 1798 3378; x_wconf 90' lang='lat' dir='ltr'>carnis</span> <span class='ocrx_word' id='word_1_236' title='bbox 1811 3323 2076 3378; x_wconf 89' lang='lat' dir='ltr'>studioso</span> 
     </span>
    </p>
   </div>
   <div class='ocr_carea' id='block_1_38' title="bbox 435 3411 2078 3483">
    <p class='ocr_par' dir='ltr' id='par_1_38' title="bbox 435 3411 2078 3483">
     <span class='ocr_line' id='line_1_38' title="bbox 435 3411 2078 3483; baseline -0.001 -16"><span class='ocrx_word' id='word_1_237' title='bbox 435 3413 593 3467; x_wconf 64' lang='lat' dir='ltr'>malo</span> <span class='ocrx_word' id='word_1_238' title='bbox 642 3412 836 3483; x_wconf 79' lang='lat' dir='ltr'>genio,</span> <span class='ocrx_word' id='word_1_239' title='bbox 891 3411 1020 3466; x_wconf 90' lang='lat' dir='ltr'>sine</span> <span class='ocrx_word' id='word_1_240' title='bbox 1070 3411 1513 3466; x_wconf 89' lang='lat' dir='ltr'>intermissione</span> <span class='ocrx_word' id='word_1_241' title='bbox 1572 3411 1698 3466; x_wconf 91' lang='lat' dir='ltr'>dies</span> <span class='ocrx_word' id='word_1_242' title='bbox 1756 3417 2078 3482; x_wconf 86' lang='lat' dir='ltr'>noctesque</span> 
     </span>
    </p>
   </div>
   <div class='ocr_carea' id='block_1_39' title="bbox 431 3499 2077 3571">
    <p class='ocr_par' dir='ltr' id='par_1_39' title="bbox 431 3499 2077 3571">
     <span class='ocr_line' id='line_1_39' title="bbox 431 3499 2077 3571; baseline 0.001 -17"><span class='ocrx_word' id='word_1_243' title='bbox 431 3501 629 3571; x_wconf 90' lang='lat' dir='ltr'>ipsum</span> <span class='ocrx_word' id='word_1_244' title='bbox 650 3499 925 3554; x_wconf 88' lang='lat' dir='ltr'>titillante</span> <span class='ocrx_word' id='word_1_245' title='bbox 939 3505 998 3554; x_wconf 89' lang='lat' dir='ltr'>et</span> <span class='ocrx_word' id='word_1_246' title='bbox 1011 3499 1095 3553; x_wconf 88' lang='lat' dir='ltr'>rei</span> <span class='ocrx_word' id='word_1_247' title='bbox 1119 3499 1398 3553; x_wconf 76' lang='lat' dir='ltr'>Venerem</span> <span class='ocrx_word' id='word_1_248' title='bbox 1412 3499 1736 3570; x_wconf 87' lang='lat' dir='ltr'>appetitum</span> <span class='ocrx_word' id='word_1_249' title='bbox 1760 3501 2077 3556; x_wconf 79' lang='lat' dir='ltr'>excitante.</span> 
     </span>
    </p>
   </div>
   <div class='ocr_carea' id='block_1_40' title="bbox 429 3587 2078 3659">
    <p class='ocr_par' dir='ltr' id='par_1_40' title="bbox 429 3587 2078 3659">
     <span class='ocr_line' id='line_1_40' title="bbox 429 3587 2078 3659; baseline 0.001 -17"><span class='ocrx_word' id='word_1_250' title='bbox 429 3589 639 3659; x_wconf 83' lang='lat' dir='ltr'>Itaque</span> <span class='ocrx_word' id='word_1_251' title='bbox 661 3603 724 3643; x_wconf 90' lang='lat' dir='ltr'>se</span> <span class='ocrx_word' id='word_1_252' title='bbox 755 3587 1060 3643; x_wconf 90' lang='lat' dir='ltr'>ardentem</span> <span class='ocrx_word' id='word_1_253' title='bbox 1094 3603 1163 3643; x_wconf 90' lang='lat' dir='ltr'>ea</span> <span class='ocrx_word' id='word_1_254' title='bbox 1191 3587 1535 3658; x_wconf 87' lang='lat' dir='ltr'>cupiditate,</span> <span class='ocrx_word' id='word_1_255' title='bbox 1595 3604 1662 3642; x_wconf 89' lang='lat' dir='ltr'>ac</span> <span class='ocrx_word' id='word_1_256' title='bbox 1695 3592 1925 3644; x_wconf 90' lang='lat' dir='ltr'>tantum</span> <span class='ocrx_word' id='word_1_257' title='bbox 1957 3605 2078 3644; x_wconf 92' lang='lat' dir='ltr'>non</span> 
     </span>
    </p>
   </div>
   <div class='ocr_carea' id='block_1_41' title="bbox 429 3675 2078 3749">
    <p class='ocr_par' dir='ltr' id='par_1_41' title="bbox 429 3675 2078 3749">
     <span class='ocr_line' id='line_1_41' title="bbox 429 3675 2078 3749; baseline 0.001 -17"><span class='ocrx_word' id='word_1_258' title='bbox 429 3676 482 3732; x_wconf 89' lang='lat' dir='ltr'>ei</span> <span class='ocrx_word' id='word_1_259' title='bbox 517 3675 1214 3742; x_wconf 79' lang='lat' dir='ltr'>succumbentem,Pctro</span> <span class='ocrx_word' id='word_1_260' title='bbox 1235 3676 1639 3747; x_wconf 86' lang='lat' dir='ltr'>apostolorum</span> <span class='ocrx_word' id='word_1_261' title='bbox 1671 3677 1924 3749; x_wconf 91' lang='lat' dir='ltr'>principi</span> <span class='ocrx_word' id='word_1_262' title='bbox 1947 3694 2078 3734; x_wconf 89' lang='lat' dir='ltr'>sese</span> 
     </span>
    </p>
   </div>
   <div class='ocr_carea' id='block_1_42' title="bbox 425 3765 2076 3837">
    <p class='ocr_par' dir='ltr' id='par_1_42' title="bbox 425 3765 2076 3837">
     <span class='ocr_line' id='line_1_42' title="bbox 425 3765 2076 3837; baseline 0.001 -15"><span class='ocrx_word' id='word_1_263' title='bbox 425 3766 641 3822; x_wconf 89' lang='lat' dir='ltr'>dedere</span> <span class='ocrx_word' id='word_1_264' title='bbox 682 3767 979 3834; x_wconf 87' lang='lat' dir='ltr'>statuisse,</span> <span class='ocrx_word' id='word_1_265' title='bbox 1030 3765 1348 3836; x_wconf 89' lang='lat' dir='ltr'>multisque</span> <span class='ocrx_word' id='word_1_266' title='bbox 1389 3765 1462 3820; x_wconf 89' lang='lat' dir='ltr'>ab</span> <span class='ocrx_word' id='word_1_267' title='bbox 1509 3783 1576 3821; x_wconf 93' lang='lat' dir='ltr'>eo</span> <span class='ocrx_word' id='word_1_268' title='bbox 1626 3766 1902 3837; x_wconf 91' lang='lat' dir='ltr'>precibus</span> <span class='ocrx_word' id='word_1_269' title='bbox 1933 3784 2076 3823; x_wconf 78' lang='lat' dir='ltr'>con-</span> 
     </span>
    </p>
   </div>
   <div class='ocr_carea' id='block_1_43' title="bbox 426 3855 2076 3912">
    <p class='ocr_par' dir='ltr' id='par_1_43' title="bbox 426 3855 2076 3912">
     <span class='ocr_line' id='line_1_43' title="bbox 426 3855 2076 3912; baseline -0.001 -1"><span class='ocrx_word' id='word_1_270' title='bbox 426 3855 690 3911; x_wconf 88' lang='lat' dir='ltr'>tendisse</span> <span class='ocrx_word' id='word_1_271' title='bbox 721 3855 806 3910; x_wconf 89' lang='lat' dir='ltr'>uti</span> <span class='ocrx_word' id='word_1_272' title='bbox 839 3871 902 3910; x_wconf 90' lang='lat' dir='ltr'>se</span> <span class='ocrx_word' id='word_1_273' title='bbox 934 3855 1183 3910; x_wconf 90' lang='lat' dir='ltr'>libidine</span> <span class='ocrx_word' id='word_1_274' title='bbox 1215 3855 1328 3910; x_wconf 87' lang='lat' dir='ltr'>ista</span> <span class='ocrx_word' id='word_1_275' title='bbox 1354 3855 1658 3910; x_wconf 88' lang='lat' dir='ltr'>liberaret.</span> <span class='ocrx_word' id='word_1_276' title='bbox 1700 3857 1866 3910; x_wconf 84' lang='lat' dir='ltr'>Hunc</span> <span class='ocrx_word' id='word_1_277' title='bbox 1897 3861 2076 3912; x_wconf 87' lang='lat' dir='ltr'>noctu</span> 
     </span>
    </p>
   </div>
   <div class='ocr_carea' id='block_1_44' title="bbox 425 3943 2076 4016">
    <p class='ocr_par' dir='ltr' id='par_1_44' title="bbox 425 3943 2076 4016">
     <span class='ocr_line' id='line_1_44' title="bbox 425 3943 2076 4016; baseline 0.001 -16"><span class='ocrx_word' id='word_1_278' title='bbox 425 3945 708 4012; x_wconf 87' lang='lat' dir='ltr'>astitisse,</span> <span class='ocrx_word' id='word_1_279' title='bbox 759 3961 825 3999; x_wconf 89' lang='lat' dir='ltr'>ac</span> <span class='ocrx_word' id='word_1_280' title='bbox 854 3943 1044 4000; x_wconf 88' lang='lat' dir='ltr'>virilia</span> <span class='ocrx_word' id='word_1_281' title='bbox 1099 3961 1206 4000; x_wconf 89' lang='lat' dir='ltr'>sua</span> <span class='ocrx_word' id='word_1_282' title='bbox 1259 3961 1442 4000; x_wconf 89' lang='lat' dir='ltr'>manu</span> <span class='ocrx_word' id='word_1_283' title='bbox 1499 3943 1707 4000; x_wconf 84' lang='lat' dir='ltr'>dextra</span> <span class='ocrx_word' id='word_1_284' title='bbox 1739 3949 2076 4016; x_wconf 81' lang='lat' dir='ltr'>tangentem</span> 
     </span>
    </p>
   </div>
   <div class='ocr_carea' id='block_1_45' title="bbox 429 4032 2074 4106">
    <p class='ocr_par' dir='ltr' id='par_1_45' title="bbox 429 4032 2074 4106">
     <span class='ocr_line' id='line_1_45' title="bbox 429 4032 2074 4106; baseline 0.001 -18"><span class='ocrx_word' id='word_1_285' title='bbox 429 4033 850 4102; x_wconf 87' lang='lat' dir='ltr'>combussisse,</span> <span class='ocrx_word' id='word_1_286' title='bbox 885 4032 1183 4105; x_wconf 89' lang='lat' dir='ltr'>simulque</span> <span class='ocrx_word' id='word_1_287' title='bbox 1214 4033 1438 4089; x_wconf 86' lang='lat' dir='ltr'>dixisse</span> <span class='ocrx_word' id='word_1_288' title='bbox 1468 4033 1617 4088; x_wconf 90' lang='lat' dir='ltr'>nihil</span> <span class='ocrx_word' id='word_1_289' title='bbox 1647 4049 1776 4089; x_wconf 90' lang='lat' dir='ltr'>esse</span> <span class='ocrx_word' id='word_1_290' title='bbox 1806 4034 1963 4106; x_wconf 88' lang='lat' dir='ltr'>quod</span> <span class='ocrx_word' id='word_1_291' title='bbox 2011 4035 2074 4090; x_wconf 91' lang='lat' dir='ltr'>in</span> 
     </span>
    </p>
   </div>
   <div class='ocr_carea' id='block_1_46' title="bbox 424 4121 2074 4196">
    <p class='ocr_par' dir='ltr' id='par_1_46' title="bbox 424 4121 2074 4196">
     <span class='ocr_line' id='line_1_46' title="bbox 424 4121 2074 4196; baseline 0.001 -20"><span class='ocrx_word' id='word_1_292' title='bbox 424 4127 730 4194; x_wconf 86' lang='lat' dir='ltr'>posterum</span> <span class='ocrx_word' id='word_1_293' title='bbox 763 4123 878 4178; x_wconf 85' lang='lat' dir='ltr'>sibi</span> <span class='ocrx_word' id='word_1_294' title='bbox 899 4121 971 4178; x_wconf 90' lang='lat' dir='ltr'>ab</span> <span class='ocrx_word' id='word_1_295' title='bbox 1003 4123 1117 4178; x_wconf 89' lang='lat' dir='ltr'>ista</span> <span class='ocrx_word' id='word_1_296' title='bbox 1143 4128 1437 4178; x_wconf 90' lang='lat' dir='ltr'>metueret</span> <span class='ocrx_word' id='word_1_297' title='bbox 1452 4123 1771 4194; x_wconf 88' lang='lat' dir='ltr'>voluptatis</span> <span class='ocrx_word' id='word_1_298' title='bbox 1805 4125 2074 4196; x_wconf 92' lang='lat' dir='ltr'>concupi-</span> 
     </span>
    </p>
   </div>
   <div class='ocr_carea' id='block_1_47' title="bbox 424 4211 2076 4268">
    <p class='ocr_par' dir='ltr' id='par_1_47' title="bbox 424 4211 2076 4268">
     <span class='ocr_line' id='line_1_47' title="bbox 424 4211 2076 4268; baseline 0.001 -2"><span class='ocrx_word' id='word_1_299' title='bbox 424 4211 671 4266; x_wconf 89' lang='lat' dir='ltr'>scentia.</span> <span class='ocrx_word' id='word_1_300' title='bbox 699 4213 771 4268; x_wconf 91' lang='lat' dir='ltr'>Se</span> <span class='ocrx_word' id='word_1_301' title='bbox 803 4211 878 4266; x_wconf 91' lang='lat' dir='ltr'>ob</span> <span class='ocrx_word' id='word_1_302' title='bbox 909 4212 1322 4268; x_wconf 85' lang='lat' dir='ltr'>vehementem</span> <span class='ocrx_word' id='word_1_303' title='bbox 1345 4211 1614 4267; x_wconf 89' lang='lat' dir='ltr'>dolorem</span> <span class='ocrx_word' id='word_1_304' title='bbox 1637 4229 1848 4268; x_wconf 86' lang='lat' dir='ltr'>somno</span> <span class='ocrx_word' id='word_1_305' title='bbox 1875 4229 2076 4268; x_wconf 85' lang='lat' dir='ltr'>excus—</span> 
     </span>
    </p>
   </div>
   <div class='ocr_carea' id='block_1_48' title="bbox 421 4299 2070 4372">
    <p class='ocr_par' dir='ltr' id='par_1_48' title="bbox 421 4299 2070 4372">
     <span class='ocr_line' id='line_1_48' title="bbox 421 4299 2070 4372; baseline 0.002 -17"><span class='ocrx_word' id='word_1_306' title='bbox 421 4317 551 4356; x_wconf 89' lang='lat' dir='ltr'>sum</span> <span class='ocrx_word' id='word_1_307' title='bbox 584 4300 763 4356; x_wconf 85' lang='lat' dir='ltr'>talem</span> <span class='ocrx_word' id='word_1_308' title='bbox 797 4305 1098 4372; x_wconf 88' lang='lat' dir='ltr'>repertum</span> <span class='ocrx_word' id='word_1_309' title='bbox 1127 4301 1311 4357; x_wconf 80' lang='lat' dir='ltr'>fuisse</span> <span class='ocrx_word' id='word_1_310' title='bbox 1343 4299 1580 4370; x_wconf 89' lang='lat' dir='ltr'>qualem</span> <span class='ocrx_word' id='word_1_311' title='bbox 1621 4300 1733 4372; x_wconf 90' lang='lat' dir='ltr'>ipsi</span> <span class='ocrx_word' id='word_1_312' title='bbox 1761 4301 2070 4358; x_wconf 86' lang='lat' dir='ltr'>vidissent.</span> 
     </span>
    </p>
   </div>
   <div class='ocr_carea' id='block_1_49' title="bbox 417 4389 2072 4460">
    <p class='ocr_par' dir='ltr' id='par_1_49' title="bbox 417 4389 2072 4460">
     <span class='ocr_line' id='line_1_49' title="bbox 417 4389 2072 4460; baseline 0.001 -16"><span class='ocrx_word' id='word_1_313' title='bbox 417 4389 548 4444; x_wconf 69' lang='lat' dir='ltr'>Haac</span> <span class='ocrx_word' id='word_1_314' title='bbox 607 4407 742 4445; x_wconf 90' lang='lat' dir='ltr'>cum</span> <span class='ocrx_word' id='word_1_315' title='bbox 816 4391 898 4446; x_wconf 88' lang='lat' dir='ltr'>ita</span> <span class='ocrx_word' id='word_1_316' title='bbox 966 4394 1274 4445; x_wconf 88' lang='lat' dir='ltr'>narrasset</span> <span class='ocrx_word' id='word_1_317' title='bbox 1329 4389 1712 4460; x_wconf 88' lang='lat' dir='ltr'>patriarchia,</span> <span class='ocrx_word' id='word_1_318' title='bbox 1770 4391 2072 4446; x_wconf 88' lang='lat' dir='ltr'>Manuelus</span> 
     </span>
    </p>
   </div>
   <div class='ocr_carea' id='block_1_50' title="bbox 417 4478 2071 4536">
    <p class='ocr_par' dir='ltr' id='par_1_50' title="bbox 417 4478 2071 4536">
     <span class='ocr_line' id='line_1_50' title="bbox 417 4478 2071 4536; baseline 0.002 -4"><span class='ocrx_word' id='word_1_319' title='bbox 417 4478 856 4534; x_wconf 87' lang='lat' dir='ltr'>intolerabilem</span> <span class='ocrx_word' id='word_1_320' title='bbox 889 4480 1043 4534; x_wconf 90' lang='lat' dir='ltr'>hanc</span> <span class='ocrx_word' id='word_1_321' title='bbox 1074 4478 1344 4534; x_wconf 85' lang='lat' dir='ltr'>fraudem</span> <span class='ocrx_word' id='word_1_322' title='bbox 1397 4478 1671 4534; x_wconf 89' lang='lat' dir='ltr'>indicans</span> <span class='ocrx_word' id='word_1_323' title='bbox 1703 4479 1909 4534; x_wconf 88' lang='lat' dir='ltr'>statuit</span> <span class='ocrx_word' id='word_1_324' title='bbox 1938 4496 2071 4536; x_wconf 91' lang='lat' dir='ltr'>mu-</span> 
     </span>
    </p>
   </div>
   <div class='ocr_carea' id='block_1_51' title="bbox 2195 552 3788 632">
    <p class='ocr_par' dir='ltr' id='par_1_51' title="bbox 2195 552 3788 632">
     <span class='ocr_line' id='line_1_51' title="bbox 2195 552 3788 632; baseline 0.009 -29"><span class='ocrx_word' id='word_1_325' title='bbox 2195 569 2318 604; x_wconf 92' lang='grc' dir='ltr'>τινα</span> <span class='ocrx_word' id='word_1_326' title='bbox 2372 559 2605 628; x_wconf 81' lang='grc' dir='ltr'>γυναῖκα</span> <span class='ocrx_word' id='word_1_327' title='bbox 2672 555 2763 610; x_wconf 88' lang='grc' dir='ltr'>καὶ</span> <span class='ocrx_word' id='word_1_328' title='bbox 2827 552 3210 632; x_wconf 74' lang='grc' dir='ltr'>ὑποσχέσεσιν,</span> <span class='ocrx_word' id='word_1_329' title='bbox 3283 555 3330 612; x_wconf 80' lang='grc' dir='ltr'><strong>ἑί</strong></span> <span class='ocrx_word' id='word_1_330' title='bbox 3413 559 3561 632; x_wconf 81' lang='grc' dir='ltr'>μόνον</span> <span class='ocrx_word' id='word_1_331' title='bbox 3611 563 3788 627; x_wconf 89' lang='grc' dir='ltr'>τούτοις</span> 
     </span>
    </p>
   </div>
   <div class='ocr_carea' id='block_1_52' title="bbox 2197 641 3786 728">
    <p class='ocr_par' dir='ltr' id='par_1_52' title="bbox 2197 641 3786 728">
     <span class='ocr_line' id='line_1_52' title="bbox 2197 641 3786 728; baseline 0.009 -36"><span class='ocrx_word' id='word_1_332' title='bbox 2197 643 2501 716; x_wconf 76' lang='grc' dir='ltr'>συμφήσειε</span> <span class='ocrx_word' id='word_1_333' title='bbox 2568 645 2782 718; x_wconf 82' lang='grc' dir='ltr'>(μήτηρ</span> <span class='ocrx_word' id='word_1_334' title='bbox 2840 641 2900 699; x_wconf 75' lang='grc' dir='ltr'>δὲ</span> <span class='ocrx_word' id='word_1_335' title='bbox 2945 646 3008 700; x_wconf 85' lang='grc' dir='ltr'>τὸ</span> <span class='ocrx_word' id='word_1_336' title='bbox 3063 646 3284 720; x_wconf 85' lang='grc' dir='ltr'>γύναιον</span> <span class='ocrx_word' id='word_1_337' title='bbox 3341 647 3405 716; x_wconf 75' lang='grc' dir='ltr'>ἦν</span> <span class='ocrx_word' id='word_1_338' title='bbox 3447 649 3786 728; x_wconf 76' lang='grc' dir='ltr'>Μητροφάνους</span> 
     </span>
    </p>
   </div>
   <div class='ocr_carea' id='block_1_53' title="bbox 2193 732 3787 810">
    <p class='ocr_par' dir='ltr' id='par_1_53' title="bbox 2193 732 3787 810">
     <span class='ocr_line' id='line_1_53' title="bbox 2193 732 3787 810; baseline 0.008 -29"><span class='ocrx_word' id='word_1_339' title='bbox 2193 732 2291 782; x_wconf 81' lang='grc' dir='ltr'>τοῦ</span> <span class='ocrx_word' id='word_1_340' title='bbox 2353 733 2641 802; x_wconf 74' lang='grc' dir='ltr'>μετέπειτα</span> <span class='ocrx_word' id='word_1_341' title='bbox 2711 733 2968 809; x_wconf 85' lang='grc' dir='ltr'>Σμύρνης</span> <span class='ocrx_word' id='word_1_342' title='bbox 3037 733 3528 810; x_wconf 81' lang='grc' dir='ltr'>προεδρεύσαντος),</span> <span class='ocrx_word' id='word_1_343' title='bbox 3585 739 3787 802; x_wconf 81' lang='grc' dir='ltr'>πείθουσι</span> 
     </span>
    </p>
   </div>
   <div class='ocr_carea' id='block_1_54' title="bbox 2193 820 3792 898">
    <p class='ocr_par' dir='ltr' id='par_1_54' title="bbox 2193 820 3792 898">
     <span class='ocr_line' id='line_1_54' title="bbox 2193 820 3792 898; baseline 0.007 -27"><span class='ocrx_word' id='word_1_344' title='bbox 2193 826 2466 874; x_wconf 80' lang='grc' dir='ltr'>κατειπεῖν</span> <span class='ocrx_word' id='word_1_345' title='bbox 2495 825 2594 876; x_wconf 78' lang='grc' dir='ltr'>τοῦ</span> <span class='ocrx_word' id='word_1_346' title='bbox 2633 822 2787 898; x_wconf 80' lang='grc' dir='ltr'><strong>ἁγίου</strong></span> <span class='ocrx_word' id='word_1_347' title='bbox 2819 825 2956 898; x_wconf 89' lang='grc' dir='ltr'>πρός</span> <span class='ocrx_word' id='word_1_348' title='bbox 3002 844 3062 878; x_wconf 88' lang='grc' dir='ltr'>τε</span> <span class='ocrx_word' id='word_1_349' title='bbox 3117 825 3218 892; x_wconf 74' lang='grc' dir='ltr'>τὴν</span> <span class='ocrx_word' id='word_1_350' title='bbox 3280 820 3552 880; x_wconf 75' lang='grc' dir='ltr'>δέσποιναν</span> <span class='ocrx_word' id='word_1_351' title='bbox 3588 827 3792 893; x_wconf 71' lang='grc' dir='ltr'>καὶτοὺς</span> 
     </span>
    </p>
   </div>
   <div class='ocr_carea' id='block_1_55' title="bbox 2193 905 3788 988">
    <p class='ocr_par' dir='ltr' id='par_1_55' title="bbox 2193 905 3788 988">
     <span class='ocr_line' id='line_1_55' title="bbox 2193 905 3788 988; baseline 0.004 -26"><span class='ocrx_word' id='word_1_352' title='bbox 2193 905 2526 984; x_wconf 71' lang='grc' dir='ltr'>ἐπιτρόπους</span> <span class='ocrx_word' id='word_1_353' title='bbox 2571 915 2669 966; x_wconf 76' lang='grc' dir='ltr'>τοῦ</span> <span class='ocrx_word' id='word_1_354' title='bbox 2727 910 3000 988; x_wconf 83' lang='grc' dir='ltr'>βασιλέως</span> <span class='ocrx_word' id='word_1_355' title='bbox 3030 911 3106 976; x_wconf 85' lang='grc' dir='ltr'>ὠς</span> <span class='ocrx_word' id='word_1_356' title='bbox 3139 911 3227 984; x_wconf 84' lang='grc' dir='ltr'>εἷή</span> <span class='ocrx_word' id='word_1_357' title='bbox 3260 913 3397 986; x_wconf 80' lang='grc' dir='ltr'>αὑτῇ</span> <span class='ocrx_word' id='word_1_358' title='bbox 3427 911 3788 984; x_wconf 76' lang='grc' dir='ltr'>πεπλησιοκώς.</span> 
     </span>
    </p>
   </div>
   <div class='ocr_carea' id='block_1_56' title="bbox 2194 999 3789 1076">
    <p class='ocr_par' dir='ltr' id='par_1_56' title="bbox 2194 999 3789 1076">
     <span class='ocr_line' id='line_1_56' title="bbox 2194 999 3789 1076; baseline 0.003 -22"><span class='ocrx_word' id='word_1_359' title='bbox 2194 999 2359 1070; x_wconf 85' lang='grc' dir='ltr'>Βῆμα</span> <span class='ocrx_word' id='word_1_360' title='bbox 2387 1004 2518 1074; x_wconf 81' lang='grc' dir='ltr'>γοῦν</span> <span class='ocrx_word' id='word_1_361' title='bbox 2577 1001 2775 1066; x_wconf 63' lang='grc' dir='ltr'>εὐθέως</span> <span class='ocrx_word' id='word_1_362' title='bbox 2837 1001 3039 1076; x_wconf 81' lang='grc' dir='ltr'>φρίκης</span> <span class='ocrx_word' id='word_1_363' title='bbox 3093 1003 3289 1076; x_wconf 88' lang='grc' dir='ltr'>μεστὸν</span> <span class='ocrx_word' id='word_1_364' title='bbox 3335 999 3394 1056; x_wconf 76' lang='grc' dir='ltr'>ἐκ</span> <span class='ocrx_word' id='word_1_365' title='bbox 3419 999 3694 1058; x_wconf 78' lang='grc' dir='ltr'>πολιτικῶν</span> <span class='ocrx_word' id='word_1_366' title='bbox 3717 1005 3789 1060; x_wconf 75' lang='grc' dir='ltr'>καὶ</span> 
     </span>
    </p>
   </div>
   <div class='ocr_carea' id='block_1_57' title="bbox 2195 1086 3793 1168">
    <p class='ocr_par' dir='ltr' id='par_1_57' title="bbox 2195 1086 3793 1168">
     <span class='ocr_line' id='line_1_57' title="bbox 2195 1086 3793 1168; baseline 0.004 -26"><span class='ocrx_word' id='word_1_367' title='bbox 2195 1088 2351 1162; x_wconf 75' lang='grc' dir='ltr'>ἱερῶν</span> <span class='ocrx_word' id='word_1_368' title='bbox 2380 1086 2591 1166; x_wconf 79' lang='grc' dir='ltr'>ἀνδρῶν</span> <span class='ocrx_word' id='word_1_369' title='bbox 2659 1091 3156 1168; x_wconf 82' lang='grc' dir='ltr'>συγκροτοῦμενον.</span> <span class='ocrx_word' id='word_1_370' title='bbox 3217 1097 3467 1166; x_wconf 75' lang='grc' dir='ltr'>Παρῆσαν</span> <span class='ocrx_word' id='word_1_371' title='bbox 3510 1093 3560 1145; x_wconf 79' lang='grc' dir='ltr'>οἱ</span> <span class='ocrx_word' id='word_1_372' title='bbox 3595 1088 3793 1158; x_wconf 73' lang='grc' dir='ltr'>εὐσεϐεῖς</span> 
     </span>
    </p>
   </div>
   <div class='ocr_carea' id='block_1_58' title="bbox 2191 1179 3790 1256">
    <p class='ocr_par' dir='ltr' id='par_1_58' title="bbox 2191 1179 3790 1256">
     <span class='ocr_line' id='line_1_58' title="bbox 2191 1179 3790 1256; baseline 0.002 -24"><span class='ocrx_word' id='word_1_373' title='bbox 2191 1179 2490 1256; x_wconf 78' lang='grc' dir='ltr'>κατηφείας</span> <span class='ocrx_word' id='word_1_374' title='bbox 2545 1181 2636 1236; x_wconf 79' lang='grc' dir='ltr'>καὶ</span> <span class='ocrx_word' id='word_1_375' title='bbox 2695 1180 2876 1253; x_wconf 87' lang='grc' dir='ltr'>λύπης</span> <span class='ocrx_word' id='word_1_376' title='bbox 2959 1179 3419 1256; x_wconf 78' lang='grc' dir='ltr'>πεπληρωμένοι,</span> <span class='ocrx_word' id='word_1_377' title='bbox 3477 1181 3568 1240; x_wconf 64' lang='grc' dir='ltr'>οὐκ</span> <span class='ocrx_word' id='word_1_378' title='bbox 3614 1181 3790 1246; x_wconf 79' lang='grc' dir='ltr'>ἀπῆσαν</span> 
     </span>
    </p>
   </div>
   <div class='ocr_carea' id='block_1_59' title="bbox 2193 1263 3790 1344">
    <p class='ocr_par' dir='ltr' id='par_1_59' title="bbox 2193 1263 3790 1344">
     <span class='ocr_line' id='line_1_59' title="bbox 2193 1263 3790 1344; baseline 0.002 -22"><span class='ocrx_word' id='word_1_379' title='bbox 2193 1267 2247 1322; x_wconf 78' lang='grc' dir='ltr'>οἱ</span> <span class='ocrx_word' id='word_1_380' title='bbox 2303 1263 2514 1332; x_wconf 73' lang='grc' dir='ltr'>ἀσεϐεῖς</span> <span class='ocrx_word' id='word_1_381' title='bbox 2573 1274 2769 1343; x_wconf 80' lang='grc' dir='ltr'>μῶμον</span> <span class='ocrx_word' id='word_1_382' title='bbox 2827 1269 2888 1325; x_wconf 88' lang='grc' dir='ltr'>ἐκ</span> <span class='ocrx_word' id='word_1_383' title='bbox 2941 1277 3042 1340; x_wconf 83' lang='grc' dir='ltr'>τῆς</span> <span class='ocrx_word' id='word_1_384' title='bbox 3093 1271 3336 1344; x_wconf 76' lang='grc' dir='ltr'>πράξεως</span> <span class='ocrx_word' id='word_1_385' title='bbox 3385 1269 3448 1324; x_wconf 83' lang='grc' dir='ltr'>οὗ</span> <span class='ocrx_word' id='word_1_386' title='bbox 3477 1271 3564 1325; x_wconf 88' lang='grc' dir='ltr'>τὸν</span> <span class='ocrx_word' id='word_1_387' title='bbox 3590 1272 3790 1344; x_wconf 76' lang='grc' dir='ltr'>τυχόντι</span> 
     </span>
    </p>
   </div>
   <div class='ocr_carea' id='block_1_60' title="bbox 2193 1355 3794 1436">
    <p class='ocr_par' dir='ltr' id='par_1_60' title="bbox 2193 1355 3794 1436">
     <span class='ocr_line' id='line_1_60' title="bbox 2193 1355 3794 1436; baseline 0 -24"><span class='ocrx_word' id='word_1_388' title='bbox 2193 1358 2278 1430; x_wconf 85' lang='grc' dir='ltr'>[Ρ.</span> <span class='ocrx_word' id='word_1_389' title='bbox 2312 1359 2437 1431; x_wconf 82' lang='lat'>538]</span> <span class='ocrx_word' id='word_1_390' title='bbox 2469 1355 2862 1436; x_wconf 73' lang='grc' dir='ltr'>προστριϐῆναι</span> <span class='ocrx_word' id='word_1_391' title='bbox 2917 1363 2986 1434; x_wconf 81' lang='grc' dir='ltr'>τῇ</span> <span class='ocrx_word' id='word_1_392' title='bbox 3043 1364 3151 1415; x_wconf 81' lang='grc' dir='ltr'>τῶν</span> <span class='ocrx_word' id='word_1_393' title='bbox 3209 1357 3512 1434; x_wconf 81' lang='grc' dir='ltr'>ὀρθοδόξων</span> <span class='ocrx_word' id='word_1_394' title='bbox 3545 1357 3794 1430; x_wconf 65' lang='grc' dir='ltr'>Ἐκκλησία</span> 
     </span>
    </p>
   </div>
   <div class='ocr_carea' id='block_1_61' title="bbox 2193 1442 3794 1524">
    <p class='ocr_par' dir='ltr' id='par_1_61' title="bbox 2193 1442 3794 1524">
     <span class='ocr_line' id='line_1_61' title="bbox 2193 1442 3794 1524; baseline 0.001 -24"><span class='ocrx_word' id='word_1_395' title='bbox 2193 1442 2459 1518; x_wconf 76' lang='grc' dir='ltr'>οἰόμενοι.</span> <span class='ocrx_word' id='word_1_396' title='bbox 2519 1453 2771 1520; x_wconf 78' lang='grc' dir='ltr'>Παρῆσαν</span> <span class='ocrx_word' id='word_1_397' title='bbox 2827 1449 2879 1504; x_wconf 79' lang='grc' dir='ltr'>οἱ</span> <span class='ocrx_word' id='word_1_398' title='bbox 2939 1449 3272 1523; x_wconf 74' lang='grc' dir='ltr'>συκοφάνται</span> <span class='ocrx_word' id='word_1_399' title='bbox 3333 1449 3472 1523; x_wconf 71' lang='grc' dir='ltr'>μέγα</span> <span class='ocrx_word' id='word_1_400' title='bbox 3521 1452 3794 1524; x_wconf 73' lang='grc' dir='ltr'>φρονοῦντες</span> 
     </span>
    </p>
   </div>
   <div class='ocr_carea' id='block_1_62' title="bbox 2191 1534 3790 1616">
    <p class='ocr_par' dir='ltr' id='par_1_62' title="bbox 2191 1534 3790 1616">
     <span class='ocr_line' id='line_1_62' title="bbox 2191 1534 3790 1616; baseline 0.001 -27"><span class='ocrx_word' id='word_1_401' title='bbox 2191 1535 2266 1598; x_wconf 85' lang='grc' dir='ltr'>ὡς</span> <span class='ocrx_word' id='word_1_402' title='bbox 2317 1534 2462 1612; x_wconf 74' lang='grc' dir='ltr'>τάχα</span> <span class='ocrx_word' id='word_1_403' title='bbox 2537 1543 2639 1606; x_wconf 86' lang='grc' dir='ltr'>τῆς</span> <span class='ocrx_word' id='word_1_404' title='bbox 2709 1536 3044 1612; x_wconf 79' lang='grc' dir='ltr'>κατηγορίας</span> <span class='ocrx_word' id='word_1_405' title='bbox 3097 1542 3397 1616; x_wconf 81' lang='grc' dir='ltr'>πρόχειρον</span> <span class='ocrx_word' id='word_1_406' title='bbox 3455 1535 3672 1614; x_wconf 85' lang='grc' dir='ltr'>ἐχούσης</span> <span class='ocrx_word' id='word_1_407' title='bbox 3717 1537 3790 1590; x_wconf 81' lang='grc' dir='ltr'>τὺν</span> 
     </span>
    </p>
   </div>
   <div class='ocr_carea' id='block_1_63' title="bbox 2190 1621 3796 1702">
    <p class='ocr_par' dir='ltr' id='par_1_63' title="bbox 2190 1621 3796 1702">
     <span class='ocr_line' id='line_1_63' title="bbox 2190 1621 3796 1702; baseline 0 -24"><span class='ocrx_word' id='word_1_408' title='bbox 2190 1621 2445 1702; x_wconf 82' lang='grc' dir='ltr'>ἔλεγχον.</span> <span class='ocrx_word' id='word_1_409' title='bbox 2509 1627 2723 1700; x_wconf 71' lang='grc' dir='ltr'>Ιῐαρῆον</span> <span class='ocrx_word' id='word_1_410' title='bbox 2780 1625 2857 1689; x_wconf 81' lang='grc' dir='ltr'>είς</span> <span class='ocrx_word' id='word_1_411' title='bbox 2915 1624 3081 1698; x_wconf 79' lang='grc' dir='ltr'>μέσον</span> <span class='ocrx_word' id='word_1_412' title='bbox 3139 1626 3202 1680; x_wconf 86' lang='grc' dir='ltr'>τὸ</span> <span class='ocrx_word' id='word_1_413' title='bbox 3260 1624 3502 1700; x_wconf 88' lang='grc' dir='ltr'>γύναιον,</span> <span class='ocrx_word' id='word_1_414' title='bbox 3543 1621 3796 1679; x_wconf 72' lang='grc' dir='ltr'>καῖ’ὰέδι-</span> 
     </span>
    </p>
   </div>
   <div class='ocr_carea' id='block_1_64' title="bbox 2190 1709 3798 1789">
    <p class='ocr_par' dir='ltr' id='par_1_64' title="bbox 2190 1709 3798 1789">
     <span class='ocr_line' id='line_1_64' title="bbox 2190 1709 3798 1789; baseline 0.001 -22"><span class='ocrx_word' id='word_1_415' title='bbox 2190 1709 2370 1788; x_wconf 81' lang='grc' dir='ltr'>δάχθη</span> <span class='ocrx_word' id='word_1_416' title='bbox 2423 1719 2540 1776; x_wconf 87' lang='grc' dir='ltr'>τοῖς</span> <span class='ocrx_word' id='word_1_417' title='bbox 2591 1711 2902 1784; x_wconf 79' lang='grc' dir='ltr'>δικάζουσιν</span> <span class='ocrx_word' id='word_1_418' title='bbox 2961 1709 3314 1789; x_wconf 75' lang='grc' dir='ltr'>ἐθριάμϐευεν</span> <span class='ocrx_word' id='word_1_419' title='bbox 3365 1715 3500 1788; x_wconf 86' lang='grc'>(30).</span> <span class='ocrx_word' id='word_1_420' title='bbox 3533 1714 3798 1788; x_wconf 83' lang='grc' dir='ltr'>Ἐσκυθρω“</span> 
     </span>
    </p>
   </div>
   <div class='ocr_carea' id='block_1_65' title="bbox 2190 1801 3796 1876">
    <p class='ocr_par' dir='ltr' id='par_1_65' title="bbox 2190 1801 3796 1876">
     <span class='ocr_line' id='line_1_65' title="bbox 2190 1801 3796 1876; baseline 0.001 -20"><span class='ocrx_word' id='word_1_421' title='bbox 2190 1809 2356 1872; x_wconf 86' lang='grc' dir='ltr'>παζον</span> <span class='ocrx_word' id='word_1_422' title='bbox 2389 1803 2440 1858; x_wconf 78' lang='grc' dir='ltr'>οἱ</span> <span class='ocrx_word' id='word_1_423' title='bbox 2473 1801 2742 1876; x_wconf 85' lang='grc' dir='ltr'>δικασταὶ,</span> <span class='ocrx_word' id='word_1_424' title='bbox 2771 1805 2861 1858; x_wconf 81' lang='grc' dir='ltr'>καὶ</span> <span class='ocrx_word' id='word_1_425' title='bbox 2890 1807 3001 1860; x_wconf 81' lang='grc' dir='ltr'>τῶν</span> <span class='ocrx_word' id='word_1_426' title='bbox 3029 1803 3216 1860; x_wconf 76' lang='grc' dir='ltr'>ἄλλων</span> <span class='ocrx_word' id='word_1_427' title='bbox 3248 1802 3420 1859; x_wconf 74' lang='grc' dir='ltr'>πλέον</span> <span class='ocrx_word' id='word_1_428' title='bbox 3469 1804 3498 1858; x_wconf 98' lang='lat'>6</span> <span class='ocrx_word' id='word_1_429' title='bbox 3544 1803 3796 1876; x_wconf 81' lang='grc' dir='ltr'>μάγιστρος</span> 
     </span>
    </p>
   </div>
   <div class='ocr_carea' id='block_1_66' title="bbox 2192 1890 3795 1968">
    <p class='ocr_par' dir='ltr' id='par_1_66' title="bbox 2192 1890 3795 1968">
     <span class='ocr_line' id='line_1_66' title="bbox 2192 1890 3795 1968; baseline -0.003 -18"><span class='ocrx_word' id='word_1_430' title='bbox 2192 1891 2482 1963; x_wconf 76' lang='grc' dir='ltr'>Μανουήλ,</span> <span class='ocrx_word' id='word_1_431' title='bbox 2541 1892 2590 1948; x_wconf 77' lang='grc' dir='ltr'>εί</span> <span class='ocrx_word' id='word_1_432' title='bbox 2647 1890 2718 1948; x_wconf 87' lang='grc' dir='ltr'>δι’</span> <span class='ocrx_word' id='word_1_433' title='bbox 2768 1895 2886 1956; x_wconf 72' lang='grc' dir='ltr'>ἐνὸς</span> <span class='ocrx_word' id='word_1_434' title='bbox 2943 1894 3232 1968; x_wconf 82' lang='grc' dir='ltr'>ἀνθρώπου</span> <span class='ocrx_word' id='word_1_435' title='bbox 3279 1891 3607 1949; x_wconf 86' lang='grc' dir='ltr'>κινδυνεύσει</span> <span class='ocrx_word' id='word_1_436' title='bbox 3634 1893 3688 1947; x_wconf 86' lang='grc' dir='ltr'>τὸ</span> <span class='ocrx_word' id='word_1_437' title='bbox 3715 1896 3795 1946; x_wconf 77' lang='grc' dir='ltr'>τῶν</span> 
     </span>
    </p>
   </div>
   <div class='ocr_carea' id='block_1_67' title="bbox 2191 1979 3795 2058">
    <p class='ocr_par' dir='ltr' id='par_1_67' title="bbox 2191 1979 3795 2058">
     <span class='ocr_line' id='line_1_67' title="bbox 2191 1979 3795 2058; baseline 0 -22"><span class='ocrx_word' id='word_1_438' title='bbox 2191 1979 2496 2052; x_wconf 76' lang='grc' dir='ltr'>ὀρθοδόξων</span> <span class='ocrx_word' id='word_1_439' title='bbox 2537 1979 2822 2057; x_wconf 78' lang='grc' dir='ltr'>πλήρωμα</span> <span class='ocrx_word' id='word_1_440' title='bbox 2872 1982 3053 2058; x_wconf 84' lang='grc' dir='ltr'>γέλως</span> <span class='ocrx_word' id='word_1_441' title='bbox 3095 1984 3343 2058; x_wconf 68' lang='grc' dir='ltr'>γενέσθαι</span> <span class='ocrx_word' id='word_1_442' title='bbox 3373 1988 3492 2045; x_wconf 86' lang='grc' dir='ltr'>τοῖς</span> <span class='ocrx_word' id='word_1_443' title='bbox 3523 1981 3795 2043; x_wconf 78' lang='grc' dir='ltr'>ἀντιθέτοις.</span> 
     </span>
    </p>
   </div>
   <div class='ocr_carea' id='block_1_68' title="bbox 2188 2067 3797 2146">
    <p class='ocr_par' dir='ltr' id='par_1_68' title="bbox 2188 2067 3797 2146">
     <span class='ocr_line' id='line_1_68' title="bbox 2188 2067 3797 2146; baseline -0.001 -22"><span class='ocrx_word' id='word_1_444' title='bbox 2188 2070 2408 2125; x_wconf 84' lang='grc' dir='ltr'>Τούτων</span> <span class='ocrx_word' id='word_1_445' title='bbox 2448 2071 2660 2126; x_wconf 88' lang='grc' dir='ltr'>πάντων</span> <span class='ocrx_word' id='word_1_446' title='bbox 2717 2071 3105 2144; x_wconf 79' lang='grc' dir='ltr'>ἐπαισθόμενος</span> <span class='ocrx_word' id='word_1_447' title='bbox 3163 2073 3192 2126; x_wconf 80' lang='grc' dir='ltr'>ὁ</span> <span class='ocrx_word' id='word_1_448' title='bbox 3250 2073 3398 2146; x_wconf 73' lang='grc' dir='ltr'>ἱερὸς</span> <span class='ocrx_word' id='word_1_449' title='bbox 3433 2067 3797 2140; x_wconf 81' lang='grc' dir='ltr'>Μεθόδιος,καὶ</span> 
     </span>
    </p>
   </div>
   <div class='ocr_carea' id='block_1_69' title="bbox 2189 2155 3800 2234">
    <p class='ocr_par' dir='ltr' id='par_1_69' title="bbox 2189 2155 3800 2234">
     <span class='ocr_line' id='line_1_69' title="bbox 2189 2155 3800 2234; baseline -0.001 -20"><span class='ocrx_word' id='word_1_450' title='bbox 2189 2158 2316 2222; x_wconf 83' lang='grc' dir='ltr'>τοὺς</span> <span class='ocrx_word' id='word_1_451' title='bbox 2347 2159 2442 2231; x_wconf 75' lang='grc' dir='ltr'>μὲν</span> <span class='ocrx_word' id='word_1_452' title='bbox 2470 2155 2678 2216; x_wconf 70' lang='grc' dir='ltr'>ἀσεϐεῖς</span> <span class='ocrx_word' id='word_1_453' title='bbox 2733 2164 2841 2214; x_wconf 81' lang='grc' dir='ltr'>τῶν</span> <span class='ocrx_word' id='word_1_454' title='bbox 2892 2157 3134 2215; x_wconf 82' lang='grc' dir='ltr'>ἐλπίδων</span> <span class='ocrx_word' id='word_1_455' title='bbox 3195 2163 3526 2234; x_wconf 73' lang='grc' dir='ltr'>μεταστῆσαι</span> <span class='ocrx_word' id='word_1_456' title='bbox 3567 2159 3800 2234; x_wconf 78' lang='grc' dir='ltr'>βουλόμε-</span> 
     </span>
    </p>
   </div>
   <div class='ocr_carea' id='block_1_70' title="bbox 2188 2245 3800 2324">
    <p class='ocr_par' dir='ltr' id='par_1_70' title="bbox 2188 2245 3800 2324">
     <span class='ocr_line' id='line_1_70' title="bbox 2188 2245 3800 2324; baseline 0.002 -21"><span class='ocrx_word' id='word_1_457' title='bbox 2188 2269 2301 2320; x_wconf 90' lang='grc' dir='ltr'>νος,</span> <span class='ocrx_word' id='word_1_458' title='bbox 2357 2248 2487 2312; x_wconf 77' lang='grc' dir='ltr'>τοὺς</span> <span class='ocrx_word' id='word_1_459' title='bbox 2551 2248 2596 2305; x_wconf 86' lang='grc' dir='ltr'>δ’</span> <span class='ocrx_word' id='word_1_460' title='bbox 2679 2245 2918 2312; x_wconf 74' lang='grc' dir='ltr'>εὐσεϐεῖς</span> <span class='ocrx_word' id='word_1_461' title='bbox 2975 2249 3284 2323; x_wconf 73' lang='grc' dir='ltr'>ἀπαλλάξαι</span> <span class='ocrx_word' id='word_1_462' title='bbox 3342 2259 3448 2320; x_wconf 82' lang='grc' dir='ltr'>τῆς</span> <span class='ocrx_word' id='word_1_463' title='bbox 3503 2249 3800 2324; x_wconf 77' lang='grc' dir='ltr'>κατεχούσης</span> 
     </span>
    </p>
   </div>
   <div class='ocr_carea' id='block_1_71' title="bbox 2193 2337 3798 2414">
    <p class='ocr_par' dir='ltr' id='par_1_71' title="bbox 2193 2337 3798 2414">
     <span class='ocr_line' id='line_1_71' title="bbox 2193 2337 3798 2414; baseline 0 -23"><span class='ocrx_word' id='word_1_464' title='bbox 2193 2338 2532 2414; x_wconf 69' lang='grc' dir='ltr'>βαρυθυμίας</span> <span class='ocrx_word' id='word_1_465' title='bbox 2589 2339 2682 2394; x_wconf 82' lang='grc' dir='ltr'>καὶ</span> <span class='ocrx_word' id='word_1_466' title='bbox 2737 2343 2807 2413; x_wconf 80' lang='grc' dir='ltr'>τῇ</span> <span class='ocrx_word' id='word_1_467' title='bbox 2887 2338 3184 2412; x_wconf 68' lang='grc' dir='ltr'>Ἐκκλησία</span> <span class='ocrx_word' id='word_1_468' title='bbox 3253 2343 3329 2414; x_wconf 73' lang='grc' dir='ltr'>μὴ</span> <span class='ocrx_word' id='word_1_469' title='bbox 3396 2339 3546 2402; x_wconf 86' lang='grc' dir='ltr'>λίθος</span> <span class='ocrx_word' id='word_1_470' title='bbox 3599 2337 3798 2414; x_wconf 67' lang='grc' dir='ltr'>γενέσθαι</span> 
     </span>
    </p>
   </div>
   <div class='ocr_carea' id='block_1_72' title="bbox 2189 2425 3799 2504">
    <p class='ocr_par' dir='ltr' id='par_1_72' title="bbox 2189 2425 3799 2504">
     <span class='ocr_line' id='line_1_72' title="bbox 2189 2425 3799 2504; baseline -0.001 -23"><span class='ocrx_word' id='word_1_471' title='bbox 2189 2427 2640 2500; x_wconf 79' lang='grc' dir='ltr'>προσκόμματος,</span> <span class='ocrx_word' id='word_1_472' title='bbox 2702 2425 2871 2502; x_wconf 74' lang='grc' dir='ltr'>μηδὲν</span> <span class='ocrx_word' id='word_1_473' title='bbox 2932 2429 3024 2484; x_wconf 87' lang='grc' dir='ltr'>τὸν</span> <span class='ocrx_word' id='word_1_474' title='bbox 3093 2425 3267 2504; x_wconf 79' lang='grc' dir='ltr'>ὄχλον</span> <span class='ocrx_word' id='word_1_475' title='bbox 3355 2428 3799 2500; x_wconf 78' lang='grc' dir='ltr'>ὑποστειλάμενος,</span> 
     </span>
    </p>
   </div>
   <div class='ocr_carea' id='block_1_73' title="bbox 2189 2512 3800 2590">
    <p class='ocr_par' dir='ltr' id='par_1_73' title="bbox 2189 2512 3800 2590">
     <span class='ocr_line' id='line_1_73' title="bbox 2189 2512 3800 2590; baseline -0.001 -22"><span class='ocrx_word' id='word_1_476' title='bbox 2189 2514 2616 2590; x_wconf 75' lang='grc' dir='ltr'>ἀποσεισάμενος</span> <span class='ocrx_word' id='word_1_477' title='bbox 2674 2517 2774 2584; x_wconf 84' lang='grc' dir='ltr'>τήν</span> <span class='ocrx_word' id='word_1_478' title='bbox 2836 2512 3110 2586; x_wconf 74' lang='grc' dir='ltr'>ἀναϐολὴν</span> <span class='ocrx_word' id='word_1_479' title='bbox 3171 2515 3256 2571; x_wconf 83' lang='grc' dir='ltr'>ἐπ’</span> <span class='ocrx_word' id='word_1_480' title='bbox 3313 2516 3442 2590; x_wconf 81' lang='grc' dir='ltr'>ὄψει</span> <span class='ocrx_word' id='word_1_481' title='bbox 3491 2519 3694 2572; x_wconf 86' lang='grc' dir='ltr'>πάντων</span> <span class='ocrx_word' id='word_1_482' title='bbox 3717 2518 3800 2570; x_wconf 84' lang='grc' dir='ltr'>τῶν</span> 
     </span>
    </p>
   </div>
   <div class='ocr_carea' id='block_1_74' title="bbox 2189 2601 3793 2678">
    <p class='ocr_par' dir='ltr' id='par_1_74' title="bbox 2189 2601 3793 2678">
     <span class='ocr_line' id='line_1_74' title="bbox 2189 2601 3793 2678; baseline 0 -22"><span class='ocrx_word' id='word_1_483' title='bbox 2189 2601 2476 2675; x_wconf 83' lang='grc' dir='ltr'>θεωμένων</span> <span class='ocrx_word' id='word_1_484' title='bbox 2508 2603 2816 2678; x_wconf 81' lang='grc' dir='ltr'>ἀπογυμνοῖ</span> <span class='ocrx_word' id='word_1_485' title='bbox 2865 2604 2932 2661; x_wconf 70' lang='grc' dir='ltr'>τὰ</span> <span class='ocrx_word' id='word_1_486' title='bbox 2989 2603 3172 2661; x_wconf 66' lang='grc' dir='ltr'>αῗδοῖα</span> <span class='ocrx_word' id='word_1_487' title='bbox 3229 2607 3258 2660; x_wconf 88' lang='lat'>6</span> <span class='ocrx_word' id='word_1_488' title='bbox 3314 2605 3496 2676; x_wconf 85' lang='grc' dir='ltr'>πάσης</span> <span class='ocrx_word' id='word_1_489' title='bbox 3528 2603 3698 2666; x_wconf 80' lang='grc' dir='ltr'>αἰδοῦς</span> <span class='ocrx_word' id='word_1_490' title='bbox 3722 2603 3793 2657; x_wconf 79' lang='grc' dir='ltr'>καὶ</span> 
     </span>
    </p>
   </div>
   <div class='ocr_carea' id='block_1_75' title="bbox 2186 2691 3800 2772">
    <p class='ocr_par' dir='ltr' id='par_1_75' title="bbox 2186 2691 3800 2772">
     <span class='ocr_line' id='line_1_75' title="bbox 2186 2691 3800 2772; baseline 0.001 -26"><span class='ocrx_word' id='word_1_491' title='bbox 2186 2699 2356 2765; x_wconf 84' lang='grc' dir='ltr'>τιμῆς</span> <span class='ocrx_word' id='word_1_492' title='bbox 2385 2713 2552 2754; x_wconf 86' lang='grc' dir='ltr'>οντως</span> <span class='ocrx_word' id='word_1_493' title='bbox 2582 2691 2748 2766; x_wconf 73' lang='grc' dir='ltr'>ἄξιος.</span> <span class='ocrx_word' id='word_1_494' title='bbox 2809 2693 2914 2750; x_wconf 85' lang='grc' dir='ltr'>Καὶ</span> <span class='ocrx_word' id='word_1_495' title='bbox 2973 2693 3141 2772; x_wconf 80' lang='grc' dir='ltr'>ἐφάνη</span> <span class='ocrx_word' id='word_1_496' title='bbox 3194 2699 3310 2757; x_wconf 85' lang='grc' dir='ltr'>τοῖς</span> <span class='ocrx_word' id='word_1_497' title='bbox 3371 2699 3504 2750; x_wconf 83' lang='grc' dir='ltr'>πᾶσι</span> <span class='ocrx_word' id='word_1_498' title='bbox 3555 2697 3704 2750; x_wconf 75' lang='grc' dir='ltr'>τοῦτα</span> <span class='ocrx_word' id='word_1_499' title='bbox 3730 2711 3800 2764; x_wconf 81' lang='grc' dir='ltr'>με·</span> 
     </span>
    </p>
   </div>
   <div class='ocr_carea' id='block_1_76' title="bbox 2192 2779 3801 2861">
    <p class='ocr_par' dir='ltr' id='par_1_76' title="bbox 2192 2779 3801 2861">
     <span class='ocr_line' id='line_1_76' title="bbox 2192 2779 3801 2861; baseline 0.001 -27"><span class='ocrx_word' id='word_1_500' title='bbox 2192 2779 2510 2854; x_wconf 81' lang='grc' dir='ltr'>μαρασμὲνα</span> <span class='ocrx_word' id='word_1_501' title='bbox 2563 2781 2671 2838; x_wconf 91' lang='grc' dir='ltr'>ἀπό</span> <span class='ocrx_word' id='word_1_502' title='bbox 2727 2803 2872 2846; x_wconf 88' lang='grc' dir='ltr'>τινος</span> <span class='ocrx_word' id='word_1_503' title='bbox 2923 2783 3086 2838; x_wconf 84' lang='grc' dir='ltr'>νόσου</span> <span class='ocrx_word' id='word_1_504' title='bbox 3141 2784 3232 2838; x_wconf 81' lang='grc' dir='ltr'>καῖ</span> <span class='ocrx_word' id='word_1_505' title='bbox 3288 2786 3392 2853; x_wconf 80' lang='grc' dir='ltr'>τῆς</span> <span class='ocrx_word' id='word_1_506' title='bbox 3451 2789 3669 2861; x_wconf 73' lang='grc' dir='ltr'>φυσικῆς</span> <span class='ocrx_word' id='word_1_507' title='bbox 3695 2803 3801 2836; x_wconf 72' lang='grc' dir='ltr'>παν-</span> 
     </span>
    </p>
   </div>
   <div class='ocr_carea' id='block_1_77' title="bbox 2186 2869 3802 2950">
    <p class='ocr_par' dir='ltr' id='par_1_77' title="bbox 2186 2869 3802 2950">
     <span class='ocr_line' id='line_1_77' title="bbox 2186 2869 3802 2950; baseline -0.001 -24"><span class='ocrx_word' id='word_1_508' title='bbox 2186 2872 2414 2928; x_wconf 89' lang='grc' dir='ltr'>τάπασιν</span> <span class='ocrx_word' id='word_1_509' title='bbox 2459 2871 2730 2948; x_wconf 72' lang='grc' dir='ltr'>ἐνεργείας</span> <span class='ocrx_word' id='word_1_510' title='bbox 2781 2871 3006 2950; x_wconf 75' lang='grc' dir='ltr'>ἄμοιρα.</span> <span class='ocrx_word' id='word_1_511' title='bbox 3052 2873 3337 2950; x_wconf 81' lang='grc' dir='ltr'>Δίσχυνης</span> <span class='ocrx_word' id='word_1_512' title='bbox 3365 2875 3432 2930; x_wconf 81' lang='grc' dir='ltr'>τὸ</span> <span class='ocrx_word' id='word_1_513' title='bbox 3462 2881 3677 2950; x_wconf 73' lang='grc' dir='ltr'>πρίγμα</span> <span class='ocrx_word' id='word_1_514' title='bbox 3701 2869 3802 2932; x_wconf 68' lang='grc' dir='ltr'>τοὺς</span> 
     </span>
    </p>
   </div>
   <div class='ocr_carea' id='block_1_78' title="bbox 2187 2962 3807 3042">
    <p class='ocr_par' dir='ltr' id='par_1_78' title="bbox 2187 2962 3807 3042">
     <span class='ocr_line' id='line_1_78' title="bbox 2187 2962 3807 3042; baseline -0.002 -24"><span class='ocrx_word' id='word_1_515' title='bbox 2187 2963 2549 3038; x_wconf 86' lang='grc' dir='ltr'>χαιρεκάκους</span> <span class='ocrx_word' id='word_1_516' title='bbox 2581 2962 2842 3034; x_wconf 80' lang='grc' dir='ltr'>ἐνέπληςε</span> <span class='ocrx_word' id='word_1_517' title='bbox 2896 2963 2986 3020; x_wconf 83' lang='grc' dir='ltr'>καὶ</span> <span class='ocrx_word' id='word_1_518' title='bbox 3044 2966 3170 3026; x_wconf 78' lang='grc' dir='ltr'>τοὺς</span> <span class='ocrx_word' id='word_1_519' title='bbox 3227 2967 3586 3042; x_wconf 79' lang='grc' dir='ltr'>συκοφάντας,</span> <span class='ocrx_word' id='word_1_520' title='bbox 3641 2963 3807 3040; x_wconf 81' lang='grc' dir='ltr'>εὖφρο-</span> 
     </span>
    </p>
   </div>
   <div class='ocr_carea' id='block_1_79' title="bbox 2186 3047 3804 3126">
    <p class='ocr_par' dir='ltr' id='par_1_79' title="bbox 2186 3047 3804 3126">
     <span class='ocr_line' id='line_1_79' title="bbox 2186 3047 3804 3126; baseline -0.001 -21"><span class='ocrx_word' id='word_1_521' title='bbox 2186 3051 2352 3120; x_wconf 89' lang='grc' dir='ltr'>σύνης</span> <span class='ocrx_word' id='word_1_522' title='bbox 2377 3049 2424 3106; x_wconf 84' lang='grc' dir='ltr'>δ’</span> <span class='ocrx_word' id='word_1_523' title='bbox 2453 3052 2538 3107; x_wconf 87' lang='grc' dir='ltr'>’ὁτι</span> <span class='ocrx_word' id='word_1_524' title='bbox 2566 3051 2788 3122; x_wconf 78' lang='grc' dir='ltr'>πολλῆς</span> <span class='ocrx_word' id='word_1_525' title='bbox 2832 3053 2924 3108; x_wconf 83' lang='grc' dir='ltr'>καὶ</span> <span class='ocrx_word' id='word_1_526' title='bbox 2977 3050 3249 3126; x_wconf 76' lang='grc' dir='ltr'>θυμηδίας</span> <span class='ocrx_word' id='word_1_527' title='bbox 3287 3055 3423 3117; x_wconf 77' lang='grc' dir='ltr'>τοὺς</span> <span class='ocrx_word' id='word_1_528' title='bbox 3455 3048 3696 3112; x_wconf 72' lang='grc' dir='ltr'>εὐσεϐεῖς.</span> <span class='ocrx_word' id='word_1_529' title='bbox 3721 3047 3804 3106; x_wconf 79' lang='grc' dir='ltr'>Καὶ</span> 
     </span>
    </p>
   </div>
   <div class='ocr_carea' id='block_1_80' title="bbox 2183 3135 3804 3218">
    <p class='ocr_par' dir='ltr' id='par_1_80' title="bbox 2183 3135 3804 3218">
     <span class='ocr_line' id='line_1_80' title="bbox 2183 3135 3804 3218; baseline 0.004 -25"><span class='ocrx_word' id='word_1_530' title='bbox 2183 3135 2572 3215; x_wconf 74' lang='grc' dir='ltr'>περιλαὸόντες</span> <span class='ocrx_word' id='word_1_531' title='bbox 2618 3141 2779 3197; x_wconf 77' lang='grc' dir='ltr'>αὐτὸν</span> <span class='ocrx_word' id='word_1_532' title='bbox 2815 3144 2931 3216; x_wconf 76' lang='grc' dir='ltr'>μεθ’</span> <span class='ocrx_word' id='word_1_533' title='bbox 2993 3137 3454 3218; x_wconf 70' lang='grc' dir='ltr'>ὑπερϐαλλούσης</span> <span class='ocrx_word' id='word_1_534' title='bbox 3485 3137 3804 3216; x_wconf 74' lang='grc' dir='ltr'>περιχαρείας</span> 
     </span>
    </p>
   </div>
   <div class='ocr_carea' id='block_1_81' title="bbox 2183 3231 3804 3313">
    <p class='ocr_par' dir='ltr' id='par_1_81' title="bbox 2183 3231 3804 3313">
     <span class='ocr_line' id='line_1_81' title="bbox 2183 3231 3804 3313; baseline 0.004 -27"><span class='ocrx_word' id='word_1_535' title='bbox 2183 3232 2628 3306; x_wconf 75' lang='grc' dir='ltr'>κατησπάψοντο,</span> <span class='ocrx_word' id='word_1_536' title='bbox 2685 3231 3128 3307; x_wconf 83' lang='grc' dir='ltr'>περιεπλέκοντο,</span> <span class='ocrx_word' id='word_1_537' title='bbox 3187 3231 3290 3289; x_wconf 77' lang='grc' dir='ltr'>οὐκ</span> <span class='ocrx_word' id='word_1_538' title='bbox 3346 3235 3505 3313; x_wconf 70' lang='grc' dir='ltr'>εἶχον</span> <span class='ocrx_word' id='word_1_539' title='bbox 3562 3232 3698 3292; x_wconf 74' lang='grc' dir='ltr'>ὅπως</span> <span class='ocrx_word' id='word_1_540' title='bbox 3741 3231 3804 3300; x_wconf 69' lang='grc' dir='ltr'>τῷ</span> 
     </span>
    </p>
   </div>
   <div class='ocr_carea' id='block_1_82' title="bbox 2185 3321 3805 3398">
    <p class='ocr_par' dir='ltr' id='par_1_82' title="bbox 2185 3321 3805 3398">
     <span class='ocr_line' id='line_1_82' title="bbox 2185 3321 3805 3398; baseline -0.003 -23"><span class='ocrx_word' id='word_1_541' title='bbox 2185 3321 2387 3391; x_wconf 73' lang='grc' dir='ltr'>πλήθει</span> <span class='ocrx_word' id='word_1_542' title='bbox 2421 3323 2739 3396; x_wconf 78' lang='grc' dir='ltr'>χρήσωνται</span> <span class='ocrx_word' id='word_1_543' title='bbox 2795 3329 2900 3392; x_wconf 88' lang='grc' dir='ltr'>τῆς</span> <span class='ocrx_word' id='word_1_544' title='bbox 2956 3327 3153 3398; x_wconf 84' lang='grc' dir='ltr'>χαρᾶς.</span> <span class='ocrx_word' id='word_1_545' title='bbox 3215 3323 3313 3377; x_wconf 81' lang='grc' dir='ltr'>Καὶ</span> <span class='ocrx_word' id='word_1_546' title='bbox 3349 3344 3442 3386; x_wconf 89' lang='grc' dir='ltr'>τις</span> <span class='ocrx_word' id='word_1_547' title='bbox 3468 3326 3575 3378; x_wconf 83' lang='grc' dir='ltr'>τῶν</span> <span class='ocrx_word' id='word_1_548' title='bbox 3601 3338 3805 3394; x_wconf 83' lang='grc' dir='ltr'>γνησιω-</span> 
     </span>
    </p>
   </div>
   <div class='ocr_carea' id='block_1_83' title="bbox 2186 3408 3802 3488">
    <p class='ocr_par' dir='ltr' id='par_1_83' title="bbox 2186 3408 3802 3488">
     <span class='ocr_line' id='line_1_83' title="bbox 2186 3408 3802 3488; baseline 0.001 -25"><span class='ocrx_word' id='word_1_549' title='bbox 2186 3409 2359 3485; x_wconf 78' lang='grc' dir='ltr'>τέρων</span> <span class='ocrx_word' id='word_1_550' title='bbox 2389 3408 2710 3484; x_wconf 84' lang='grc' dir='ltr'>προσελθὼν</span> <span class='ocrx_word' id='word_1_551' title='bbox 2775 3412 2956 3485; x_wconf 73' lang='grc' dir='ltr'>ἤρεμα</span> <span class='ocrx_word' id='word_1_552' title='bbox 3013 3409 3273 3486; x_wconf 77' lang='grc' dir='ltr'>ἐπηρώτα</span> <span class='ocrx_word' id='word_1_553' title='bbox 3327 3413 3423 3468; x_wconf 86' lang='grc' dir='ltr'>τὸν</span> <span class='ocrx_word' id='word_1_554' title='bbox 3468 3413 3802 3488; x_wconf 73' lang='grc' dir='ltr'>πατριάρχην,</span> 
     </span>
    </p>
   </div>
   <div class='ocr_carea' id='block_1_84' title="bbox 2187 3496 3799 3574">
    <p class='ocr_par' dir='ltr' id='par_1_84' title="bbox 2187 3496 3799 3574">
     <span class='ocr_line' id='line_1_84' title="bbox 2187 3496 3799 3574; baseline 0 -24"><span class='ocrx_word' id='word_1_555' title='bbox 2187 3496 2282 3550; x_wconf 86' lang='grc' dir='ltr'>τὸν</span> <span class='ocrx_word' id='word_1_556' title='bbox 2309 3497 2509 3571; x_wconf 88' lang='grc' dir='ltr'>τρόπον</span> <span class='ocrx_word' id='word_1_557' title='bbox 2573 3502 2760 3569; x_wconf 78' lang='grc' dir='ltr'>μαθεῖν</span> <span class='ocrx_word' id='word_1_558' title='bbox 2823 3497 3024 3554; x_wconf 82' lang='grc' dir='ltr'>ἐθέλων</span> <span class='ocrx_word' id='word_1_559' title='bbox 3082 3503 3179 3553; x_wconf 73' lang='grc' dir='ltr'>τοῦ</span> <span class='ocrx_word' id='word_1_560' title='bbox 3239 3503 3534 3574; x_wconf 80' lang='grc' dir='ltr'>μαρασμοῦ</span> <span class='ocrx_word' id='word_1_561' title='bbox 3589 3501 3688 3552; x_wconf 81' lang='grc' dir='ltr'>τῶν</span> <span class='ocrx_word' id='word_1_562' title='bbox 3720 3513 3799 3567; x_wconf 71' lang='grc' dir='ltr'>μοο</span> 
     </span>
    </p>
   </div>
   <div class='ocr_carea' id='block_1_85' title="bbox 2193 3581 3807 3662">
    <p class='ocr_par' dir='ltr' id='par_1_85' title="bbox 2193 3581 3807 3662">
     <span class='ocr_line' id='line_1_85' title="bbox 2193 3581 3807 3662; baseline -0.003 -22"><span class='ocrx_word' id='word_1_563' title='bbox 2193 3587 2348 3660; x_wconf 86' lang='grc' dir='ltr'>ρίων.</span> <span class='ocrx_word' id='word_1_564' title='bbox 2407 3581 2726 3645; x_wconf 78' lang='grc' dir='ltr'>Ἀναλαϐὼν</span> <span class='ocrx_word' id='word_1_565' title='bbox 2789 3583 2847 3642; x_wconf 72' lang='grc' dir='ltr'>δὲ</span> <span class='ocrx_word' id='word_1_566' title='bbox 2903 3588 3060 3650; x_wconf 75' lang='grc' dir='ltr'>οὗτος</span> <span class='ocrx_word' id='word_1_567' title='bbox 3115 3585 3365 3662; x_wconf 80' lang='grc' dir='ltr'>διηγεῖτο</span> <span class='ocrx_word' id='word_1_568' title='bbox 3425 3587 3623 3643; x_wconf 78' lang='grc' dir='ltr'>ἄνωθεν</span> <span class='ocrx_word' id='word_1_569' title='bbox 3664 3581 3807 3649; x_wconf 75' lang='grc' dir='ltr'>καῖἐξ</span> 
     </span>
    </p>
   </div>
   <div class='ocr_carea' id='block_1_86' title="bbox 2191 3673 3807 3756">
    <p class='ocr_par' dir='ltr' id='par_1_86' title="bbox 2191 3673 3807 3756">
     <span class='ocr_line' id='line_1_86' title="bbox 2191 3673 3807 3756; baseline -0.001 -28"><span class='ocrx_word' id='word_1_570' title='bbox 2191 3675 2395 3754; x_wconf 82' lang='grc' dir='ltr'>ἀρχῆς,</span> <span class='ocrx_word' id='word_1_571' title='bbox 2438 3674 2628 3751; x_wconf 79' lang='grc' dir='ltr'>ὅτιπερ</span> <span class='ocrx_word' id='word_1_572' title='bbox 2655 3677 2744 3733; x_wconf 83' lang='grc' dir='ltr'>Ἑν</span> <span class='ocrx_word' id='word_1_573' title='bbox 2800 3676 2989 3751; x_wconf 81' lang='grc' dir='ltr'>Ῥώμῃ</span> <span class='ocrx_word' id='word_1_574' title='bbox 3043 3677 3312 3756; x_wconf 75' lang='grc' dir='ltr'>πεμφθεὶς</span> <span class='ocrx_word' id='word_1_575' title='bbox 3365 3678 3510 3752; x_wconf 83' lang='grc' dir='ltr'>πρὸς</span> <span class='ocrx_word' id='word_1_576' title='bbox 3537 3675 3629 3732; x_wconf 83' lang='grc' dir='ltr'>τὸν</span> <span class='ocrx_word' id='word_1_577' title='bbox 3655 3673 3807 3730; x_wconf 77' lang='grc' dir='ltr'>πάπαν</span> 
     </span>
    </p>
   </div>
   <div class='ocr_carea' id='block_1_87' title="bbox 2190 3762 3809 3846">
    <p class='ocr_par' dir='ltr' id='par_1_87' title="bbox 2190 3762 3809 3846">
     <span class='ocr_line' id='line_1_87' title="bbox 2190 3762 3809 3846; baseline 0.004 -28"><span class='ocrx_word' id='word_1_578' title='bbox 2190 3762 2280 3819; x_wconf 82' lang='grc' dir='ltr'>διὰ</span> <span class='ocrx_word' id='word_1_579' title='bbox 2305 3767 2401 3828; x_wconf 78' lang='grc' dir='ltr'>τὰς</span> <span class='ocrx_word' id='word_1_580' title='bbox 2439 3767 2577 3821; x_wconf 87' lang='grc' dir='ltr'>κατά</span> <span class='ocrx_word' id='word_1_581' title='bbox 2629 3772 2676 3822; x_wconf 87' lang='grc' dir='ltr'>Ν</span> <span class='ocrx_word' id='word_1_582' title='bbox 2687 3767 2953 3846; x_wconf 80' lang='grc' dir='ltr'>ικηφόρου</span> <span class='ocrx_word' id='word_1_583' title='bbox 3002 3771 3098 3821; x_wconf 72' lang='grc' dir='ltr'>τοῦ</span> <span class='ocrx_word' id='word_1_584' title='bbox 3152 3765 3466 3841; x_wconf 85' lang='grc' dir='ltr'>άγιωτάτου</span> <span class='ocrx_word' id='word_1_585' title='bbox 3496 3763 3809 3840; x_wconf 74' lang='grc' dir='ltr'>πατριάρχου</span> 
     </span>
    </p>
   </div>
   <div class='ocr_carea' id='block_1_88' title="bbox 2189 3852 3803 3931">
    <p class='ocr_par' dir='ltr' id='par_1_88' title="bbox 2189 3852 3803 3931">
     <span class='ocr_line' id='line_1_88' title="bbox 2189 3852 3803 3931; baseline 0.004 -24"><span class='ocrx_word' id='word_1_586' title='bbox 2189 3853 2559 3930; x_wconf 86' lang='grc' dir='ltr'>ἀνεγερθείσας</span> <span class='ocrx_word' id='word_1_587' title='bbox 2588 3852 2904 3931; x_wconf 68' lang='grc' dir='ltr'>ἐπαγωγὰς,</span> <span class='ocrx_word' id='word_1_588' title='bbox 2961 3856 3177 3911; x_wconf 69' lang='grc' dir='ltr'>κᾶκεῖσε</span> <span class='ocrx_word' id='word_1_589' title='bbox 3234 3853 3464 3926; x_wconf 78' lang='grc' dir='ltr'>διάγων,</span> <span class='ocrx_word' id='word_1_590' title='bbox 3497 3853 3803 3929; x_wconf 71' lang='grc' dir='ltr'>ἠνωχλήθην</span> 
     </span>
    </p>
   </div>
   <div class='ocr_carea' id='block_1_89' title="bbox 2189 3939 3805 4022">
    <p class='ocr_par' dir='ltr' id='par_1_89' title="bbox 2189 3939 3805 4022">
     <span class='ocr_line' id='line_1_89' title="bbox 2189 3939 3805 4022; baseline -0.003 -25"><span class='ocrx_word' id='word_1_591' title='bbox 2189 3943 2292 3998; x_wconf 80' lang='grc' dir='ltr'>ὑπὸ</span> <span class='ocrx_word' id='word_1_592' title='bbox 2319 3947 2416 4000; x_wconf 73' lang='grc' dir='ltr'>τοῦ</span> <span class='ocrx_word' id='word_1_593' title='bbox 2447 3943 2782 4022; x_wconf 86' lang='grc' dir='ltr'>φιλοσάρκοο</span> <span class='ocrx_word' id='word_1_594' title='bbox 2815 3941 3097 4016; x_wconf 87' lang='grc' dir='ltr'>δαίμονος,</span> <span class='ocrx_word' id='word_1_595' title='bbox 3146 3944 3206 4004; x_wconf 86' lang='grc' dir='ltr'>’ὀς</span> <span class='ocrx_word' id='word_1_596' title='bbox 3255 3945 3358 4000; x_wconf 77' lang='grc' dir='ltr'>οὐκ</span> <span class='ocrx_word' id='word_1_597' title='bbox 3385 3942 3601 4000; x_wconf 74' lang='grc' dir='ltr'>ἐνέλιπε</span> <span class='ocrx_word' id='word_1_598' title='bbox 3629 3939 3805 4011; x_wconf 77' lang='grc' dir='ltr'>νύκτωρ</span> 
     </span>
    </p>
   </div>
   <div class='ocr_carea' id='block_1_90' title="bbox 2183 4033 3805 4108">
    <p class='ocr_par' dir='ltr' id='par_1_90' title="bbox 2183 4033 3805 4108">
     <span class='ocr_line' id='line_1_90' title="bbox 2183 4033 3805 4108; baseline -0.004 -21"><span class='ocrx_word' id='word_1_599' title='bbox 2183 4034 2272 4088; x_wconf 82' lang='grc' dir='ltr'>καὶ</span> <span class='ocrx_word' id='word_1_600' title='bbox 2309 4035 2424 4106; x_wconf 86' lang='grc' dir='ltr'>μεθ’</span> <span class='ocrx_word' id='word_1_601' title='bbox 2451 4035 2658 4108; x_wconf 66' lang='grc' dir='ltr'>ἡμέραν</span> <span class='ocrx_word' id='word_1_602' title='bbox 2713 4033 3053 4108; x_wconf 79' lang='grc' dir='ltr'>γαργαρίζων</span> <span class='ocrx_word' id='word_1_603' title='bbox 3104 4033 3192 4088; x_wconf 82' lang='grc' dir='ltr'>καὶ</span> <span class='ocrx_word' id='word_1_604' title='bbox 3256 4034 3456 4106; x_wconf 78' lang='grc' dir='ltr'>μίξεώς</span> <span class='ocrx_word' id='word_1_605' title='bbox 3508 4053 3602 4106; x_wconf 89' lang='grc' dir='ltr'>μοι</span> <span class='ocrx_word' id='word_1_606' title='bbox 3649 4045 3805 4100; x_wconf 77' lang='grc' dir='ltr'>σαρκί·</span> 
     </span>
    </p>
   </div>
   <div class='ocr_carea' id='block_1_91' title="bbox 2182 4115 3804 4200">
    <p class='ocr_par' dir='ltr' id='par_1_91' title="bbox 2182 4115 3804 4200">
     <span class='ocr_line' id='line_1_91' title="bbox 2182 4115 3804 4200; baseline 0.001 -22"><span class='ocrx_word' id='word_1_607' title='bbox 2182 4130 2284 4192; x_wconf 78' lang='grc' dir='ltr'>κῆς</span> <span class='ocrx_word' id='word_1_608' title='bbox 2316 4121 2578 4177; x_wconf 80' lang='grc' dir='ltr'>ἀνακινῶν</span> <span class='ocrx_word' id='word_1_609' title='bbox 2629 4115 2856 4196; x_wconf 79' lang='grc' dir='ltr'>ἔρωτας.</span> <span class='ocrx_word' id='word_1_610' title='bbox 2911 4121 3380 4200; x_wconf 81' lang='grc' dir='ltr'>’Λναφλεγόμενος</span> <span class='ocrx_word' id='word_1_611' title='bbox 3439 4121 3499 4178; x_wconf 77' lang='grc' dir='ltr'>δὲ</span> <span class='ocrx_word' id='word_1_612' title='bbox 3549 4126 3628 4194; x_wconf 80' lang='grc' dir='ltr'>τῷ</span> <span class='ocrx_word' id='word_1_613' title='bbox 3652 4120 3804 4180; x_wconf 62' lang='grc' dir='ltr'>πάθει,</span> 
     </span>
    </p>
   </div>
   <div class='ocr_carea' id='block_1_92' title="bbox 2183 4203 3801 4288">
    <p class='ocr_par' dir='ltr' id='par_1_92' title="bbox 2183 4203 3801 4288">
     <span class='ocr_line' id='line_1_92' title="bbox 2183 4203 3801 4288; baseline -0.006 -22"><span class='ocrx_word' id='word_1_614' title='bbox 2183 4212 2260 4274; x_wconf 86' lang='grc' dir='ltr'>ὠς</span> <span class='ocrx_word' id='word_1_615' title='bbox 2288 4209 2396 4282; x_wconf 78' lang='grc' dir='ltr'>ἢδη</span> <span class='ocrx_word' id='word_1_616' title='bbox 2456 4211 2547 4266; x_wconf 86' lang='grc' dir='ltr'>καὶ</span> <span class='ocrx_word' id='word_1_617' title='bbox 2603 4210 2964 4282; x_wconf 75' lang='grc' dir='ltr'>ἡττι.ί›μενοςἰ</span> <span class='ocrx_word' id='word_1_618' title='bbox 2995 4206 3160 4285; x_wconf 78' lang='grc' dir='ltr'>ἔγνων</span> <span class='ocrx_word' id='word_1_619' title='bbox 3220 4211 3409 4288; x_wconf 75' lang='grc' dir='ltr'>Πέτρῳ</span> <span class='ocrx_word' id='word_1_620' title='bbox 3447 4216 3530 4284; x_wconf 81' lang='grc' dir='ltr'>τῷ</span> <span class='ocrx_word' id='word_1_621' title='bbox 3557 4203 3801 4286; x_wconf 68' lang='grc' dir='ltr'>κορυφαίῳ</span> 
     </span>
    </p>
   </div>
   <div class='ocr_carea' id='block_1_93' title="bbox 2179 4299 3805 4374">
    <p class='ocr_par' dir='ltr' id='par_1_93' title="bbox 2179 4299 3805 4374">
     <span class='ocr_line' id='line_1_93' title="bbox 2179 4299 3805 4374; baseline -0.003 -17"><span class='ocrx_word' id='word_1_622' title='bbox 2179 4306 2289 4357; x_wconf 85' lang='grc' dir='ltr'>τῶν</span> <span class='ocrx_word' id='word_1_623' title='bbox 2356 4299 2682 4356; x_wconf 87' lang='grc' dir='ltr'>ἀποστόλων</span> <span class='ocrx_word' id='word_1_624' title='bbox 2767 4299 3048 4356; x_wconf 71' lang='grc' dir='ltr'>ἀναθέσθαι</span> <span class='ocrx_word' id='word_1_625' title='bbox 3128 4299 3383 4374; x_wconf 79' lang='grc' dir='ltr'>ἐμαυτὸν,</span> <span class='ocrx_word' id='word_1_626' title='bbox 3469 4302 3562 4356; x_wconf 81' lang='grc' dir='ltr'>καὶ</span> <span class='ocrx_word' id='word_1_627' title='bbox 3638 4299 3805 4354; x_wconf 76' lang='grc' dir='ltr'>τοῦτον</span> 
     </span>
    </p>
   </div>
   <div class='ocr_carea' id='block_1_94' title="bbox 2181 4385 3804 4463">
    <p class='ocr_par' dir='ltr' id='par_1_94' title="bbox 2181 4385 3804 4463">
     <span class='ocr_line' id='line_1_94' title="bbox 2181 4385 3804 4463; baseline -0.003 -17"><span class='ocrx_word' id='word_1_628' title='bbox 2181 4389 2532 4463; x_wconf 81' lang='grc' dir='ltr'>ἐξελιπάρουν</span> <span class='ocrx_word' id='word_1_629' title='bbox 2591 4386 2903 4460; x_wconf 83' lang='grc' dir='ltr'>ἀπαλλάξαι</span> <span class='ocrx_word' id='word_1_630' title='bbox 2936 4410 3031 4462; x_wconf 51' lang='grc' dir='ltr'>’με</span> <span class='ocrx_word' id='word_1_631' title='bbox 3086 4396 3187 4459; x_wconf 85' lang='grc' dir='ltr'>τῆς</span> <span class='ocrx_word' id='word_1_632' title='bbox 3243 4396 3570 4462; x_wconf 81' lang='grc' dir='ltr'>σωματικῆς</span> <span class='ocrx_word' id='word_1_633' title='bbox 3632 4385 3804 4452; x_wconf 74' lang='grc' dir='ltr'>ταύτης</span> 
     </span>
    </p>
   </div>
   <div class='ocr_carea' id='block_1_95' title="bbox 2182 4475 3801 4555">
    <p class='ocr_par' dir='ltr' id='par_1_95' title="bbox 2182 4475 3801 4555">
     <span class='ocr_line' id='line_1_95' title="bbox 2182 4475 3801 4555; baseline -0.003 -20"><span class='ocrx_word' id='word_1_634' title='bbox 2182 4479 2430 4555; x_wconf 79' lang='grc' dir='ltr'>ὀρέξεως.</span> <span class='ocrx_word' id='word_1_635' title='bbox 2499 4478 2604 4536; x_wconf 86' lang='grc' dir='ltr'>Καὶ</span> <span class='ocrx_word' id='word_1_636' title='bbox 2661 4477 2754 4534; x_wconf 84' lang='grc' dir='ltr'>τὸν</span> <span class='ocrx_word' id='word_1_637' title='bbox 2850 4475 3138 4536; x_wconf 81' lang='grc' dir='ltr'>ἐπιστάντα</span> <span class='ocrx_word' id='word_1_638' title='bbox 3201 4479 3396 4542; x_wconf 84' lang='grc' dir='ltr'>νυκτὸς</span> <span class='ocrx_word' id='word_1_639' title='bbox 3463 4479 3694 4554; x_wconf 76' lang='grc' dir='ltr'>ἅψασθαι</span> <span class='ocrx_word' id='word_1_640' title='bbox 3746 4475 3801 4544; x_wconf 76' lang='grc' dir='ltr'>τῇ</span> 
     </span>
    </p>
   </div>
   <div class='ocr_carea' id='block_1_96' title="bbox 415 4561 2076 4645">
    <p class='ocr_par' dir='ltr' id='par_1_96' title="bbox 415 4565 2069 4638">
     <span class='ocr_line' id='line_1_96' title="bbox 415 4565 2069 4638; baseline 0.003 -18"><span class='ocrx_word' id='word_1_641' title='bbox 415 4565 728 4622; x_wconf 88' lang='lat' dir='ltr'>liercutam</span> <span class='ocrx_word' id='word_1_642' title='bbox 760 4567 1192 4638; x_wconf 68' lang='lat' dir='ltr'>quaestionibus</span> <span class='ocrx_word' id='word_1_643' title='bbox 1237 4566 1540 4636; x_wconf 87' lang='lat' dir='ltr'>adhibere,</span> <span class='ocrx_word' id='word_1_644' title='bbox 1599 4571 1665 4622; x_wconf 89' lang='lat' dir='ltr'>ut</span> <span class='ocrx_word' id='word_1_645' title='bbox 1698 4583 1828 4638; x_wconf 70' lang='lat' dir='ltr'>qua:</span> <span class='ocrx_word' id='word_1_646' title='bbox 1861 4569 2069 4625; x_wconf 78' lang='lat' dir='ltr'>fuisset</span> 
     </span>
    </p>
   </div>
   <div class='ocr_carea' id='block_1_97' title="bbox 2185 4561 3802 4645">
    <p class='ocr_par' dir='ltr' id='par_1_97' title="bbox 2185 4561 3802 4645">
     <span class='ocr_line' id='line_1_97' title="bbox 2185 4561 3802 4645; baseline -0.007 -20"><span class='ocrx_word' id='word_1_647' title='bbox 2185 4567 2324 4641; x_wconf 78' lang='grc' dir='ltr'>δεξιᾷ</span> <span class='ocrx_word' id='word_1_648' title='bbox 2351 4568 2499 4645; x_wconf 84' lang='grc' dir='ltr'>χειρῖ</span> <span class='ocrx_word' id='word_1_649' title='bbox 2545 4572 2654 4622; x_wconf 81' lang='grc' dir='ltr'>τῶν</span> <span class='ocrx_word' id='word_1_650' title='bbox 2711 4564 2936 4622; x_wconf 75' lang='grc' dir='ltr'>αἰδοίων</span> <span class='ocrx_word' id='word_1_651' title='bbox 2993 4568 3085 4623; x_wconf 80' lang='grc' dir='ltr'>καί</span> <span class='ocrx_word' id='word_1_652' title='bbox 3142 4576 3511 4644; x_wconf 78' lang='grc' dir='ltr'>καταπρῆσαι,</span> <span class='ocrx_word' id='word_1_653' title='bbox 3547 4561 3802 4624; x_wconf 79' lang='grc' dir='ltr'>ἐπειπόντα</span> 
     </span>
    </p>
   </div>
   <div class='ocr_carea' id='block_1_98' title="bbox 415 4654 2066 4732">
    <p class='ocr_par' dir='ltr' id='par_1_98' title="bbox 415 4654 2066 4732">
     <span class='ocr_line' id='line_1_98' title="bbox 415 4654 2066 4732; baseline 0.004 -23"><span class='ocrx_word' id='word_1_654' title='bbox 415 4654 534 4710; x_wconf 91' lang='lat' dir='ltr'>doli</span> <span class='ocrx_word' id='word_1_655' title='bbox 569 4657 846 4711; x_wconf 88' lang='lat' dir='ltr'>nectendi</span> <span class='ocrx_word' id='word_1_656' title='bbox 877 4657 1028 4712; x_wconf 90' lang='lat' dir='ltr'>ratio</span> <span class='ocrx_word' id='word_1_657' title='bbox 1063 4657 1441 4729; x_wconf 80' lang='lat' dir='ltr'>intelligeret.</span> <span class='ocrx_word' id='word_1_658' title='bbox 1495 4658 1704 4712; x_wconf 87' lang='lat' dir='ltr'>Statim</span> <span class='ocrx_word' id='word_1_659' title='bbox 1755 4675 1894 4731; x_wconf 81' lang='lat' dir='ltr'>ergo</span> <span class='ocrx_word' id='word_1_660' title='bbox 1939 4660 2066 4732; x_wconf 80' lang='lat' dir='ltr'>gla-</span> 
     </span>
    </p>
   </div>
   <div class='ocr_carea' id='block_1_99' title="bbox 415 4741 2063 4818">
    <p class='ocr_par' dir='ltr' id='par_1_99' title="bbox 415 4741 2063 4818">
     <span class='ocr_line' id='line_1_99' title="bbox 415 4741 2063 4818; baseline 0.002 -20"><span class='ocrx_word' id='word_1_661' title='bbox 415 4741 573 4798; x_wconf 74' lang='lat' dir='ltr'>dius&#39;</span> <span class='ocrx_word' id='word_1_662' title='bbox 607 4743 935 4814; x_wconf 85' lang='lat' dir='ltr'>stringitur,</span> <span class='ocrx_word' id='word_1_663' title='bbox 969 4745 1144 4818; x_wconf 75' lang='lat' dir='ltr'>virga)</span> <span class='ocrx_word' id='word_1_664' title='bbox 1197 4745 1314 4818; x_wconf 79' lang='lat' dir='ltr'>igni</span> <span class='ocrx_word' id='word_1_665' title='bbox 1373 4743 1652 4800; x_wconf 89' lang='lat' dir='ltr'>cadentes</span> <span class='ocrx_word' id='word_1_666' title='bbox 1709 4746 2063 4818; x_wconf 78' lang='lat' dir='ltr'>afferuntur,</span> 
     </span>
    </p>
   </div>
   <div class='ocr_carea' id='block_1_100' title="bbox 411 4827 2066 4904">
    <p class='ocr_par' dir='ltr' id='par_1_100' title="bbox 411 4827 2066 4904">
     <span class='ocr_line' id='line_1_100' title="bbox 411 4827 2066 4904; baseline 0.002 -16"><span class='ocrx_word' id='word_1_667' title='bbox 411 4827 841 4902; x_wconf 80' lang='lat' dir='ltr'>carnificesque</span> <span class='ocrx_word' id='word_1_668' title='bbox 894 4833 1082 4904; x_wconf 85' lang='lat' dir='ltr'>parati</span> <span class='ocrx_word' id='word_1_669' title='bbox 1129 4837 1372 4888; x_wconf 82' lang='lat' dir='ltr'>astannt</span> <span class='ocrx_word' id='word_1_670' title='bbox 1415 4849 1429 4888; x_wconf 93' lang='lat'>:</span> <span class='ocrx_word' id='word_1_671' title='bbox 1465 4832 1680 4903; x_wconf 86' lang='lat' dir='ltr'>quibus</span> <span class='ocrx_word' id='word_1_672' title='bbox 1736 4833 1944 4890; x_wconf 84' lang='lat' dir='ltr'>infelix</span> <span class='ocrx_word' id='word_1_673' title='bbox 1996 4853 2066 4892; x_wconf 85' lang='lat' dir='ltr'>ea</span> 
     </span>
    </p>
   </div>
   <div class='ocr_carea' id='block_1_101' title="bbox 411 4919 2063 4996">
    <p class='ocr_par' dir='ltr' id='par_1_101' title="bbox 411 4919 2063 4996">
     <span class='ocr_line' id='line_1_101' title="bbox 411 4919 2063 4996; baseline 0.005 -22"><span class='ocrx_word' id='word_1_674' title='bbox 411 4919 616 4976; x_wconf 90' lang='lat' dir='ltr'>territa</span> <span class='ocrx_word' id='word_1_675' title='bbox 646 4921 731 4976; x_wconf 89' lang='lat' dir='ltr'>rei</span> <span class='ocrx_word' id='word_1_676' title='bbox 765 4921 1072 4976; x_wconf 86' lang='lat' dir='ltr'>veritatem</span> <span class='ocrx_word' id='word_1_677' title='bbox 1101 4921 1253 4976; x_wconf 78' lang='lat'><strong>949</strong></span> <span class='ocrx_word' id='word_1_678' title='bbox 1303 4920 1502 4992; x_wconf 88' lang='lat' dir='ltr'>palam</span> <span class='ocrx_word' id='word_1_679' title='bbox 1543 4920 1782 4990; x_wconf 87' lang='lat' dir='ltr'>fatetur,</span> <span class='ocrx_word' id='word_1_680' title='bbox 1815 4939 1932 4993; x_wconf 90' lang='lat' dir='ltr'>quo</span> <span class='ocrx_word' id='word_1_681' title='bbox 1961 4942 2063 4996; x_wconf 85' lang='lat' dir='ltr'>pa-</span> 
     </span>
    </p>
   </div>
   <div class='ocr_carea' id='block_1_102' title="bbox 408 5008 2066 5080">
    <p class='ocr_par' dir='ltr' id='par_1_102' title="bbox 408 5008 2066 5080">
     <span class='ocr_line' id='line_1_102' title="bbox 408 5008 2066 5080; baseline 0.003 -15"><span class='ocrx_word' id='word_1_682' title='bbox 408 5013 500 5065; x_wconf 90' lang='lat' dir='ltr'>cto</span> <span class='ocrx_word' id='word_1_683' title='bbox 531 5015 772 5064; x_wconf 72' lang='lat' dir='ltr'>structas</span> <span class='ocrx_word' id='word_1_684' title='bbox 815 5009 1072 5074; x_wconf 79' lang='lat' dir='ltr'>insidias.</span> <span class='ocrx_word' id='word_1_685' title='bbox 1119 5015 1300 5080; x_wconf 87' lang='lat' dir='ltr'>utque</span> <span class='ocrx_word' id='word_1_686' title='bbox 1333 5025 1478 5064; x_wconf 87' lang='lat' dir='ltr'>auro</span> <span class='ocrx_word' id='word_1_687' title='bbox 1510 5013 1570 5063; x_wconf 90' lang='lat' dir='ltr'>et</span> <span class='ocrx_word' id='word_1_688' title='bbox 1619 5008 2066 5080; x_wconf 88' lang='lat' dir='ltr'>pollicitationi-</span> 
     </span>
    </p>
   </div>
   <div class='ocr_carea' id='block_1_103' title="bbox 407 5098 2064 5172">
    <p class='ocr_par' dir='ltr' id='par_1_103' title="bbox 407 5098 2064 5172">
     <span class='ocr_line' id='line_1_103' title="bbox 407 5098 2064 5172; baseline 0.004 -18"><span class='ocrx_word' id='word_1_689' title='bbox 407 5098 518 5154; x_wconf 91' lang='lat' dir='ltr'>bus</span> <span class='ocrx_word' id='word_1_690' title='bbox 540 5105 818 5172; x_wconf 88' lang='lat' dir='ltr'>corrupta</span> <span class='ocrx_word' id='word_1_691' title='bbox 845 5105 904 5155; x_wconf 91' lang='lat' dir='ltr'>et</span> <span class='ocrx_word' id='word_1_692' title='bbox 939 5098 1188 5170; x_wconf 89' lang='lat' dir='ltr'>decepta</span> <span class='ocrx_word' id='word_1_693' title='bbox 1218 5099 1414 5164; x_wconf 90' lang='lat' dir='ltr'>fuerit,</span> <span class='ocrx_word' id='word_1_694' title='bbox 1451 5098 1550 5170; x_wconf 91' lang='lat' dir='ltr'>qui</span> <span class='ocrx_word' id='word_1_695' title='bbox 1585 5101 1909 5156; x_wconf 89' lang='lat' dir='ltr'>commenti</span> <span class='ocrx_word' id='word_1_696' title='bbox 1957 5121 2064 5160; x_wconf 85' lang='lat' dir='ltr'>au-</span> 
     </span>
    </p>
   </div>
   <div class='ocr_carea' id='block_1_104' title="bbox 407 5187 2063 5263">
    <p class='ocr_par' dir='ltr' id='par_1_104' title="bbox 407 5187 2063 5263">
     <span class='ocr_line' id='line_1_104' title="bbox 407 5187 2063 5263; baseline 0.005 -21"><span class='ocrx_word' id='word_1_697' title='bbox 407 5194 602 5244; x_wconf 86' lang='lat' dir='ltr'>ctores</span> <span class='ocrx_word' id='word_1_698' title='bbox 645 5207 658 5244; x_wconf 88' lang='lat'><strong>:</strong></span> <span class='ocrx_word' id='word_1_699' title='bbox 695 5189 950 5259; x_wconf 87' lang='lat' dir='ltr'>denique</span> <span class='ocrx_word' id='word_1_700' title='bbox 982 5193 1162 5244; x_wconf 89' lang='lat' dir='ltr'>totam</span> <span class='ocrx_word' id='word_1_701' title='bbox 1211 5187 1475 5243; x_wconf 83' lang='lat' dir='ltr'>fabulam</span> <span class='ocrx_word' id='word_1_702' title='bbox 1533 5188 1736 5258; x_wconf 89' lang='lat' dir='ltr'>refert,</span> <span class='ocrx_word' id='word_1_703' title='bbox 1783 5189 2063 5263; x_wconf 89' lang='lat' dir='ltr'>additque</span> 
     </span>
    </p>
   </div>
   <div class='ocr_carea' id='block_1_105' title="bbox 409 5278 2064 5353">
    <p class='ocr_par' dir='ltr' id='par_1_105' title="bbox 409 5278 2064 5353">
     <span class='ocr_line' id='line_1_105' title="bbox 409 5278 2064 5353; baseline 0.006 -21"><span class='ocrx_word' id='word_1_704' title='bbox 409 5278 571 5334; x_wconf 92' lang='lat' dir='ltr'>domi</span> <span class='ocrx_word' id='word_1_705' title='bbox 605 5297 724 5335; x_wconf 70' lang='lat' dir='ltr'>sua)</span> <span class='ocrx_word' id='word_1_706' title='bbox 748 5297 960 5336; x_wconf 88' lang='lat' dir='ltr'>aurum</span> <span class='ocrx_word' id='word_1_707' title='bbox 991 5280 1054 5334; x_wconf 90' lang='lat' dir='ltr'>in</span> <span class='ocrx_word' id='word_1_708' title='bbox 1084 5279 1318 5334; x_wconf 89' lang='lat' dir='ltr'>sacculo</span> <span class='ocrx_word' id='word_1_709' title='bbox 1350 5283 1655 5351; x_wconf 89' lang='lat' dir='ltr'>repertum</span> <span class='ocrx_word' id='word_1_710' title='bbox 1704 5278 1774 5336; x_wconf 90' lang='lat' dir='ltr'>iri</span> <span class='ocrx_word' id='word_1_711' title='bbox 1809 5283 2064 5353; x_wconf 89' lang='lat' dir='ltr'>quadam</span> 
     </span>
    </p>
   </div>
   <div class='ocr_carea' id='block_1_106' title="bbox 411 5365 2064 5440">
    <p class='ocr_par' dir='ltr' id='par_1_106' title="bbox 411 5365 2064 5440">
     <span class='ocr_line' id='line_1_106' title="bbox 411 5365 2064 5440; baseline 0.007 -20"><span class='ocrx_word' id='word_1_712' title='bbox 411 5365 477 5420; x_wconf 90' lang='lat' dir='ltr'>in</span> <span class='ocrx_word' id='word_1_713' title='bbox 510 5369 714 5423; x_wconf 90' lang='lat' dir='ltr'>arcula</span> <span class='ocrx_word' id='word_1_714' title='bbox 742 5368 1028 5424; x_wconf 84' lang='lat' dir='ltr'>frumenti</span> <span class='ocrx_word' id='word_1_715' title='bbox 1058 5368 1252 5440; x_wconf 88' lang='lat' dir='ltr'>plena.</span> <span class='ocrx_word' id='word_1_716' title='bbox 1285 5369 1356 5422; x_wconf 88' lang='lat' dir='ltr'>Et</span> <span class='ocrx_word' id='word_1_717' title='bbox 1385 5367 1608 5424; x_wconf 88' lang='lat' dir='ltr'>missus</span> <span class='ocrx_word' id='word_1_718' title='bbox 1637 5385 1706 5424; x_wconf 92' lang='lat' dir='ltr'>eo</span> <span class='ocrx_word' id='word_1_719' title='bbox 1736 5371 2064 5432; x_wconf 89' lang='lat' dir='ltr'>satellitum</span> 
     </span>
    </p>
   </div>
   <div class='ocr_carea' id='block_1_107' title="bbox 2173 4651 3796 4736">
    <p class='ocr_par' dir='ltr' id='par_1_107' title="bbox 2173 4651 3796 4736">
     <span class='ocr_line' id='line_1_107' title="bbox 2173 4651 3796 4736; baseline -0.004 -22"><span class='ocrx_word' id='word_1_720' title='bbox 2173 4663 2270 4714; x_wconf 81' lang='grc' dir='ltr'>τοῦ</span> <span class='ocrx_word' id='word_1_721' title='bbox 2338 4662 2538 4714; x_wconf 80' lang='grc' dir='ltr'>Αοιποῦ</span> <span class='ocrx_word' id='word_1_722' title='bbox 2607 4659 2682 4730; x_wconf 79' lang='grc' dir='ltr'>μή</span> <span class='ocrx_word' id='word_1_723' title='bbox 2751 4662 3032 4721; x_wconf 81' lang='grc' dir='ltr'>πτοεῖσθαι</span> <span class='ocrx_word' id='word_1_724' title='bbox 3105 4659 3204 4728; x_wconf 82' lang='grc' dir='ltr'>τὴν</span> <span class='ocrx_word' id='word_1_725' title='bbox 3271 4656 3575 4736; x_wconf 71' lang='grc' dir='ltr'>φιλήδονον</span> <span class='ocrx_word' id='word_1_726' title='bbox 3632 4651 3796 4730; x_wconf 72' lang='grc' dir='ltr'>όρεξινσ</span> 
     </span>
    </p>
   </div>
   <div class='ocr_carea' id='block_1_108' title="bbox 2169 4741 3795 4824">
    <p class='ocr_par' dir='ltr' id='par_1_108' title="bbox 2169 4741 3795 4824">
     <span class='ocr_line' id='line_1_108' title="bbox 2169 4741 3795 4824; baseline 0.001 -21"><span class='ocrx_word' id='word_1_727' title='bbox 2169 4745 2507 4812; x_wconf 83' lang='grc' dir='ltr'>Διυπνισθε.ὶς</span> <span class='ocrx_word' id='word_1_728' title='bbox 2559 4743 2619 4800; x_wconf 73' lang='grc' dir='ltr'>δὲ</span> <span class='ocrx_word' id='word_1_729' title='bbox 2700 4746 2836 4818; x_wconf 85' lang='grc' dir='ltr'>μετά</span> <span class='ocrx_word' id='word_1_730' title='bbox 2916 4744 3154 4824; x_wconf 72' lang='grc' dir='ltr'>σφοδρᾶς</span> <span class='ocrx_word' id='word_1_731' title='bbox 3231 4744 3547 4822; x_wconf 81' lang='grc' dir='ltr'>ἀλγηδόνος</span> <span class='ocrx_word' id='word_1_732' title='bbox 3602 4741 3795 4818; x_wconf 73' lang='grc' dir='ltr'>εὓρέθην</span> 
     </span>
    </p>
   </div>
   <div class='ocr_carea' id='block_1_109' title="bbox 2169 4831 3803 4913">
    <p class='ocr_par' dir='ltr' id='par_1_109' title="bbox 2169 4831 3803 4913">
     <span class='ocr_line' id='line_1_109' title="bbox 2169 4831 3803 4913; baseline -0.002 -20"><span class='ocrx_word' id='word_1_733' title='bbox 2169 4837 2318 4913; x_wconf 81' lang='grc' dir='ltr'>ἔχων</span> <span class='ocrx_word' id='word_1_734' title='bbox 2350 4836 2426 4898; x_wconf 83' lang='grc' dir='ltr'>ὠς</span> <span class='ocrx_word' id='word_1_735' title='bbox 2457 4835 2762 4892; x_wconf 80' lang='grc' dir='ltr'>ἐθεάσασθε.</span> <span class='ocrx_word' id='word_1_736' title='bbox 2797 4839 2974 4892; x_wconf 79' lang='grc' dir='ltr'>Ταῦτα</span> <span class='ocrx_word' id='word_1_737' title='bbox 3028 4840 3127 4891; x_wconf 74' lang='grc' dir='ltr'>τοῦ</span> <span class='ocrx_word' id='word_1_738' title='bbox 3183 4835 3534 4912; x_wconf 81' lang='grc' dir='ltr'>πατριάρχου</span> <span class='ocrx_word' id='word_1_739' title='bbox 3565 4831 3803 4895; x_wconf 79' lang='grc' dir='ltr'>εἰπόντος.</span> 
     </span>
    </p>
   </div>
   <div class='ocr_carea' id='block_1_110' title="bbox 2172 4913 3798 5001">
    <p class='ocr_par' dir='ltr' id='par_1_110' title="bbox 2172 4913 3798 5001">
     <span class='ocr_line' id='line_1_110' title="bbox 2172 4913 3798 5001; baseline -0.006 -19"><span class='ocrx_word' id='word_1_740' title='bbox 2172 4927 2273 4982; x_wconf 83' lang='grc' dir='ltr'>οὐκ</span> <span class='ocrx_word' id='word_1_741' title='bbox 2307 4925 2600 5000; x_wconf 84' lang='grc' dir='ltr'>ἀνάσχετον</span> <span class='ocrx_word' id='word_1_742' title='bbox 2628 4925 2657 4979; x_wconf 89' lang='lat'>6</span> <span class='ocrx_word' id='word_1_743' title='bbox 2689 4923 2953 4993; x_wconf 78' lang='grc' dir='ltr'>Μανουήλ</span> <span class='ocrx_word' id='word_1_744' title='bbox 3008 4925 3235 4999; x_wconf 75' lang='grc' dir='ltr'>νομίσας</span> <span class='ocrx_word' id='word_1_745' title='bbox 3292 4927 3354 4980; x_wconf 85' lang='grc' dir='ltr'>τὸ</span> <span class='ocrx_word' id='word_1_746' title='bbox 3403 4925 3653 5001; x_wconf 81' lang='grc' dir='ltr'>,τόρευμα</span> <span class='ocrx_word' id='word_1_747' title='bbox 3679 4913 3798 4995; x_wconf 79' lang='grc' dir='ltr'>ἔγνω</span> 
     </span>
    </p>
   </div>
   <div class='ocr_carea' id='block_1_111' title="bbox 2170 5007 3797 5092">
    <p class='ocr_par' dir='ltr' id='par_1_111' title="bbox 2170 5007 3797 5092">
     <span class='ocr_line' id='line_1_111' title="bbox 2170 5007 3797 5092; baseline -0.004 -20"><span class='ocrx_word' id='word_1_748' title='bbox 2170 5015 2401 5087; x_wconf 78' lang='grc' dir='ltr'>ἐξετάσει</span> <span class='ocrx_word' id='word_1_749' title='bbox 2449 5011 2674 5082; x_wconf 78' lang='grc' dir='ltr'>δοθῆναι</span> <span class='ocrx_word' id='word_1_750' title='bbox 2729 5014 2793 5069; x_wconf 87' lang='grc' dir='ltr'>τὸ</span> <span class='ocrx_word' id='word_1_751' title='bbox 2848 5013 3066 5088; x_wconf 85' lang='grc' dir='ltr'>γύναιον</span> <span class='ocrx_word' id='word_1_752' title='bbox 3120 5013 3200 5092; x_wconf 86' lang='grc' dir='ltr'>ἐφ’</span> <span class='ocrx_word' id='word_1_753' title='bbox 3258 5015 3304 5087; x_wconf 84' lang='grc' dir='ltr'>ᾧ</span> <span class='ocrx_word' id='word_1_754' title='bbox 3363 5011 3690 5092; x_wconf 82' lang='grc' dir='ltr'>διασαφῆσαι</span> <span class='ocrx_word' id='word_1_755' title='bbox 3715 5007 3797 5075; x_wconf 72' lang='grc' dir='ltr'>τήν</span> 
     </span>
    </p>
   </div>
   <div class='ocr_carea' id='block_1_112' title="bbox 2177 5099 3801 5182">
    <p class='ocr_par' dir='ltr' id='par_1_112' title="bbox 2177 5099 3801 5182">
     <span class='ocr_line' id='line_1_112' title="bbox 2177 5099 3801 5182; baseline -0.004 -24"><span class='ocrx_word' id='word_1_756' title='bbox 2177 5101 2653 5182; x_wconf 70' lang='grc' dir='ltr'>μηχανοῤῥαφίαν.</span> <span class='ocrx_word' id='word_1_757' title='bbox 2715 5101 2892 5180; x_wconf 83' lang='grc' dir='ltr'>Ξίφος</span> <span class='ocrx_word' id='word_1_758' title='bbox 2946 5123 3007 5158; x_wconf 87' lang='grc' dir='ltr'>τε</span> <span class='ocrx_word' id='word_1_759' title='bbox 3077 5102 3172 5159; x_wconf 75' lang='grc' dir='ltr'>οὖν</span> <span class='ocrx_word' id='word_1_760' title='bbox 3229 5101 3384 5167; x_wconf 76' lang='grc' dir='ltr'>εὐθὺς</span> <span class='ocrx_word' id='word_1_761' title='bbox 3439 5103 3618 5174; x_wconf 85' lang='grc' dir='ltr'>τούτῳ</span> <span class='ocrx_word' id='word_1_762' title='bbox 3669 5099 3801 5154; x_wconf 77' lang='grc' dir='ltr'>ἐπανο</span> 
     </span>
    </p>
   </div>
   <div class='ocr_carea' id='block_1_113' title="bbox 2173 5181 3803 5266">
    <p class='ocr_par' dir='ltr' id='par_1_113' title="bbox 2173 5181 3803 5266">
     <span class='ocr_line' id='line_1_113' title="bbox 2173 5181 3803 5266; baseline -0.005 -17"><span class='ocrx_word' id='word_1_763' title='bbox 2173 5195 2402 5250; x_wconf 85' lang='grc' dir='ltr'>ετείνετο</span> <span class='ocrx_word' id='word_1_764' title='bbox 2441 5181 2532 5247; x_wconf 78' lang='grc' dir='ltr'>καί</span> <span class='ocrx_word' id='word_1_765' title='bbox 2573 5185 2766 5266; x_wconf 73' lang='grc' dir='ltr'>ῥάϐδοι</span> <span class='ocrx_word' id='word_1_766' title='bbox 2820 5191 3143 5266; x_wconf 75' lang='grc' dir='ltr'>ἐκομίζοντο</span> <span class='ocrx_word' id='word_1_767' title='bbox 3196 5191 3599 5264; x_wconf 80' lang='grc' dir='ltr'>ήκανθωμέναι,</span> <span class='ocrx_word' id='word_1_768' title='bbox 3642 5187 3724 5244; x_wconf 80' lang='grc' dir='ltr'>καὶ</span> <span class='ocrx_word' id='word_1_769' title='bbox 3759 5181 3803 5237; x_wconf 69' lang='grc' dir='ltr'>οἳ</span> 
     </span>
    </p>
   </div>
   <div class='ocr_carea' id='block_1_114' title="bbox 2175 5277 3804 5358">
    <p class='ocr_par' dir='ltr' id='par_1_114' title="bbox 2175 5277 3804 5358">
     <span class='ocr_line' id='line_1_114' title="bbox 2175 5277 3804 5358; baseline -0.006 -18"><span class='ocrx_word' id='word_1_770' title='bbox 2175 5281 2370 5358; x_wconf 72' lang='grc' dir='ltr'>δήμιοι</span> <span class='ocrx_word' id='word_1_771' title='bbox 2437 5281 2854 5354; x_wconf 75' lang='grc' dir='ltr'>παρειτήκεισαν</span> <span class='ocrx_word' id='word_1_772' title='bbox 2944 5281 3246 5356; x_wconf 81' lang='grc' dir='ltr'>εὐτρεπεῖς.</span> <span class='ocrx_word' id='word_1_773' title='bbox 3325 5281 3427 5343; x_wconf 80' lang='grc' dir='ltr'>Οἷς</span> <span class='ocrx_word' id='word_1_774' title='bbox 3497 5277 3804 5350; x_wconf 76' lang='grc' dir='ltr'>ἐκδειματωο</span> 
     </span>
    </p>
   </div>
   <div class='ocr_carea' id='block_1_115' title="bbox 2174 5367 3802 5442">
    <p class='ocr_par' dir='ltr' id='par_1_115' title="bbox 2174 5367 3802 5442">
     <span class='ocr_line' id='line_1_115' title="bbox 2174 5367 3802 5442; baseline -0.006 -13"><span class='ocrx_word' id='word_1_775' title='bbox 2174 5379 2324 5440; x_wconf 88' lang='grc' dir='ltr'>θεῖσα</span> <span class='ocrx_word' id='word_1_776' title='bbox 2375 5373 2411 5440; x_wconf 81' lang='grc' dir='ltr'><strong>ἡ</strong></span> <span class='ocrx_word' id='word_1_777' title='bbox 2473 5367 2735 5442; x_wconf 89' lang='grc' dir='ltr'>δύστηνος</span> <span class='ocrx_word' id='word_1_778' title='bbox 2793 5368 3011 5442; x_wconf 84' lang='grc' dir='ltr'>τίθησιν</span> <span class='ocrx_word' id='word_1_779' title='bbox 3071 5369 3336 5427; x_wconf 78' lang='grc' dir='ltr'>ἔκπυστον</span> <span class='ocrx_word' id='word_1_780' title='bbox 3387 5370 3490 5439; x_wconf 71' lang='grc' dir='ltr'>τὴν</span> <span class='ocrx_word' id='word_1_781' title='bbox 3549 5367 3802 5438; x_wconf 67' lang='grc' dir='ltr'>ἀλήθειαν,</span> 
     </span>
    </p>
   </div>
   <div class='ocr_carea' id='block_1_116' title="bbox 1609 5465 2615 5532">
    <p class='ocr_par' dir='ltr' id='par_1_116' title="bbox 1609 5465 2615 5532">
     <span class='ocr_line' id='line_1_116' title="bbox 1609 5465 2615 5532; baseline 0.007 -13"><span class='ocrx_word' id='word_1_782' title='bbox 1609 5465 1976 5527; x_wconf 82' lang='lat' dir='ltr'>XYLANDRI</span> <span class='ocrx_word' id='word_1_783' title='bbox 2009 5475 2098 5532; x_wconf 90' lang='lat' dir='ltr'>ET</span> <span class='ocrx_word' id='word_1_784' title='bbox 2136 5471 2354 5532; x_wconf 81' lang='lat' dir='ltr'>GOARI</span> <span class='ocrx_word' id='word_1_785' title='bbox 2392 5470 2615 5526; x_wconf 79' lang='lat' dir='ltr'>NOT/E.</span> 
     </span>
    </p>
   </div>
   <div class='ocr_carea' id='block_1_117' title="bbox 481 5554 2066 5640">
    <p class='ocr_par' dir='ltr' id='par_1_117' title="bbox 481 5554 2066 5640">
     <span class='ocr_line' id='line_1_117' title="bbox 481 5554 2066 5640; baseline 0.011 -29"><span class='ocrx_word' id='word_1_786' title='bbox 481 5554 600 5640; x_wconf 77' lang='lat'>(3_9_)</span> <span class='ocrx_word' id='word_1_787' title='bbox 638 5559 961 5640; x_wconf 52' lang='lat' dir='ltr'>Mapifesta</span> <span class='ocrx_word' id='word_1_788' title='bbox 990 5563 1277 5640; x_wconf 58' lang='lat' dir='ltr'>impudens</span> <span class='ocrx_word' id='word_1_789' title='bbox 1326 5562 1667 5640; x_wconf 48' lang='lat' dir='ltr'>muliercula</span> <span class='ocrx_word' id='word_1_790' title='bbox 1707 5564 1780 5640; x_wconf 79' lang='lat' dir='ltr'>in_</span> <span class='ocrx_word' id='word_1_791' title='bbox 1819 5571 2066 5629; x_wconf 81' lang='lat' dir='ltr'>omnium</span> 
     </span>
    </p>
   </div>
   <div class='ocr_carea' id='block_1_118' title="bbox 413 5631 2080 5705">
    <p class='ocr_par' dir='ltr' id='par_1_118' title="bbox 413 5631 2080 5705">
     <span class='ocr_line' id='line_1_118' title="bbox 413 5631 2080 5705; baseline 0.008 -18"><span class='ocrx_word' id='word_1_792' title='bbox 413 5631 628 5688; x_wconf 81' lang='lat' dir='ltr'>auditu</span> <span class='ocrx_word' id='word_1_793' title='bbox 659 5631 908 5688; x_wconf 77' lang='lat' dir='ltr'>criminis</span> <span class='ocrx_word' id='word_1_794' title='bbox 938 5631 1238 5702; x_wconf 60' lang='lat' dir='ltr'>infamiam</span> <span class='ocrx_word' id='word_1_795' title='bbox 1291 5635 1610 5705; x_wconf 79' lang='lat' dir='ltr'>evulgabat.</span> <span class='ocrx_word' id='word_1_796' title='bbox 1645 5633 1900 5695; x_wconf 84' lang='lat' dir='ltr'>Lexicon</span> <span class='ocrx_word' id='word_1_797' title='bbox 1929 5657 2080 5700; x_wconf 83' lang='lat' dir='ltr'>ano-</span> 
     </span>
    </p>
   </div>
   <div class='ocr_carea' id='block_1_119' title="bbox 2175 5560 3802 5701">
    <p class='ocr_par' dir='ltr' id='par_1_119' title="bbox 2175 5560 3802 5701">
     <span class='ocr_line' id='line_1_119' title="bbox 2175 5560 3802 5701; baseline -0.007 -74"><span class='ocrx_word' id='word_1_798' title='bbox 2175 5584 2425 5701; x_wconf 52' lang='lat' dir='ltr'>léymum</span> <span class='ocrx_word' id='word_1_799' title='bbox 2479 5567 2626 5624; x_wconf 89' lang='lat' dir='ltr'>bibl.</span> <span class='ocrx_word' id='word_1_800' title='bbox 2677 5570 2860 5642; x_wconf 79' lang='lat' dir='ltr'>Reg.:</span> <span class='ocrx_word' id='word_1_801' title='bbox 2909 5567 3258 5646; x_wconf 81' lang='grc' dir='ltr'>Θριαμλεύω,</span> <span class='ocrx_word' id='word_1_802' title='bbox 3304 5563 3614 5640; x_wconf 81' lang='grc' dir='ltr'>κατάδηλον</span> <span class='ocrx_word' id='word_1_803' title='bbox 3657 5560 3802 5620; x_wconf 79' lang='grc' dir='ltr'>ποιῶ.</span> 
     </span>
     <span class='ocr_line' id='line_1_120' title="bbox 2235 5659 2365 5700; baseline -0.015 0"><span class='ocrx_word' id='word_1_804' title='bbox 2235 5659 2365 5700; x_wconf 74' lang='lat' dir='ltr'>out.</span> 
     </span>
    </p>
   </div>
   <div class='ocr_carea' id='block_1_120' title="bbox 2235 5659 2365 5700">
    <p class='ocr_par' dir='ltr' id='par_1_120' title="bbox 2235 5659 2365 5700">
     <span class='ocr_line' id='line_1_121' title="bbox 2235 5659 2365 5700; baseline -0.015 0"><span class='ocrx_word' id='word_1_805' title='bbox 2235 5659 2365 5700; x_wconf 74' lang='grc' dir='ltr'>οΑει.</span> 
     </span>
    </p>
   </div>
  </div>
