4054 6286
228 331 375 395 103³1

1285 329 1831 393 HISTORIARUM
1877 325 2429 389 COMPENDIUM.

3468 314 3634 387 71038

293 459 501 532 Συνέϐη
537 458 592 517 δὲ
627 460 718 517 καὶ
746 459 930 535 ἵτερόν
958 481 1012 517 τι
1043 459 1106 517 τὸ
1139 458 1417 535 ὀδηγῆσαν
1442 462 1531 517 καὶ
1559 456 1862 537 βεϐαιῶσαν

2054 461 2231 518 Aliud
2291 478 2529 535 quoque
2587 462 2803 528 evenit,
2837 460 2995 534 quod
3053 477 3188 517 eum
3228 461 3301 517 ad
3353 460 3638 533 pietatem

222 553 312 607 τὸν
345 550 587 631 ἄρχοντα
616 551 751 625 πρὸς
805 545 1091 607 εὐσέϐειαν.
1153 551 1451 621 Ἀπήστως
1512 551 1668 613 οὗτος
1728 546 1872 624 ἔχων

220 643 353 716 πρὸς
392 642 459 695 τὰ
487 641 801 715 κυνηγέσια,
834 639 923 694 καὶ
959 637 1297 713 βουλόμενος
1349 639 1567 700 τούτοις
1616 639 1872 715 ἐντρυφᾷν

230 732 304 804 μὴ
342 730 506 803 μόνον
540 730 631 784 ὅτε
661 728 800 802 πρὸς
841 729 1009 803 θήραν
1057 726 1216 797 ἐξίοι,
1274 726 1420 783 ἀλλὰ
1466 726 1557 782 καὶ
1612 728 1700 782 ὅτε
1739 745 1876 801 σχο-

220 818 406 887 λάζοι,
443 815 534 870 διὰ
566 816 880 892 ζωγραφίας
942 815 1166 893 ἐντυφᾷν
1212 820 1327 877 τοῖς
1373 813 1668 880 τοιούτοις,
1719 816 1872 869 οἷκον

225 905 639 984 δημιουργησας
668 904 786 959 νέον
823 902 1096 963 Μεθόδιόν
1126 926 1249 959 τινα
1302 907 1549 980 μοναχὸν
1599 907 1875 979 Ῥωμαῖον

223 997 283 1051 τὸ
315 996 494 1072 γένος,
552 996 845 1069 ζωγράφον
884 996 984 1062 τήν
1031 994 1254 1074 τέχνην,
1306 994 1581 1051 ἐκέλευσεν
1636 993 1877 1070 ἱστορίας

226 1082 519 1158 πληρῶσαι
549 1083 612 1137 τὸ
653 1080 881 1156 οίκημα.
909 1084 1114 1157 ’Ὠσπερ
1146 1080 1201 1137 δὲ
1245 1083 1347 1137 ὑπό
1396 1104 1544 1144 τινος
1594 1081 1876 1138 ἐπιπνοίας

232 1171 378 1236 θείας
407 1167 779 1245 ὁδηγούμενος
814 1171 913 1225 οὐκ
943 1170 1216 1243 ἐπέσκηψε
1247 1170 1427 1246 ῥητῶς
1468 1173 1632 1227 ὁποῖα
1681 1169 1746 1241 δὴ
1788 1172 1878 1227 καὶ

225 1260 342 1315 τίνα
382 1263 492 1315 τῶν
551 1260 704 1328 ζώων
768 1260 1129 1335 ἐξιστορήσοι,
1198 1258 1325 1316 ἀλλ’
1385 1259 1598 1316 ἐκέλευε
1654 1260 1878 1337 γράφειν

236 1347 362 1404 ἅττα
393 1349 480 1403 καὶ
527 1347 809 1423 βούλοιτο,
872 1342 1077 1427 φοϐερὰ
1136 1343 1321 1420 μέντοι
1373 1351 1512 1404 εἶναι
1557 1350 1625 1404 τὰ
1670 1351 1879 1427 γραφό-

228 1459 356 1512 μενα
380 1439 471 1493 καὶ
502 1439 639 1512 πρὸς
671 1432 930 1508 ἔκπληξιν
964 1438 1055 1492 καὶ
1111 1434 1233 1500 δέος
1276 1443 1384 1493 τῶν
1447 1435 1760 1512 θεωμένων.
1813 1440 1874 1496 Ὀ

225 1525 302 1596 δὶ,
337 1524 504 1602 μηδὲν
535 1524 716 1602 ἕτερον
779 1522 940 1587 εἶδὼς
991 1523 1420 1604 φρικωδέστερον
1470 1534 1569 1596 τῆς
1626 1525 1877 1601 δευτέρας

227 1621 321 1671 τοῦ
354 1620 596 1689 Χριστοῦ
658 1616 980 1689 παρουσίας,
1029 1616 1231 1685 ταύτην
1283 1614 1391 1670 ἐκεῖ
1442 1614 1875 1694 καθυπέγραψεν.

226 1706 238 1727 ’
313 1706 326 1725 ἱ
438 1706 453 1723 \
565 1702 585 1721 ρ’
774 1700 800 1725 ,Ι
1171 1709 1195 1719 ~
1605 1706 1618 1723 ς
1822 1704 1835 1721 κ

241 1702 374 1762 Ιδων
407 1700 463 1759 δε
495 1706 523 1759 6
558 1724 743 1780 αρχων
774 1715 920 1766 ενθεν
975 1703 1070 1777 μὶν
1129 1726 1236 1759 των
1293 1700 1516 1759 δικαίων
1566 1726 1656 1760 τον
1704 1724 1874 1779 χορον

227 1793 678 1869 στεφανούμενον,
738 1793 937 1848 ἐκεῖθεν
1001 1790 1058 1848 δὲ
1110 1798 1218 1848 τῶν
1301 1793 1645 1870 ἁμαρτωλῶν
1704 1794 1872 1849 κολα-

231 1889 472 1956 ζόμενον,
520 1882 610 1938 καὶ
668 1882 815 1956 παρά
872 1886 968 1937 τοῦ
1030 1883 1318 1961 ζωγράφου
1371 1884 1543 1945 συνεὶς
1595 1883 1685 1938 τὸν
1744 1883 1868 1937 νοῦν

224 1978 322 2043 τῆς
357 1971 690 2049 ζωγραφίας·
725 1969 880 2032 εὐθύς
910 1991 969 2025 τε
996 1971 1094 2039 τὴν
1142 1970 1343 2025 οἰκείαν
1392 1971 1677 2043 ἐξόμνυται
1736 1984 1870 2047 θρη-

227 2060 422 2126 σκείαν,
456 2059 544 2114 καὶ
575 2060 937 2134 κατηχηθεὶς,
989 2060 1063 2122 ὡς
1115 2060 1362 2133 ε’ίπομεν,
1423 2063 1508 2130 [Ρ.
1557 2062 1683 2133 541]
1729 2062 1874 2136 παρὰ

232 2153 327 2205 τοῦ
387 2148 535 2204 θείου
594 2148 891 2203 ἐπισκόπου
948 2149 1015 2202 τὰ
1066 2151 1180 2201 θεῖα
1240 2150 1513 2223 μυστήρια
1569 2148 1707 2223 ἀωρὶ
1762 2153 1869 2204 τῶν

224 2242 430 2293 νυκτῶν
486 2241 585 2292 τοῦ
654 2237 801 2292 θείου
871 2231 1279 2310 μεταλαμϐάνει
1352 2236 1746 2312 βαπτίσματος.
1805 2237 1872 2293 Οἱ

224 2326 280 2383 δὲ
308 2333 407 2383 τοῦ
431 2324 616 2390 ἔθνους
648 2325 913 2401 ἃρχοντες
945 2327 1036 2380 καὶ
1088 2327 1148 2381 τὸ
1199 2327 1381 2381 κοινὸν
1433 2329 1535 2395 τὴν
1581 2334 1682 2396 τῆς
1736 2338 1871 2400 θρη-

228 2418 405 2480 σκείας
465 2416 761 2494 ἐγνωκότες
842 2408 1156 2487 μεταϐολὴν
1252 2415 1715 2486 κατεξανίστανται
1777 2418 1875 2470 τοῦ

230 2505 496 2581 ἄρχοντος
554 2505 644 2560 καὶ
711 2502 920 2559 ἀνελεῖν
978 2501 1326 2573 ἐσπούδαζον.
1385 2504 1625 2565 Τούτους
1657 2500 1702 2558 δ’
1736 2502 1875 2559 ἐκεῖ-

226 2616 320 2657 νος
352 2595 486 2668 μετὰ
514 2599 618 2649 τῶν
647 2594 771 2669 περὶ
825 2593 986 2650 αὐτὸν
1041 2592 1242 2670 ὀλίγων
1295 2592 1466 2648 ὄντων
1514 2596 1873 2668 τρεψάμενος,

235 2686 335 2738 τοῦ
390 2686 675 2758 σταυρικοῦ
711 2683 883 2738 τύπου
940 2682 1383 2757 προηγουμένου,
1440 2687 1521 2754 τῷ
1584 2679 1872 2757 παραδόξῳ

235 2770 678 2849 καταπλαγέντας
753 2772 1122 2848 Χριστιανίσαι
1197 2771 1483 2842 πεποίηκε.
1579 2766 1869 2842 Μεταϐλη-

236 2862 420 2927 θέντος
451 2860 507 2917 δέ
531 2862 731 2926 παντὸς
756 2867 853 2917 τοῦ
886 2860 1067 2924 ἔθνους
1106 2861 1244 2931 πρὸς
1304 2855 1631 2930 θεοσέϐειαν,
1682 2881 1875 2938 γραφεῖ

232 2952 370 3027 πρὸς
408 2951 506 3020 τήν
566 2948 849 3006 δέσποιναν
912 2949 1136 3020 ἐξαιτῶν
1195 2946 1419 3018 δοθῆναί
1451 2951 1501 3004 οἱ
1529 2956 1651 3026 γῆν,
1701 2969 1873 3004 στενοι

223 3039 599 3120 χωρουμένων
628 3044 737 3095 τῶν
771 3040 861 3095 ὑπ’
896 3038 1080 3105 αὐτὸν,
1107 3039 1533 3113 ὒπισχνουμενο,
1555 3037 1874 3107 ἐνοποιῆσαι

218 3132 287 3185 τὰ
345 3125 468 3199 ἔθνη
526 3130 617 3183 καὶ
678 3128 899 3202 εἰρήνην
990 3126 1318 3204 ἐργάσασθαι
1403 3124 1578 3182 ἀίδιόν
1660 3148 1718 3182 τε
1782 3126 1868 3183 καθ

1982 549 2147 605 duxit
2178 551 2240 604 in
2272 567 2457 623 eaque
2500 552 2893 608 conﬁrmavit.
2945 551 3134 624 Supra
3180 550 3428 607 modum
3460 567 3635 607 vena-

1982 639 2245 694 tionibus
2277 639 2700 709 delectabatur,
2728 640 2942 712 quibus
2974 641 3221 713 cupiens
3248 657 3369 695 non
3404 645 3636 696 tantum

1981 744 2114 785 cum
2152 733 2432 784 venatum
2480 730 2664 784 exiret
2710 729 2956 802 perfrui,
3007 730 3110 785 sed
3163 730 3339 785 etiam
3389 729 3450 784 in
3493 728 3634 797 otio,

1981 832 2196 872 novam
2216 817 2458 872 domum
2478 818 2879 885 aediﬁcavit,et
2893 818 3249 874 monachum
3273 818 3636 874 Methodium

1982 908 2167 962 Roma
2196 906 2518 961 oriundum
2563 907 2967 980 pingendique
3016 908 3325 973 artiﬁcem,
3370 907 3637 963 historiis

1982 1011 2112 1050 eam
2154 1000 2338 1051 totam
2391 1012 2674 1051 exornare
2721 996 2922 1068 jussit.
2979 996 3302 1067 Divinoque
3351 997 3639 1065 instinctu

1978 1081 2202 1139 factum
2225 1088 2315 1137 est
2333 1088 2399 1137 ut
2422 1099 2542 1138 non
2564 1083 2789 1138 diceret
2817 1084 3172 1139 nominatim
3204 1101 3333 1154 quae
3356 1083 3640 1140 animalia

1982 1170 2218 1244 depingi
2268 1172 2465 1237 vellet,
2519 1171 2623 1227 sed
2673 1172 2917 1245 pingere
2949 1190 3055 1228 suo
3107 1173 3416 1239 arbitratu,
3461 1160 3638 1227 modo

1982 1260 2266 1315 terribilis
2300 1266 2455 1316 esset
2482 1261 2732 1332 pictura,
2773 1262 3028 1333 juberet.
3063 1262 3385 1317 Monachus
3427 1278 3641 1317 secun-

1982 1348 2121 1403 dum
2171 1348 2388 1403 Christi
2446 1349 2763 1405 adventum
2825 1350 3109 1423 depinxit,
3162 1351 3320 1423 quod
3379 1350 3531 1405 nihil
3570 1366 3639 1405 eo

1984 1439 2308 1494 terribilius
2354 1440 2554 1494 sciret.
2607 1441 2893 1512 Princeps
2943 1441 3014 1496 ab
3059 1442 3169 1496 hac
3222 1445 3387 1512 parte
3428 1440 3643 1496 videns

1973 1528 2278 1600 justorum
2309 1536 2523 1584 emtum
2575 1546 2940 1600 expressum,
2973 1530 3044 1585 ab
3098 1530 3287 1586 altera
3317 1530 3637 1603 impiorum

1983 1616 2275 1687 supplicia
2346 1618 2830 1688 perpetientium,
2892 1620 3252 1690 edoctusque
3324 1635 3358 1675 a
3411 1619 3637 1690 pictore

1982 1705 2126 1775 quid
2158 1705 2268 1760 sibi
2316 1706 2431 1760 ista
2477 1707 2717 1771 vellent,
2754 1708 2913 1763 illico
2964 1709 3118 1764 958
3169 1724 3336 1765 suam
3389 1707 3640 1779 ejuravit

1985 1794 2467 1865 superstitionem
2496 1813 2509 1863 ;
2530 1796 2978 1867 institutusque,
3001 1803 3068 1853 ut
3084 1796 3363 1863 diximus,
3382 1811 3417 1851 a
3434 1801 3637 1851 sancto

1983 1884 2260 1956 episcopo
2285 1884 2498 1940 divinis
2520 1887 2778 1955 arcanis,
2803 1887 3158 1959 intempesta
3176 1892 3348 1943 nocte
3380 1886 3635 1957 baptiza-

1981 1980 2075 2028 tus
2098 1973 2430 2030 est.Contra
2456 1992 2590 2031 eum
2622 1993 2898 2047 proceres
2928 1976 3311 2049 Bulgarorum
3345 1992 3411 2032 ac
3442 1992 3634 2048 popu-

1980 2063 2068 2118 lus
2099 2063 2574 2133 insurrexerunt,
2600 2071 2659 2119 et
2687 2065 3023 2122 interficere
3054 2066 3251 2122 conati
3285 2070 3439 2121 sunt.
3473 2065 3630 2129 Quos

1979 2151 2080 2205 ille
2130 2168 2307 2222 parva
2360 2170 2603 2209 suorum
2654 2171 2856 2223 manu,
2906 2155 3099 2210 crucis
3153 2154 3319 2228 signo
3359 2154 3631 2226 praelato,

1976 2238 2148 2307 fudit,
2190 2257 2370 2311 reque
2421 2243 2728 2315 inopinata
2775 2244 3011 2298 territos
3060 2243 3134 2298 ad
3185 2243 3363 2298 ﬁdem
3410 2241 3628 2297 Christi

1977 2328 2273 2399 perduxit.
2304 2332 2445 2385 Tota
2474 2337 2647 2403 gente
2696 2332 3002 2403 Bnlgarica
3047 2332 3441 2387 Christianam
3489 2331 3629 2386 reli-

1978 2417 2216 2489 gionem
2250 2418 2545 2490 amplexa.
2599 2436 2705 2492 per
2752 2419 2982 2475 litteras
3030 2422 3355 2491 Augustam
3404 2423 3533 2475 orat
3568 2422 3637 2474 ut

1982 2509 2105 2565 suis
2133 2510 2403 2564 locorum
2435 2510 2709 2582 angustia
2729 2511 2954 2581 pressis
2984 2509 3211 2581 aliquid
3236 2515 3405 2565 terrm
3427 2509 3639 2579 largia-

1983 2602 2098 2663 tur,
2160 2596 2411 2669 populos
2473 2615 2535 2653 se
2592 2598 2903 2655 uniturum
2969 2614 3296 2670 pacemque
3354 2602 3640 2653 aeternam

1979 2685 2275 2741 facturum
2323 2687 2701 2757 promittens.
2736 2687 2924 2750 Quam
2971 2688 3323 2761 petitionem
3373 2686 3648 2741 hilariter

1985 2773 2306 2829 admodum
2366 2774 2677 2829 Theodora
2733 2775 2984 2846 accepit,
3042 2776 3322 2846 deditque
3380 2774 3646 2847 Bulgaris

1985 2863 2275 2936 quidquid
2306 2863 2413 2918 soli
2462 2881 2496 2918 a
2539 2865 2753 2919 Ferrea
2784 2865 2921 2935 (loci
2973 2881 3193 2920 nomen
3228 2869 3338 2933 est,
3370 2864 3543 2920 limes
3575 2881 3645 2919 eo

1984 2958 2248 3021 tempore
2273 2952 2567 3007 ditionum
2595 2955 2873 3009 Romanas
2901 2969 2967 3009 ac
2997 2953 3343 3026 Bulgaricaa)
3361 2969 3550 3025 usque
3568 2952 3645 3009 ad

1985 3041 2296 3097 Debeltum
2328 3047 2437 3110 est,
2471 3042 2630 3113 quod
2661 3048 2787 3097 tum
2820 3048 2945 3097 erat
2989 3043 3310 3099 desertum.
3348 3046 3491 3099 Eam
3520 3049 3641 3097 ter-

1984 3147 2110 3186 ram
2144 3130 2372 3203 Bulgari
2404 3133 2683 3202 Zagoram
2718 3132 3275 3188 denominaverunt.
3311 3134 3431 3189 Hoc
3460 3131 3638 3188 modo

222 3188 628 3292 ἀμετάϐλητον.
662 3188 737 3275 Ἡ.
759 3188 817 3273 δὲ
851 3188 1076 3294 βασιλὶς
1098 3188 1305 3293 ἱλαρῶς
1338 3215 1462 3271 λίαν
1492 3218 1593 3286 τὴν
1644 3215 1872 3272 ἱκετείαν

1984 3188 2578 3291 ιπιίνετεεῖθιιιεειῖ-ία
2635 3221 2841 3292 pietati
2893 3237 2955 3276 se
3012 3221 3191 3289 dedit,
3245 3227 3303 3277 et
3359 3222 3421 3276 in
3469 3221 3640 3277 Occi-

218 3309 565 3379 προσήκατο,
622 3305 713 3361 καὶ
774 3303 1002 3361 δέδωκεν
1073 3301 1280 3381 ἔρημον
1365 3303 1524 3360 οὖσαν
1577 3310 1873 3375 τηνικαῦτα

216 3398 315 3467 τήν
349 3396 457 3451 ἀπὸ
487 3402 585 3465 τῆς
614 3394 963 3469 καλουμένης
997 3392 1256 3466 Σιδηρᾶς,
1291 3395 1442 3468 ὃριον
1490 3394 1614 3451 τότε
1661 3395 1872 3473 τυγχά-

1986 3309 2162 3364 dente
2194 3309 2692 3379 tranquillissima
2719 3326 2834 3382 pax
2882 3310 2995 3365 fuit
3025 3327 3278 3382 veraque
3317 3311 3523 3383 religio
3552 3311 3639 3365 vi-

1984 3399 2130 3470 guit.

218 3506 417 3542 νουσαν
450 3484 741 3557 Ῥωμαίων
772 3505 830 3539 τε
893 3484 983 3538 καὶ
1049 3483 1404 3558 Βουλγάρων,
1464 3481 1599 3558 ἃχρι
1654 3488 1753 3549 τῆς
1812 3480 2101 3555 Δεϐελτοῦ,
2159 3486 2227 3555 ἢν
2278 3487 2330 3540 οἱ
2387 3485 2689 3562 Βούλγαροι
2740 3486 2990 3563 Ζαγορᾶγ
3047 3489 3155 3560 (35)
3213 3487 3633 3559 κατωνόμασαν.

221 3577 434 3632 Τοῦτον
467 3575 679 3629 οὖντὸν
714 3574 912 3648 τρόπον
945 3576 980 3643 ἡ
1037 3578 1179 3627 πᾶσα
1232 3574 1543 3648 Βουλγαρία
1600 3574 2032 3651 μετεῤῥυθμίσθη
2093 3576 2231 3649 πρὸς
2280 3572 2606 3642 θεοσέϐειαν,
2667 3577 2757 3631 καὶ
2816 3580 2851 3645 ἡ
2912 3575 3069 3638 Δύσις
3110 3576 3335 3650 εἰρήνης
3388 3577 3643 3649 καθαρω-

222 3666 391 3735 τάτης
420 3662 710 3719 ἀπέλαυσε.
745 3662 848 3719 Καὶ
878 3664 944 3717 τά
977 3662 1070 3736 μὶν
1101 3662 1237 3719 κατὰ
1265 3665 1364 3731 τήν
1400 3663 1659 3738 Ἑσπέραν
1692 3663 1877 3737 αἰθρία
1914 3666 2054 3739 εἶχε,
2086 3662 2177 3717 καὶ
2211 3662 2453 3736 σταθηρὰ
2483 3657 2729 3718 εὐσέϐεια
2769 3662 3138 3721 ἐπολιτεύετο.

297 3750 682 3827 Ἀγαλλομένη
743 3749 801 3806 δὲ
840 3754 874 3820 ἡ
920 3750 1136 3826 βασιλὶς
1197 3749 1284 3807 ἐπί
1343 3749 1419 3825 τῷ
1474 3750 1724 3827 γεγονότι
1777 3752 1867 3807 καὶ

220 3841 558 3915 τερπομένη,
590 3841 679 3896 καὶ
738 3842 857 3896 οἷον
917 3839 1218 3913 ἐπαυξῆσαι
1275 3842 1339 3896 τὸ
1399 3839 1567 3897 καλὸν
1628 3839 1866 3898 σπουδά-

225 3937 413 4000 ζουσα,
444 3930 573 3993 τοὺς
603 3931 739 3987 κατὰ
767 3930 866 3999 τὴν
903 3929 1199 4001 Ἀνατολὴν
1236 3931 1603 4006 Μανιχαίους,
1660 3932 1751 3994 οὓς
1802 3930 1869 4000 δὴ

221 4021 317 4075 καὶ
349 4019 752 4082 Παυλεκιάνους
774 4018 882 4076 ἀπὸ
911 4023 1022 4074 τῶν
1054 4021 1423 4097 αἱρεσιαρχῶν
1479 4022 1514 4088 ἡ
1564 4017 1872 4089 κοινολεξία

226 4108 349 4168 οἶδε
376 4109 589 4181 καλεῖν,
627 4115 946 4187 μεταγαγεῖν
1004 4106 1300 4165 ἐσπούδασε
1355 4109 1491 4184 πρὸς
1548 4104 1873 4181 θεοσέϐειαν,

224 4198 286 4272 ἤ,
320 4199 368 4255 εἷ’
402 4201 478 4273 μὴ
530 4202 716 4269 τοῦτο,
772 4197 953 4274 ἐξᾶραι
1009 4196 1212 4263 τελέως
1274 4197 1364 4253 καὶ
1422 4197 1514 4253 ἀπ’
1577 4198 1871 4271 ἀνθρώπων

222 4292 477 4355 ποιῆσαι.
511 4290 573 4342 '0
605 4286 672 4357 δὴ
707 4288 797 4344 καὶ
840 4286 1070 4344 πολλῶν
1126 4292 1420 4365 συμφορῶν
1465 4288 1564 4358 τὴν
1606 4286 1873 4361 οἰκουμέ-

2050 3754 2175 3818 Quo
2197 3768 2476 3808 successu
2498 3754 2764 3825 gaudens
2787 3771 2967 3825 seque
2984 3754 3291 3811 oblectans
3308 3753 3637 3828 Theodore,

1980 3846 2335 3914 tantumque
2378 3841 2602 3898 bonum
2653 3842 2833 3898 veluti
2884 3860 3098 3915 augere
3151 3845 3419 3916 cupiens,
3450 3842 3637 3897 Mani-

1981 3933 2201 3997 chaaos,
2234 3932 2335 4004 qui
2364 3949 2472 4003 per
2494 3933 2794 3988 Orientem
2826 3938 2965 3988 sunt
2984 3938 3043 3988 et
3061 3932 3230 4006 vulgo
3253 3933 3580 3989 Pauliciani
3605 3950 3641 3989 a

1982 4021 2356 4092 principibus
2388 4022 2634 4077 haeresis
2678 4028 3065 4094 usurpantur,
3100 4028 3203 4078 aut
3231 4022 3305 4079 ad
3332 4023 3636 4094 pietatem

1984 4109 2313 4178 traducere,
2372 4114 2475 4165 aut
2529 4109 2578 4164 si
2636 4109 2792 4165 hanc
2865 4110 3145 4181 amplecti
3213 4110 3634 4182 detrectarent,

1984 4199 2307 4271 exstirpare
2340 4204 2399 4253 et
2427 4215 2497 4254 ex
2517 4199 2825 4255 hominum
2848 4216 3096 4256 numero
3120 4199 3328 4257 tollere
3355 4199 3633 4255 instituit.

1985 4288 2124 4353 Quae
2172 4304 2269 4344 res
2328 4288 2554 4361 magnis
2610 4288 2817 4344 orbem
2859 4295 3154 4346 terrarum
3200 4287 3637 4345 calamitatibus

219 4398 324 4448 νην
357 4375 667 4446 ἐνέπλησεν.
703 4378 770 4436 Οἱ
802 4378 905 4456 γὰρ
938 4376 1023 4433 ἐπὶ
1058 4380 1140 4448 τῷ
1188 4378 1386 4450 πρᾶξαι
1438 4375 1500 4432 τὸ
1557 4377 1873 4452 πρόσταγμα

1984 4377 2139 4434 954
2163 4377 2447 4449 implevit.
2469 4378 2612 4432 Nam
2632 4378 2731 4448 qui
2755 4377 2829 4434 ad
2851 4394 2983 4434 eam
3005 4394 3131 4434 rem
3159 4378 3449 4451 agendam
3467 4376 3638 4433 missi

229 4465 624 4542 ἐκπεμφθέντες
684 4467 732 4539 (6
790 4470 888 4520 τοῦ
943 4466 1222 4541 Ἀργυροῦ
1278 4460 1335 4520 δὲ
1388 4468 1456 4535 ἦν
1515 4467 1663 4523 Λέων
1723 4465 1807 4521 καὶ
1849 4466 1877 4520 6

221 4558 328 4610 τοῦ
368 4557 547 4608 Δοῦκα
605 4549 919 4629 Ἀνδρόκος,
971 4554 1063 4609 καὶ
1095 4554 1123 4607 6
1157 4550 1453 4628 Σούδαλις)
1517 4554 1593 4626 μή
1644 4554 1875 4628 μετρίως

223 4640 358 4697 ἀλλ’
386 4642 590 4717 ἀγρίως
622 4646 704 4715 τῷ
734 4640 1065 4716 ἐπιτάγματι
1097 4642 1386 4720 χρώμενοι
1414 4641 1547 4706 τοὺς
1580 4644 1672 4716 μὲν
1694 4640 1880 4715 ξύλοις

221 4731 495 4806 ἀνήρτων,
521 4730 649 4793 τοὺς
681 4728 737 4786 δὲ
770 4732 908 4806 ξίφει
940 4727 1324 4806 παρεδίδοσαν,
1365 4728 1570 4793 ἄλλους
1593 4728 1651 4786 δὲ
1683 4728 1875 4788 ἄλλαις

221 4825 407 4875 κακῶν
442 4808 611 4884 ἰδέαις
646 4819 1026 4896 παρέπεμπον,
1076 4820 1167 4875 καὶ
1214 4819 1492 4881 ποικίλοις
1540 4820 1629 4875 καὶ
1676 4841 1879 4876 παντο-

223 4907 422 4972 δαποῖς
451 4910 732 4966 κολάσεων
763 4909 988 4985 τρόποις
1042 4911 1114 4972 ὡς
1172 4907 1298 4965 δέκα
1355 4906 1618 4985 μυριάδας
1666 4908 1875 4986 ἀνδρῶν

225 4998 517 5055 ἀπώλεσαν
545 5000 764 5062 καὶτὰς
810 4999 1060 5075 ὑπάρξεις
1109 4998 1287 5053 αὐτῶν
1331 4996 1746 5071 ἐδημοσίευσαν,
1803 5001 1877 5063 ὡς

217 5086 463 5144 ἐντεύθεν
538 5088 602 5144 τὸ
679 5088 877 5144 λοιπὸν
951 5088 1352 5164 ἐπαναγκασθέν
1454 5088 1669 5159 πλῆθος
1744 5091 1879 5164 πρὸς

221 5177 558 5232 ἀποστασίαν
587 5174 823 5232 ἀπιδεῖν.
851 5178 915 5233 Ἣ
966 5174 1025 5231 δὲ
1074 5177 1222 5251 ἀρχή
1268 5182 1369 5245 τῆς
1418 5177 1744 5239 ἀποστασίας
1794 5179 1874 5251 γέ-

221 5285 358 5342 γονε
386 5271 577 5321 τοῦτον
609 5265 700 5320 τὸν
731 5266 958 5340 τρόπον.
994 5265 1341 5339 Ἐστρατήγει
1371 5268 1477 5319 τῶν
1512 5265 1877 5323 ’Λνατολικῶν

1985 4466 2248 4533 fuerunt,
2280 4467 2394 4521 Leo
2425 4466 2632 4539 Argyri
2664 4472 2723 4522 et
2750 4467 3127 4524 Andronicus
3158 4469 3331 4524 Ducaa
3387 4467 3542 4522 illius
3572 4482 3641 4522 ac

1988 4554 2238 4617 Sudalis,
2271 4572 2394 4610 non
2418 4554 2723 4611 moderate
2746 4557 2850 4612 sed
2873 4557 3191 4613 crudeliter
3209 4557 3516 4630 negotium
3540 4571 3640 4629 ag-

1987 4645 2195 4716 gressi,
2218 4644 2677 4700 Manichmorum
2701 4644 2848 4701 alios
2870 4646 2931 4700 in
2963 4663 3168 4703 cruces
3189 4646 3463 4720 agebant,
3489 4644 3641 4701 alios

1988 4735 2198 4807 gladiis
2211 4734 2537 4801 caedebant,
2553 4734 2702 4791 alios
2714 4735 3132 4808 aliis,quorum
3148 4739 3465 4793 innumera
3479 4735 3640 4791 adhi-

1988 4822 2208 4879 hebant
2226 4840 2460 4896 genera.
2479 4824 2785 4895 suppliciis
2810 4824 3093 4881 tollebant
3110 4843 3140 4881 θ
3160 4826 3637 4882 medio.Centum

1988 4913 2301 4968 hominum
2322 4912 2514 4967 millia
2531 4928 2599 4967 ea
2621 4914 2848 4968 ratione
2868 4911 3638 4986 interfecerunt,publicatis

1991 5019 2196 5058 eorum
2226 5001 2418 5057 bonis.
2452 5002 2655 5073 Itaque
2676 5002 2908 5074 reliqua
2938 5004 3251 5060 multitudo
3284 5000 3637 5058 necessitate

1990 5092 2073 5147 ita
2099 5095 2340 5162 urgente
2364 5089 2435 5145 ad
2469 5088 2861 5146 defectionem
2894 5093 3196 5165 spectavit.
3220 5091 3360 5163 Ejus
3386 5089 3501 5145 tale
3527 5088 3641 5145 fuit

1989 5180 2246 5235 initium.
2281 5177 2577 5233 Theodoto
2610 5179 2920 5235 Melisseno
2944 5180 3331 5236 Orientalium
3361 5178 3639 5251 praefecto

1990 5267 2350 5324 inserviebat
2422 5266 2675 5322 Carbeas
2752 5268 3017 5339 quidam,
3102 5266 3644 5340 protomandatoris

1442 5390 1802 5478 XYLA-ivnai
1841 5424 1928 5479 ET
1966 5422 2183 5480 coam
2210 5422 2432 5477 NOTAE.

298 5566 414 5639 (35)
445 5568 692 5639 Mysiam
726 5566 1076 5622 inferiorem
1108 5564 1182 5620 ad
1213 5566 1481 5621 Haemum
1512 5570 1800 5635 montem,
1833 5566 2002 5639 cujus
2028 5569 2254 5622 tractus
2301 5562 2373 5619 ab
2423 5564 2637 5621 incolis
2679 5565 2857 5622 etiam
2900 5566 3142 5639 Zagoria
3178 5570 3437 5622 vocatur.
3481 5564 3646 5620 Idem

220 5637 412 5693 habet
441 5637 715 5696 zonaras.
762 5639 939 5694 Gou.
