4054 6286
490 388 650 448 1039

1855 380 2171 442 GEORGII
2216 380 2556 442 CEDRENI

3733 390 3864 451 1040

491 521 753 576 ofﬁcium
784 536 1017 592 gerens,
1055 519 1413 574 Manichaaus
1446 522 1625 574 secta.
1655 519 1710 573 Is
1741 533 1874 572 cum
1907 517 2141 572 inaudi-

2259 512 2518 578 Θεόδοτος
2557 517 2586 569 ὁ
2619 514 3002 585 Μελισσηνὸς,
3038 515 3293 590 ὑπηρέτει
3347 514 3402 571 δὲ
3437 518 3611 591 τούτῳ
3652 522 3739 589 τήν
3783 529 3862 578 τοῦ

491 611 670 664 visset
699 615 928 680 patrem
953 625 1126 663 suum
1160 609 1221 662 in
1252 609 1449 679 palum
1479 614 1677 663 actum
1710 607 1888 678 idque
1917 607 2146 661 facinus

493 698 868 768 iniquissime
901 699 1101 764 ferret,
1135 697 1418 770 profugus
1451 715 1584 752 cum
1630 699 1665 750 5
1690 696 1955 751 millibus
1987 695 2142 766 ejus-

492 786 627 841 dem
659 804 860 843 secum
895 787 1202 860 religionis
1245 787 1319 842 ad
1350 789 1621 842 Amerem
1654 787 1810 840 venit
1857 785 2147 845 Melitenaa

489 891 775 944 ameram,
810 881 988 946 atque
1022 876 1094 930 ab
1126 876 1236 930 hoc
1285 875 1358 930 ad
1391 889 1887 929 amermumnem.
1924 872 2000 925 Ab
2034 871 2147 925 hoc

486 965 818 1021 honorifice
849 972 1146 1036 acceptus,
1172 965 1427 1036 dataque
1452 971 1510 1020 et
1535 970 1775 1035 accepta
1808 963 1944 1030 ﬁde,
1971 961 2144 1034 paulo

486 1061 623 1126 post
652 1059 1056 1111 Romanorum
1088 1055 1374 1109 ditionem
1425 1053 1669 1119 invadit,
1707 1057 1763 1107 et
1791 1052 1969 1107 urbes
2002 1067 2145 1105 con-

489 1145 594 1211 dit,
621 1162 873 1215 quarum
896 1144 1141 1198 nomina
1161 1147 1500 1215 Argaunum
1526 1149 1584 1198 et
1605 1145 1820 1196 Amara
1845 1159 1857 1208 ;
1886 1157 2145 1210 cumque

490 1251 574 1288 eae
607 1233 918 1288 hominum
950 1232 1332 1288 multitudine
1363 1237 1549 1287 auctae
1577 1237 1796 1296 essent,
1831 1231 2052 1284 sensim
2077 1246 2146 1282 eo

492 1322 930 1376 confluentibus
959 1321 1295 1375 Manichaais
1320 1321 1420 1390 qui
1445 1337 1506 1374 se
1530 1321 1604 1374 ob
1636 1326 1862 1374 metum
1885 1317 2148 1373 occulta-

488 1416 715 1477 verant,
763 1410 990 1464 duabus
1043 1409 1291 1463 urbibus
1341 1414 1742 1480 erumpentes,
1797 1412 1856 1462 et
1902 1423 1962 1461 se
2013 1423 2148 1460 cum

493 1498 755 1554 nomine.
791 1497 888 1551 His
920 1514 993 1551 ex
1038 1497 1284 1551 urbibus
1337 1501 1742 1567 erumpentes,
1791 1501 1848 1550 et
1901 1512 1962 1549 se
2013 1511 2146 1548 cum

490 1605 692 1644 amera
722 1587 1012 1642 Melitenaa
1057 1589 1269 1642 Amere
1320 1593 1377 1641 et
1425 1588 1616 1642 Alimo
1667 1587 1831 1640 Tarsi
1872 1585 2148 1657 praefecto

490 1678 945 1750 conjungentes,
963 1677 1190 1732 nullam
1223 1680 1624 1732 Romanorum
1649 1676 1934 1730 ditionem
1959 1675 2149 1729 incur-

493 1767 761 1822 sionibus
811 1783 878 1821 ac
927 1767 1077 1823 955
1132 1766 1621 1837 populationibus
1670 1765 1918 1820 vexandi
1960 1765 2146 1818 inter-

2256 609 2790 682 πρωτομανθάτορος
2832 610 2946 680 (36)
2977 604 3210 681 πληρῶν
3264 608 3438 683 ἀρχὴν
3491 609 3621 684 ἀνήρ
3667 631 3740 675 τις
3779 617 3858 682 τὴν

2256 693 2451 762 κλῆσιν
2505 689 2772 769 Καρϐέας,
2831 699 2899 769 τῇ
2961 697 3138 750 πίστει
3196 701 3304 750 τῶν
3363 698 3672 772 Μανιχαίων
3719 703 3858 757 κατά-

2259 801 2481 856 σχετος.
2544 783 2717 844 Οὗτος
2769 783 2859 838 τὸν
2917 785 3110 838 ἑαυτοῦ
3190 784 3393 860 πατέρα
3449 785 3855 845 ἀνεσκολοπίσθαι

2261 872 2470 943 μαθὼν,
2530 871 2618 925 καὶ
2678 872 2812 946 πέρα
2866 870 3042 927 δεινοῦ
3099 875 3162 928 τὸ
3221 875 3458 949 πραχθὲν
3528 877 3851 952 ἡγησάμενος,

2258 961 2427 1036 φυγάς
2458 961 2593 1032 μετὰ
2651 961 2740 1015 καὶ
2799 961 2997 1036 ἑτέρων
3065 963 3383 1035 ὁμοπίστων
3441 965 3850 1040 πεντακισχιλίων

2257 1050 2392 1123 πρὸς
2449 1057 2662 1124 ’Λμερα
2721 1053 2834 1124 (37)
2892 1052 3245 1127 παραγίνεται
3296 1054 3386 1108 τὸν
3437 1057 3533 1122 τῆς
3580 1055 3848 1127 Μελιτηνῆς

2256 1139 2500 1213 ἀμηρᾶν,
2567 1141 2812 1195 κάκέῖθεν
2880 1143 3016 1212 πρὸς
3107 1143 3197 1196 τὸν
3295 1143 3700 1217 ἀμερμουμνῆν.
3753 1137 3850 1220 Παῤ

2259 1228 2461 1282 ἐκείνου
2521 1227 2576 1284 δὲ
2646 1231 2778 1302 μετά
2835 1230 3055 1300 πολλῆς
3121 1229 3513 1307 ἀποδεχθέντες
3567 1241 3740 1305 τιμῆς,
3786 1235 3852 1289 καὶ

2261 1314 2464 1393 λόγους
2497 1317 2789 1395 ἀσφαλείας
2819 1321 2905 1374 καὶ
2957 1317 3140 1383 δόντες
3187 1322 3274 1374 καὶ
3331 1317 3610 1391 λαϐόντες,
3654 1321 3856 1396 ἐῇρχον-

2259 1425 2346 1459 ται
2411 1413 2524 1478 μετ’
2585 1409 2646 1462 οὗ
2705 1406 2850 1462 πολὺ
2910 1409 3046 1463 κατά
3095 1416 3198 1479 τῆς
3254 1414 3360 1464 τῶν
3437 1411 3711 1484 Ῥωμαίων
3758 1418 3853 1487 γῆς,

2261 1494 2454 1557 πόλεις
2487 1517 2546 1551 τε
2590 1497 2822 1570 ἤρξαντο
2871 1497 3071 1567 κτίζειν
3125 1499 3223 1566 τήν
3280 1500 3541 1573 Ἀργαοῦν
3599 1498 3854 1573 λεγομένην

2259 1586 2346 1638 καὶ
2378 1586 2481 1653 τὴν
2514 1590 2781 1660 Ἀμαραν.
2827 1586 2929 1643 Καὶ
2973 1586 3087 1641 ἐπεὶ
3120 1588 3258 1661 πρὸς
3311 1585 3670 1659 πολυανδρίαν
3715 1587 3854 1643 ἐπεδί-

2260 1670 2418 1728 δοσαν
2452 1673 2533 1728 ἀεῗ
2568 1674 2903 1751 συρρεόντων
2933 1680 3040 1730 τῶν
3073 1673 3162 1730 διά
3208 1677 3301 1731 τὸν
3353 1673 3522 1754 φόϐον
3564 1679 3852 1752 ἀποκεκρυμ-

2263 1771 2435 1836 μένων
2511 1765 2853 1840 Μανιχαίων,
2938 1763 3264 1842 προσέθεσαν
3333 1772 3456 1830 ταῖς
3514 1765 3626 1822 δυσὶ
3677 1769 3848 1828 ταύταις

493 1855 837 1910 missionem
897 1853 1188 1909 fecerunt.
1247 1854 1357 1908 Sed
1417 1854 1645 1908 Alimus
1705 1853 1766 1907 in
1825 1851 2144 1922 quamdam

2259 1851 2451 1907 πόλεσι
2518 1855 2605 1908 καὶ
2673 1853 2892 1928 τρίτην,
2979 1856 3045 1924 ἦν
3135 1858 3404 1933 Τεφρικῆν
3495 1858 3847 1929 κατωνόμασαν.

493 1944 907 1999 Armeniorum
933 1944 1235 2015 regionem
1260 1943 1560 2014 profectus
1583 1959 1717 1997 cum
1751 1958 1854 1996 suo
1890 1941 2150 1995 exercitu

494 2032 574 2086 ibi
608 2032 804 2103 periit.
840 2032 906 2087 Et
937 2035 1114 2086 Amer
1163 2032 1317 2086 civili
1366 2031 1520 2086 bello
1563 2031 1924 2102 implicatus,
1957 2029 2151 2085 rebel-

492 2121 656 2177 lante
689 2122 742 2176 ei
770 2121 1016 2194 collega,
1049 2122 1149 2192 qui
1182 2122 1386 2188 Scleri,
1421 2121 1482 2175 id
1513 2126 1602 2176 est
1633 2121 1796 2188 Duri,
1821 2119 2152 2191 appellaba-

494 2215 612 2278 tur,
646 2216 875 2265 tantum
908 2227 1043 2265 cum
1091 2211 1215 2264 suis
1264 2209 1474 2264 habuit
1516 2209 1862 2279 aliquandiu
1905 2208 2148 2280 negotii,

495 2305 560 2353 ut
591 2305 834 2354 externo
867 2299 1022 2353 bello
1054 2315 1259 2354 vacare
1284 2300 1578 2369 nequiret.
1601 2301 1917 2368 Postquam
1951 2304 2150 2352 autem

494 2387 830 2442 adversario
889 2393 1166 2458 superato
1232 2388 1417 2442 otium
1477 2392 1685 2442 nactus
1743 2387 1872 2451 fuit,
1935 2385 2150 2454 quietis

493 2476 763 2546 alioquin
784 2476 962 2530 homo
991 2475 1311 2547 impatiens
1333 2493 1466 2530 cum
1485 2475 1707 2530 Carbea
1728 2491 1789 2529 se
1817 2475 2147 2545 conjunxit,

493 2581 824 2635 omnesque
854 2565 1058 2636 copias
1090 2565 1152 2619 in
1186 2567 1481 2620 Romanos
1525 2563 1711 2616 duxit.
1746 2564 1962 2616 Contra
1992 2563 2148 2617 hunc

501 2653 928 2724 expeditionem
951 2654 1088 2707 fecit
1112 2655 1397 2708 Petronas
1421 2657 1698 2724 Augustae
1722 2651 1922 2718 frater,
1944 2650 2152 2706 dome-

494 2741 624 2796 stici
657 2741 993 2798 scholarum
1045 2758 1262 2797 munus
1309 2758 1544 2813 gerens,
1580 2739 1736 2810 quod
1789 2740 1861 2794 ad
1904 2741 2148 2795 fratrem

494 2835 624 2906 ejus
683 2839 825 2888 natu
881 2832 1170 2902 majorem
1232 2831 1481 2887 Bardam
1540 2830 1898 2902 pertinebat,
1961 2830 2064 2885 sed
2113 2847 2148 2885 a

494 2924 750 2978 Petrona
780 2921 1328 2988 administrabatur,
1354 2937 1487 2976 cum
1519 2919 1738 2975 Bardas
1770 2920 2147 2991 imperatoris

492 3011 691 3066 tutelaa
715 3010 978 3065 intentus
1011 3011 1062 3066 ei
1094 3027 1348 3082 przeesse
1384 3010 1675 3080 nequiret.
1701 3011 1755 3063 Is
1787 3024 1922 3079 ergo
1950 3010 2147 3063 Petro-

493 3118 602 3156 nas
633 3101 1062 3156 Thracensium
1094 3100 1304 3155 ductor
1352 3099 1576 3155 bellum
1627 3104 1834 3153 contra
1875 3106 2149 3153 Amerem

494 3190 558 3244 dt
589 3190 873 3245 Carbeam
925 3189 1125 3262 gessit.
1176 3188 1480 3254 Quomodo
1533 3205 1744 3242 manus
1795 3204 1927 3241 cum
1984 3188 2148 3242 hoste

496 3279 837 3346 contulerit,
872 3278 1132 3348 quidque
1165 3278 1371 3349 egerit,
1405 3294 1510 3331 suo
1544 3276 1669 3332 loco
1699 3276 1989 3333 dicemus.

2267 1944 2346 2015 [P.
2382 1943 2508 2010 542]
2540 1945 2625 2015 Ἐξ
2667 1944 2739 1997 ὧν
2793 1945 3114 2019 ὁρμώμενοι
3169 1945 3257 1999 καὶ
3303 1950 3382 2017 τῷ
3439 1952 3538 2014 τῆς
3586 1945 3848 2015 Μελιτηγῆς

2265 2032 2452 2106 ἁμηρᾷ
2511 2033 2938 2106 συμμιγνύμενοι
3007 2039 3208 2108 ’Ἃμερι
3260 2034 3350 2088 καὶ
3421 2034 3616 2107 Ἀλεὶμ
3665 2040 3733 2106 τῷ
3776 2041 3847 2101 τῆς

2267 2122 2506 2195 Ταρσοῦ,
2541 2121 2641 2175 οὐκ
2697 2117 2900 2195 ἔληγον
2958 2119 3192 2199 ἀφειδῶς
3252 2125 3349 2190 τήν
3405 2124 3681 2196 Ῥωμαίων
3728 2143 3849 2176 κατα-

2269 2211 2559 2284 τρέχοντες
2587 2210 2675 2264 καί
2709 2207 3102 2282 λυμαινόμενοι
3151 2217 3273 2286 γῆν.
3325 2209 3490 2268 Ἀλλ’
3517 2212 3543 2266 ὁ
3577 2213 3663 2284 μὲν
3698 2205 3853 2282 Ἀλεὲμ

2265 2293 2316 2352 ἔν
2343 2321 2447 2353 τινι
2478 2304 2586 2354 τῶν
2620 2299 2916 2374 Ἀρμενίων
2951 2301 3110 2374 χώρᾳ
3171 2303 3303 2372 μετά
3350 2305 3451 2354 τοῦ
3495 2301 3684 2355 οἰκείου
3731 2319 3847 2372 στρα-

2261 2392 2358 2442 τοῦ
2390 2387 2643 2452 ἀπελθὼν
2673 2389 2764 2443 τὸν
2799 2387 2914 2463 βίον
2961 2389 3220 2444 κατέλυσε
3280 2391 3372 2443 σὺν
3428 2391 3580 2446 παντὶ
3633 2391 3702 2462 τῷ
3742 2389 3847 2459 αὐτῷ

2263 2476 2516 2550 έπομένῳ
2560 2477 2939 2553 στρατεύματι.
2996 2478 3097 2535 Καὶ
3155 2480 3182 2532 ὁ
3231 2480 3408 2553 Ἀμερ
3457 2477 3513 2534 δὲ
3557 2481 3680 2553 πρὸς
3719 2478 3846 2554 luei-

2263 2563 2383 2620 λιον
2417 2565 2666 2639 ἓμπεσὼν
2699 2568 2884 2622 στάσιν
2943 2567 3038 2621 τοῦ
3099 2568 3472 2646 συνάρχοντος
3522 2569 3656 2640 αὐτῷ
3695 2566 3844 2621 Emu-

2263 2655 2488 2716 στάντος
2541 2656 2590 2722 (ὁ
2627 2659 2726 2710 τοῦ
2767 2654 3024 2730 Σκληροῦ
3083 2657 3240 2718 οὗτος
3299 2655 3543 2732 ἔλέγετο)
3589 2657 3710 2730 πρὸς
3753 2653 3844 2714 τοὺς

2263 2741 2496 2803 οἰκείους
2557 2743 2680 2816 εἶχε
2735 2743 2827 2795 τὸν
2886 2746 3010 2795 νοῦν
3067 2742 3157 2796 καὶ
3219 2739 3426 2816 ἑτέροις
3494 2740 3731 2815 πολεμεῖν
3773 2741 3846 2794 οὐκ

2262 2829 2534 2905 ηὐκαίρει,
2573 2829 2771 2905 μέχρις
2811 2828 2869 2885 ἄν
2910 2831 3000 2885 τὸν
3061 2829 3354 2885 ἀντίπαλον
3400 2830 3846 2905 καταγωνισάμενος

2260 2916 2444 2981 ἀδείας
2477 2914 2659 2997 ἔτυχέ.
2695 2920 2835 2976 Τότε
2867 2921 2969 2995 γὰρ
3001 2919 3304 2994 ἐκεχειρίαν
3335 2916 3547 2991 λαϐὼν,
3576 2920 3657 2974 καὶ
3704 2915 3846 2976 ἄλλως

2263 3008 2364 3062 οὐκ
2396 3005 2555 3068 εἷ’δὼς
2587 3009 2838 3081 ἠρεμεῖν,
2899 3012 2978 3080 τῷ
3037 3004 3248 3082 Καρϐέᾳ
3303 3030 3361 3063 τε
3421 3011 3589 3078 ἣνωτο
3631 3009 3705 3062 καί
3745 3003 3844 3059 κατὰ

2263 3097 2552 3169 Ῥωμαίων
2587 3093 2748 3166 ἔξεισι
2805 3095 3150 3169 παμπληθεῖ.
3204 3097 3622 3172 Ἀντιστρατεῦει
3669 3092 3716 3148 δὲ
3760 3091 3846 3146 κατ’

2263 3183 2440 3240 αὐτῶν
2472 3185 2499 3239 ὁ
2531 3191 2632 3252 τῆς
2668 3182 2950 3258 βασιλίδος
3012 3182 3245 3264 ἀδελφὸς
3307 3189 3607 3260 Ηετρωνᾶς,
3661 3184 3742 3250 τὴν
3774 3183 3845 3234 τοῦ

2264 3271 2589 3346 δομεστίκου
2616 3280 2723 3329 τῶν
2757 3274 2978 3349 σχολῶν
3014 3275 3191 3350 ἀρχὴν
3227 3272 3476 3345 διοικῶν,
3511 3275 3652 3348 λόγῳ
3692 3272 3766 3343 μὲν
3788 3272 3845 3337 τῷ

497 3359 853 3438 πρεσϐυτέρῳ
905 3363 1067 3416 αὐτοῦ
1125 3360 1346 3439 ἀδελφῷ
1397 3365 1745 3435 προοήουσαν
1806 3359 2004 3434 Βάρδᾳ,
2072 3358 2217 3438 ἔργῳ
2276 3360 2331 3417 δὲ
2398 3363 2526 3436 παρ’
2584 3363 2749 3417 αὐτοῦ
2805 3360 3188 3436 διοικουμένην
3240 3368 3320 3435 τῷ
3377 3367 3453 3437 μή
3512 3363 3693 3418 ἐκεῖνον
3741 3378 3840 3432 σχο-

497 3452 702 3522 λάζειν,
736 3450 883 3506 ἀλλά
911 3450 1030 3526 περὶ
1064 3452 1162 3519 τήν
1193 3450 1493 3524 ἐπιτροπὴν
1541 3455 1638 3505 τοῦ
1693 3449 1961 3523 βασιλεως
2010 3453 2298 3526 προσέχειν
2354 3453 2445 3505 τὸν
2495 3455 2642 3505 νοῦν.
2702 3449 2872 3512 Οὗτος
2930 3451 3111 3506 τοίνυν
3172 3453 3199 3506 ὁ
3257 3457 3541 3527 Πετρωνᾶς
3593 3445 3834 3524 στρατηγὸς

492 3541 786 3618 τυγχάνων
817 3545 925 3596 τῶν
985 3538 1305 3614 Θρᾳκησίων
1365 3543 1475 3613 (38)
1532 3539 2040 3615 ἀντιπαρατάττεται
2094 3541 2229 3594 κατὰ
2282 3561 2340 3594 τε
2397 3541 2572 3614 ’Λμερ
2637 3539 2726 3594 καὶ
2784 3539 2880 3595 τοῦ
2939 3536 3168 3617 Καρϐέα.
3228 3542 3422 3605 Ὅπως
3481 3539 3536 3596 δὲ
3591 3536 3834 3599 συνεπλάκη

491 3631 582 3702 καὶ
614 3631 703 3684 οἶα
733 3624 942 3705 ἔδρασε,
973 3629 1108 3684 κατά
1137 3628 1228 3683 τὸν
1253 3628 1452 3683 οἰκεῖον
1481 3628 1646 3683 τόπον
1681 3631 1715 3697 ἡ
1749 3627 1962 3704 ἱστορία
1995 3625 2256 3698 δηλωσει.

563 3724 800 3776 Interea
829 3721 1178 3776 Michaelum
1203 3721 1330 3792 jam
1363 3737 1432 3774 ex
1477 3719 1721 3791 ephebis
1754 3736 2056 3790 egressum
2091 3725 2148 3774 et
2178 3722 2219 3787 C

439 3824 444 3831 '
493 3811 566 3867 ad
597 3811 829 3865 virilem
860 3814 1096 3865 aetatem
1129 3809 1512 3864 accedentem
1561 3808 1854 3879 cupiditas
1903 3809 2148 3863 incessit

493 3915 694 3953 rerum
728 3915 834 3952 sua
879 3898 1067 3968 ipsius
1111 3897 1407 3952 industria
1452 3896 1860 3969 gerendarum,
1896 3898 2152 3952 maxime

498 3988 572 4042 ad
597 3988 708 4041 hoc
730 3987 1049 4057 instigante
1064 3986 1252 4041 Barda
1265 3986 1551 4041 avunculo
1570 3986 1755 4056 ipsius
1777 3991 1837 4040 et
1858 3991 2149 4042 curatore.

497 4077 552 4130 Is
586 4075 744 4131 enim
777 4075 1109 4146 imperandi
1140 4091 1341 4130 amore
1392 4075 1647 4146 flagrans
1680 4075 1740 4128 in
1789 4091 1919 4129 eam
1961 4076 2153 4130 solum

495 4182 622 4219 rem
673 4181 848 4219 omne
899 4164 1161 4219 studium
1220 4164 1566 4219 collocabat.
1611 4165 1766 4220 956
1817 4165 1923 4218 Res
1974 4165 2151 4236 paulo

494 4254 670 4310 altius
700 4253 1026 4324 repetenda
1058 4259 1165 4318 est,
1201 4259 1264 4308 ut
1295 4253 1500 4308 lectori
1545 4253 1780 4324 planior
1811 4253 1930 4306 ﬁat.
1964 4256 2152 4306 Inter-

492 4348 735 4397 venerat
765 4342 990 4412 aliquid
1023 4341 1333 4397 discordiae
1366 4343 1636 4396 Manuelo
1682 4358 1817 4396 cum
1852 4341 2151 4411 logotheta

493 4435 846 4498 Theoctisto,
881 4435 982 4505 qui
1033 4439 1092 4488 et
1138 4435 1251 4506 ipsi
1300 4435 1676 4506 imperatoris
1717 4439 1886 4488 erant
1924 4438 2148 4489 tutores

495 4525 673 4596 inque
706 4524 838 4580 aula
871 4523 1179 4596 degebant.
1213 4527 1295 4578 Ex
1326 4541 1396 4580 ea
1439 4524 1744 4579 Manuelus
1793 4541 1927 4579 cum
1960 4525 2146 4596 maje-

496 4615 664 4668 statis
695 4613 920 4668 crimen
945 4613 1312 4681 incurrisset,
1338 4613 1619 4668 invidiam
1645 4619 1916 4668 metuens
1943 4613 2148 4668 statuit

496 4707 660 4756 extra
689 4700 972 4772 palatium
1001 4703 1176 4758 vitam
1207 4720 1378 4774 agere
1421 4708 1478 4756 et
1527 4701 1968 4756 continentibus
2000 4719 2143 4756 con-

489 4789 791 4863 gressibus
866 4796 1041 4862 atque
1120 4790 1738 4847 administrationibus
1810 4807 2010 4845 rerum
2081 4808 2140 4845 se

489 4880 810 4935 abstinere.
846 4882 1098 4936 Domum
1150 4881 1348 4950 itaque
1401 4897 1569 4936 suam
1620 4896 1681 4934 se
1727 4879 1976 4944 confert,
2010 4896 2140 4948 qua:

489 4975 617 5026 erat
646 4969 719 5024 ad
750 4971 992 5042 Asparis
1019 4971 1337 5025 cisternam
1365 4987 1378 5024 :
1413 4987 1591 5040 quam
1639 4973 1846 5040 postea
1894 4969 1956 5024 in
1999 4969 2136 5023 reli-

489 5060 666 5131 giosas
716 5059 928 5115 domus
975 5059 1229 5114 formam
1279 5059 1523 5132 redegit,
1575 5059 1993 5131 pulveremque
2054 5058 2134 5112 ibi
2165 5081 2211 5146 Ι)

489 5149 783 5221 deposuit.
815 5149 959 5204 Inde
981 5149 1213 5220 quoties
1235 5165 1329 5204 res
1361 5149 1706 5220 postularet,
1732 5149 1805 5203 ad
1827 5148 2136 5204 tractanda

2329 3719 2386 3771 Ὀ
2419 3716 2676 3792 βασιλεὺς
2707 3717 2764 3773 δὲ
2806 3716 3042 3793 Μιχαήλ
3101 3716 3210 3790 ἤδη
3269 3722 3370 3789 τήν
3413 3715 3656 3787 παιδικὴν
3707 3732 3832 3785 παρα·

2267 3809 2464 3882 μείψας
2492 3809 2582 3864 καὶ
2613 3815 2714 3878 τῆς
2743 3807 3006 3883 ἀνδρικῆς
3033 3809 3342 3882 ἁπτόμενος
3402 3809 3614 3879 ἡλικίας
3653 3804 3833 3878 ἱμείρετο

2261 3903 2366 3952 τῶν
2409 3899 2745 3973 πραγμάτων
2804 3895 2875 3952 δι’
2936 3899 3127 3953 ἑαυτοῦ
3195 3897 3536 3974 ἀντέχεσθαι,
3585 3889 3832 3969 παραθηγά

2265 4009 2427 4060 μενος
2460 3987 2536 4051 εἷς
2561 3991 2728 4043 τοῦτα
2759 3987 2904 4062 παρά
2933 3993 3031 4042 τοῦ
3061 3987 3358 4063 ἐπιτρόπου
3399 3989 3488 4044 καὶ
3534 3986 3663 4051 θείου
3706 3976 3834 4053 Βάρδι

2260 4081 2356 4131 τοῦ
2386 4083 2484 4145 τῆς
2519 4073 2801 4151 βασιλίδος
2827 4073 3086 4153 ἀδελφοῦ·
3124 4075 3287 4139 οὗτος
3317 4078 3422 4153 γὰρ
3469 4077 3635 4152 ’ἐρωτα
3661 4070 3830 4144 περικαῆ
3917 4141 3919 4143 ι

2260 4173 2359 4234 τῆς
2416 4164 2697 4240 βασιλείας
2756 4163 3010 4243 ἐσχηκὼς
3069 4162 3220 4220 οὐδὲν
3277 4164 3420 4220 ἄλλο
3477 4158 3832 4240 ἐπραγματεύετο
3915 4197 3917 4215 ι

2258 4251 2384 4306 ἀλλ’
2417 4252 2484 4320 ἤν
2514 4253 2580 4306 τὰ
2634 4253 2771 4326 πρὸς
2827 4251 2888 4304 τὸ
2946 4249 3393 4324 σπουδαζόμενον
3453 4245 3829 4320 συμϐαλλόμενπο
3913 4259 3915 4287 ι

2267 4336 2524 4394 Αλλ”ίνα
2581 4339 2902 4415 σαφέστερον
2960 4340 3052 4392 τὸν
3107 4338 3270 4414 λόγον
3326 4345 3447 4401 τοῖς
3503 4332 3820 4409 ἐντυγχάνουσι
3909 4333 3913 4431 l'

2258 4429 2536 4500 θήσωμεν,
2598 4425 2934 4501 πορῥωτέρω
2993 4431 3183 4481 τοῦτον
3282 4427 3587 4503 ἀγάγωμεν.
3649 4420 3827 4503 Ἐγένετο
3907 4449 3909 4503 Ι

2255 4514 2321 4586 δὴ
2350 4522 2428 4589 τῷ
2461 4516 2720 4585 Μανουὴλ
2752 4517 2888 4592 πρὸς
2928 4518 3020 4571 τὸν
3071 4516 3372 4594 λογοθέτην
3424 4518 3732 4572 Θεόκτιστον,
3768 4501 3826 4557 καὶ
3905 4539 3907 4575 ι

2252 4606 2437 4668 αὐτοῖς
2500 4605 2816 4681 ἐπιτρόποις
2887 4607 3004 4660 οὗσι
3056 4611 3154 4660 τοῦ
3217 4605 3484 4682 βασιλέως
3537 4603 3620 4659 καί
3685 4598 3747 4656 είς
3783 4591 3825 4644 τά
3903 4599 3905 4645 ι

2252 4695 2514 4771 ἀνάκτορα
2577 4694 2980 4769 διαιτωμένοις,
3033 4693 3265 4770 διαφορά
3312 4718 3420 4766 τις,
3451 4693 3487 4764 ἤ
3518 4687 3824 4756 καθοσιώσεως
3899 4705 3903 4789 Ιι

2589 4780 2777 4789 -..,.-
2894 4784 3042 4789 ,η
3214 4785 3242 4789 ,_
3337 4786 3354 4789 _
3558 4784 3576 4789 _
3735 4772 3767 4789 ,ς

2248 4783 2554 4861 ἐγκλήματι
2587 4780 2826 4839 ὄπὲὅαλε
2855 4784 2946 4838 τὸν
2996 4785 3282 4856 Μανουήλ·
3335 4786 3465 4859 ὅπερ
3520 4784 3665 4840 οὗτος
3707 4772 3823 4829 εὖλν
3897 4807 3899 4861 ι

2249 4858 2538 4947 ϐοόμενος,
2573 4870 2766 4936 δεδιὼς
2800 4869 2859 4928 δὲ
2891 4874 3099 4929 καὶτὸν
3156 4874 3374 4948 φθόνον,
3420 4858 3568 4946 ᾠήθη
3621 4865 3706 4938 ἔξω
3744 4858 3818 4914 δεῖν
3893 4879 3897 4948 Il

2244 4969 2342 5019 τοῦ
2372 4961 2641 5018 παλατίου
2689 4963 2933 5038 γενέσθαι
2995 4963 3085 5017 καὶ
3137 4968 3248 5018 τῶν
3307 4967 3544 5037 συνεχῶν
3584 4957 3815 5016 ἀποστῆναί
3889 4941 3895 5038 Il

2245 5051 2483 5126 ὁμιλιῶν
2513 5073 2571 5107 τε
2599 5051 2690 5106 καὶ
2724 5049 3068 5122 διοικήσεων.
3105 5053 3323 5108 Κάτεισι
3353 5056 3478 5124 γοῦν
3502 5048 3576 5110 εἰς
3600 5046 3677 5101 τὸν
3705 5041 3814 5094 οἷκον

2252 5142 2438 5211 αὐτοῦ,
2472 5137 2756 5216 ἱδρυμένον
2783 5139 2920 5195 κατά
2949 5142 3048 5210 τήν
3092 5139 3402 5217 κινστέρναν
3456 5141 3552 5207 τήν
3594 5137 3811 5200 ’Δσπαρος

1667 5321 2033 5376 XYLANDRI
2073 5321 2159 5374 ET
2198 5317 2406 5373 GOARI
2450 5314 2671 5369 ΝΟΤᾹΞ.

559 5462 674 5533 (36)
707 5463 1215 5535 Magistrianorum
1249 5469 1307 5518 et
1356 5481 1699 5534 praeconum
1746 5465 2033 5535 praefecti,
2069 5463 2140 5518 de

491 5549 611 5604 quo
643 5549 840 5604 supra.
873 5537 1048 5589 (ἶοΑῐι.

563 5602 934 5678 (37)--’Ἂμερ-
971 5606 1276 5678 proprium
1317 5624 1568 5678 nomen
1627 5606 1842 5678 ἀμηρᾶς
1902 5608 2139 5662 Sarace-

496 5674 647 5730 nicaa
670 5673 992 5745 dignitatis,
1010 5673 1175 5730 idest
1194 5677 1362 5731 ducis
1390 5694 1401 5729 :
1425 5673 1824 5749 ἀμεριιουμνῆς
1845 5683 1932 5732 est
1957 5694 2146 5732 sacro-

2254 5477 2383 5515 rum
2403 5455 2690 5530 principis
2703 5472 2820 5530 non
2838 5456 3145 5530 proprium
3161 5457 3264 5511 sed
3279 5443 3810 5530 appellativa111260,:ﬁ

2325 5525 2430 5600 (38-)
2461 5525 2714 5583 Inferior
2743 5525 3083 5600 scholarum
3115 5525 3436 5600 domestico
3467 5525 3599 5600 dux,
3625 5525 3812 5600 qUI_P§{:

2255 5593 2373 5658 tem
2405 5593 2635 5656 tantum
2684 5599 2981 5655 exercitus
3025 5605 3274 5672 regeret,
3307 5599 3364 5653 id
3415 5602 3500 5653 est
3546 5593 3807 5648 Thracxcum

2255 5677 2476 5730 thema.
2518 5673 2698 5728 Goxa.
