4056 6276
443 409 600 472 1043
1789 413 2110 476 GEORGII
2153 411 2500 475 CEDBENI
3723 409 3882 468 1044

441 563 542 600 πον
601 541 816 598 ἐπιόντα
874 539 1003 597 ίδὼν
1065 539 1229 597 ὑπέδυ
1285 544 1519 616 σκάμνον
1578 546 1695 600 τινὰ
1751 549 1850 614 τὴς
1907 547 2129 622 πληγὴν
2191 547 2526 624 βουλόμενος
2587 549 2853 630 ἐκφυγεῖν
2915 546 3062 604 ἀλλᾶ
3117 548 3334 624 καιρίαν
3427 545 3572 602 κατὰ
3635 547 3880 620 γαστέρα

446 635 680 705 πληγεὶς
735 634 845 686 τῶν
902 630 1140 708 ἐγκάτων
1201 631 1538 706 ἐκχυθέντων
1598 634 1744 708 αὑτῷ
1810 633 2054 710 παρεδόη
2116 641 2342 711 θανάτῳ.
2405 640 2506 695 Καὶ
2563 639 2591 692 6
2655 637 2749 711 μὶν
2801 637 3125 696 Θεόκτιστος
3212 636 3459 712 ἀνῃρέθη
3522 639 3732 690 τοῦτον
3787 634 3878 688 τὸν

444 724 668 796 τρόπον,
707 723 806 790 τὴν
839 717 897 774 δὲ
923 721 1188 794 ἀναίρεσιν
1232 722 1398 776 αὑτοῦ
1453 723 1756 796 πυθόμενος
1793 726 1820 778 6
1854 727 2118 794 Μανουήλ
2164 726 2317 790 εὐθὺς
2361 727 2462 795 ἧκε
2509 727 2642 803 πρὸς
2699 727 2763 781 τὰ
2817 725 3083 798 βασίλεια,
3133 726 3224 782 καὶ
3271 725 3458 798 ὥσπερ
3515 724 3882 782 ἐνθουσιαπξ

447 809 618 868 εἰπεῖν
648 811 866 890 Λέγεται
895 811 1030 884 πρὸς
1061 813 1152 864 τὸν
1183 809 1414 885 Βάρδαν·

556 939 732 996 Semel
748 952 882 1010 ense
911 936 1160 992 districto
1191 938 1254 992 in
1288 937 1583 994 Theoctisti
1607 955 1814 1010 necem,

559 1009 904 1076 Quotidianis
929 1011 1212 1078 accingere
1235 1025 1404 1078 porro
1436 1010 1693 1066 cazdibus.

523 1137 570 1191 A
600 1141 792 1191 morte
821 1133 1133 1189 Thesctisti
1177 1134 1397 1190 Bardas
1449 1135 1699 1190 caniclei
1757 1136 2105 1208 dignitatem

451 1227 515 1281 in
547 1241 610 1280 se
641 1223 964 1280 transtulit.
989 1222 1294 1278 Theodore
1320 1229 1538 1290 autem,
1563 1225 1824 1280 facinore
1849 1227 2104 1296 cognito,

451 1314 644 1384 passis
693 1313 1044 1368 criminibus
1089 1330 1193 1384 per
1249 1313 1474 1384 regiam
1524 1314 1808 1370 discurrit
1857 1330 2108 1387 eamque

454 1402 732 1472 implevit,
771 1403 959 1457 ﬁlium
986 1409 1044 1458 et
1064 1403 1306 1458 fratrem
1329 1403 1609 1458 conviciis
1633 1403 1898 1474 dirisque
1930 1421 2110 1476 agens

453 1493 827 1564 similemque
851 1493 937 1547 eis
962 1493 1270 1547 interitum
1295 1493 1652 1563 imprecans.
1681 1493 1787 1558 Qui
1820 1510 1954 1548 cum
1979 1496 2110 1564 ejus

450 1598 570 1637 non
586 1581 810 1638 ferrent
827 1582 1310 1646 convicia,Barda
1323 1582 1562 1636 interim
1578 1598 1751 1637 suum
1767 1583 2105 1638 institutum

449 1677 719 1742 urgente,
733 1669 804 1726 de
819 1687 888 1726 ea
901 1686 1138 1742 quoque
1156 1670 1421 1726 tollenda
1437 1671 1789 1743 cogitarunt,
1807 1678 1871 1726 ut
1891 1672 2107 1727 deinde

449 1761 637 1815 libere
660 1776 728 1815 ac
748 1760 988 1817 nemine
1011 1759 1284 1815 obstante
1304 1777 1410 1830 pro
1433 1777 1540 1816 suo
1562 1761 1763 1816 omnia
1787 1778 1959 1833 agere
1981 1779 2112 1834 pos-

454 1855 586 1904 sent
614 1847 879 1904 arbitrio.
915 1849 1080 1914 Quod
1103 1865 1238 1904 cum
1259 1849 1751 1920 deprehendisset
1779 1850 2107 1918 Theodore,

451 1943 519 1994 ut
548 1943 676 1992 erat
704 1938 922 1993 mulier
953 1953 1152 2010 sagax,
1185 1939 1584 1994 resistendum
1615 1955 1736 1994 non
1768 1948 1914 2008 rata,
1949 1941 2109 2011 quod

455 2029 647 2084 cedes
689 2033 750 2100 et
799 2028 1104 2100 sanguinis
1151 2028 1448 2085 fusionem
1502 2029 1870 2094 formidaret,
1903 2031 2110 2086 statuit

455 2115 794 2171 divitiarum
816 2117 877 2170 in
897 2117 1118 2189 regiam
1138 2122 1548 2189 congestarum
1569 2133 1856 2174 summam
1875 2120 2107 2174 senatui

459 2221 708 2277 expone,
740 2210 807 2259 ut
837 2211 894 2260 et
924 2205 1032 2260 ﬁlii
1062 2205 1510 2277 profusionibus
1541 2208 1804 2262 obstaret
1852 2215 1912 2263 et
1939 2225 2108 2264 suam

2354 940 2531 1014 Ξίφος
2562 939 2854 1013 γυμνώσας
2886 940 2960 1000 εἰς
2991 939 3311 995 Θεοκτίστου
3339 940 3538 1064 ἷόνον,

2357 1010 2592 1064 ’Ὁπλιζι
2622 1012 2812 1064 σαυτὸν
2847 1011 2922 1064 εἷς
2955 1011 3158 1064 σφαγὰς
3188 1011 3309 1064 καθ’
3366 1011 3538 1064 ,uésa'

2357 1010 2592 1082 Ὅπλιζε
2622 1010 2812 1066 σαυτὸν
2847 1011 2922 1073 εἰς
2955 1011 3158 1090 σφαγὰς
3188 1011 3309 1074 καθ’
3339 1010 3586 1084 ἡμέραν,

2284 1136 2432 1192 Μετὰ
2486 1132 2542 1189 δὶ
2597 1135 2698 1205 τήν
2754 1139 2852 1190 τοῦ
2909 1136 3232 1190 Θεοκτίστου
3292 1135 3510 1212 σφαγὴν
3576 1134 3608 1187 6
3677 1131 3889 1206 Big’e‘z;

2212 1226 2312 1291 τὴν
2345 1228 2441 1280 τοῦ
2490 1221 2803 1278 κανικλείου
2860 1225 3030 1296 τιμὴν
3095 1224 3172 1284 εἰς
3227 1224 3416 1278 ἑαυτὸν
3465 1217 3886 1294 ἀνελάμϐανεν.

2211 1315 2274 1370 Ἥ
2311 1313 2532 1388 βασιλὶς
2575 1311 2630 1368 δὲ
2689 1311 2942 1383 Θεοδώρα
3000 1314 3076 1374 ὡς
3129 1309 3324 1387 ᾔσθετο
3379 1317 3492 1366 τῶν
3559 1312 3892 1388 πεπραγμέ-

2211 1425 2342 1466 νων,
2381 1403 2683 1474 λυσίκομός
2737 1421 2821 1464 τις
2880 1397 2988 1465 ἔθει
3048 1403 3137 1456 καὶ
3195 1399 3454 1476 ὀδυρμῶν
3511 1399 3780 1471 ἐπλήρου
3831 1402 3895 1454 τὰ

2217 1492 2490 1568 βασίλεια,
2525 1492 2871 1568 ἀμφοτέρους
2901 1511 2958 1545 τε
2987 1491 3080 1545 τόν
3107 1513 3166 1546 τε
3194 1491 3308 1544 υἱὸν
3339 1491 3432 1544 καὶ
3487 1493 3592 1544 τὸν
3651 1487 3892 1563 ἀδελαέν

2215 1581 2406 1659 λόγοις
2440 1578 2822 1642 ὀνειδιστικοῖς
2851 1582 2940 1634 καῖ
2976 1581 3130 1654 ἀραῖς
3163 1574 3440 1634 ὑπέϐαλλε
3470 1579 3568 1633 καί
3631 1583 3889 1633 comi—:74

2215 1672 2440 1735 θάνατον
2471 1671 2731 1744 ὑποσχεῖν
2761 1674 3056 1744 κατηρᾶτο.
3115 1670 3183 1725 Οἱ
3243 1665 3301 1722 δὲ
3335 1668 3466 1730 τοὺς
3521 1665 3887 1741 ὀνειδισμοῦς

2211 1760 2413 1830 ταύτης
2495 1761 2569 1832 μὴ
2630 1761 2902 1838 φέροντες,
2961 1760 3074 1831 ἅμα
3132 1755 3188 1812 δὲ
3249 1756 3338 1811 καὶ
3399 1757 3426 1810 6
3488 1754 3724 1830 Βέρδας
3775 1762 3882 1810 τῶν

2213 1851 2348 1903 αατὰ
2393 1851 2592 1903 σκοπὸν
2648 1847 2936 1922 ἐχόμενος,
2997 1846 3236 1922 ἔγνωσαν
3290 1847 3380 1900 καί
3439 1846 3659 1913 ταύτην
3723 1849 3888 1914 ποιῆ-

2213 1950 2400 2002 σασθαι
2433 1935 2678 1993 ἐκποδὼν
2705 1937 2794 1992 καὶ
2828 1935 3022 1992 λοιπὸν
3084 1933 3256 1996 ἀδεῶς
3301 1935 3392 1989 καὶ
3447 1933 3885 2006 ἀνεμποδίστως

2211 2030 2274 2084 τὸ
2326 2025 2515 2082 δοκοῦν
2575 2025 3014 2102 διαπράττεσθαι.
3073 2026 3244 2098 Ὅπερ
3303 2023 3478 2093 ἐκείνη
3545 2027 3888 2101 καταφωρας

2213 2139 2347 2172 σασα
2403 2118 2514 2190 (καὶ
2571 2118 2673 2192 γὰρ
2741 2116 2808 2184 ἦν
2869 2113 2999 2170 ίδεῖν
3064 2114 3153 2168 καὶ
3213 2113 3593 2188 στοχάσασθαι
3652 2111 3878 2187 δυνατή)

2212 2207 2586 2280 ἀντιπράττειν
2623 2205 2716 2276 μὶν
2779 2203 2878 2258 οὐκ
2935 2203 3073 2275 ᾤετο
3133 2201 3268 2272 δεῖν,
3329 2203 3414 2275 [Ρ.
3477 2204 3615 2276 544]
3684 2204 3882 2280 φόνους

457 2293 1040 2350 administrationem
1071 2293 1440 2364 praedicaret.
1473 2297 1687 2350 Vocato
1716 2312 1852 2368 ergo
1885 2297 1946 2350 in
1977 2313 2103 2352 con-

2214 2297 2301 2350 καὶ
2337 2295 2524 2370 χύσεις
2552 2295 2798 2366 αἱμάτων
2857 2291 3216 2367 ἐκφεύγουσα,
3264 2291 3354 2346 τὸν
3417 2287 3464 2344 δ’
3517 2290 3886 2363 ἐναποκεῖμε-

460 2382 693 2436 cionem
723 2388 955 2451 senatu,
989 2399 1188 2440 coram
1219 2383 1383 2438 clara
1409 2400 1566 2454 voce,
1599 2407 1628 2434 «
1652 2385 1795 2440 Auri
1831 2407 1857 2433 »
1891 2386 2107 2456 inquit,

461 2491 490 2520 «
521 2486 571 2524 ιν.
605 2486 656 2524 c.
689 2471 1032 2526 centenarla
1060 2471 1224 2526 mille
1251 2488 1320 2526 ac
1348 2475 1437 2540 90,
1459 2473 1682 2543 argenti
1717 2473 1791 2526 ad
1827 2479 1915 2526 ter
1945 2473 2112 2530 mille

459 2559 522 2614 in
578 2559 788 2614 aarario
847 2559 1230 2630 imperatorio
1280 2561 1542 2630 reposita
1597 2567 1758 2627 sunt,
1811 2561 2028 2632 partim
2078 2579 2113 2618 a

453 2649 670 2704 marito
700 2664 856 2716 meo,
907 2649 1124 2721 partim
1175 2653 1307 2720 post
1339 2652 1467 2720 ejus
1519 2649 1746 2705 obitum
1777 2667 1811 2705 a
1842 2668 1936 2706 me
1969 2668 2112 2706 con-

453 2743 637 2810 gesta.
671 2737 867 2793 Multa:
889 2739 1043 2794 959
1067 2754 1304 2808 quoque
1329 2745 1620 2810 prmterea
1651 2746 1709 2795 et
1735 2741 1912 2796 varias
1947 2757 2109 2812 opes.

450 2827 518 2882 Id
547 2841 748 2882 coram
796 2826 964 2882 vobis
1011 2827 1077 2882 in
1125 2827 1443 2897 praesentia
1486 2829 1671 2900 jacto,
1717 2834 1784 2884 ut
1831 2847 1906 2885 ne
1938 2830 2110 2885 facile

451 2915 602 2972 ﬁdes
631 2931 763 2972 meo
795 2914 918 2970 ﬁlio
950 2915 1301 2986 imperatori
1330 2921 1524 2972 vestro
1546 2917 1857 2986 habeatur,
1893 2921 1941 2975 si
1977 2925 2114 2990 post

452 3021 655 3061 meum
688 3021 720 3060 e
747 3006 911 3078 regia
939 3003 1271 3060 discessum
1304 3005 1464 3060 dicat
1487 3023 1580 3061 me
1612 3007 1834 3079 regiam
1869 3009 2107 3080 inopem

453 3094 792 3165 reliquisse.
843 3114 873 3145 ››
933 3093 1120 3149 Simul
1167 3100 1226 3150 et
1277 3101 1603 3166 quaestores
1663 3097 1855 3152 mrarii
1901 3097 2108 3153 adesse

449 3183 651 3256 jussit,
685 3183 785 3255 qui
815 3182 992 3238 verba
1023 3183 1211 3254 ipsius
1236 3199 1374 3238 vera
1401 3201 1532 3240 esse
1564 3187 1760 3240 testati
1792 3192 1950 3241 sunt.
1975 3189 2112 3243 Pro-

453 3273 593 3330 inde
624 3271 909 3328 salutario
943 3276 1176 3340 senatu,
1203 3272 1365 3327 omni
1399 3289 1460 3328 se
1489 3273 1794 3330 functione
1830 3281 1889 3330 et
1918 3276 2110 3331 admi-

459 3360 810 3416 nistratione
842 3359 1134 3415 abdicavit
1163 3361 1503 3430 palatioque
1536 3364 1806 3419 excessit.

2216 2404 2304 2437 vov
2350 2387 2470 2443 τοῖς
2528 2381 2851 2454 ἀνακτόροις
2914 2377 3154 2434 πλοῦτον
3212 2373 3386 2452 ἔκρινε
3443 2379 3512 2449 τῇ
3582 2377 3885 2451 συγκλήτῳ

2215 2472 2548 2541 ποιήσασθαι
2580 2469 2830 2543 φανερὸν,
2862 2473 2960 2522 τοῦ
3009 2487 3068 2522 τε
3121 2467 3243 2520 υἱοῦ
3292 2467 3390 2535 τήν
3438 2467 3662 2540 ἀκρατῆ
3719 2464 3890 2520 δαπί-

2215 2581 2316 2630 νην
2343 2556 2635 2614 κωλύουσα
2689 2557 2778 2611 καὶ
2823 2557 2922 2625 τὴν
2983 2553 3128 2610 ἲδίαν
3189 2555 3508 2627 οἰκονομίαν
3576 2557 3893 2629 κηρύττου-

2218 2669 2305 2706 σα.
2351 2651 2458 2717 Τὴν
2516 2646 2824 2720 σύγκλητον
2885 2645 2976 2699 οὗν
3038 2642 3442 2712 ἐκκλησιάσασα
3501 2645 3600 2698 καὶ
3659 2645 3750 2707 είς
3802 2644 3891 2699 ἐπ-

2219 2742 2384 2811 ήκοον
2418 2742 2584 2792 στᾶσα
2613 2737 2902 2796 τοιούτους
2931 2731 3168 2790 ἀπέδοτο
3217 2731 3437 2807 λόγους·
3478 2756 3505 2782 ιι
3549 2731 3740 2789 Χίλια
3775 2736 3889 2806 μὲν,

2218 2831 2263 2884 ὦ
2319 2826 2568 2902 πατέρες,
2625 2828 2761 2900 πρὸς
2831 2829 2948 2888 τοῖς
3032 2822 3382 2892 ἐννενήκοντα
3453 2826 3537 2892 τῷ
3606 2821 3892 2894 βασιλικῷ

2214 2917 2447 2992 ταμιείῳ
2507 2919 2716 2990 χρυσοῦ
2771 2913 3141 2968 ἐναπόκεινται
3221 2910 3570 2984 κεντηνάρια,
3637 2912 3888 2986 ἀργύρου

2219 3005 2276 3063 δὶ
2325 3007 2453 3062 ὡσεὶ
2495 3009 2660 3077 τριῶν
2717 3000 3014 3078 χιλιάδων,
3074 3002 3155 3055 ὧκ
3209 3000 3276 3054 τὰ
3336 3000 3430 3073 μὲν
3464 2997 3667 3072 ὑέμός
3749 3003 3886 3074 ἁνήρ

2215 3095 2632 3171 ἐπορίσστο,τὰ
2679 3090 2748 3146 δι’
2810 3091 2945 3160 αὑτὴ
3010 3089 3145 3163 μετᾶ
3199 3087 3292 3143 τὸν
3348 3087 3559 3143 ἐκείνου
3623 3088 3894 3159 συνέλεξα

2217 3186 2461 3256 θάνατον,
2494 3181 2666 3244 ἄλλος
2705 3202 2760 3238 τε
2790 3181 3028 3241 πλοῦτος
3075 3175 3253 3239 πολὺς
3306 3177 3397 3231 καὶ
3443 3176 3739 3238 ποικίλος.
3794 3179 3892 3232 Διὶ

2216 3271 2465 3330 τοῦτοδὲ
2493 3277 2684 3327 τοῦτον
2735 3268 3068 3342 ἐκπομπεῦω
3131 3268 3286 3336 ὑμῖν,
3341 3263 3418 3318 'iv'
3477 3265 3521 3319 εί
3588 3267 3734 3338 μετᾶ
3791 3269 3892 3336 τήν

2215 3363 2354 3436 ἐμὴν
2385 3363 2492 3418 ἀπὸ
2521 3366 2630 3418 τῶν
2679 3359 2989 3433 ἀνακτόρων
3037 3352 3264 3410 κάθοδον
3294 3354 3321 3407 ὀ
3353 3353 3484 3425 ἐμὸς
3532 3348 3644 3430 ἔχῃ
3695 3353 3883 3429 λέγειν

458 3446 578 3508 υἱὸς
608 3446 695 3500 καὶ
733 3444 993 3518 ὑμέτερος
1027 3445 1283 3520 βασιΛεὺς
1341 3447 1416 3508 ὡς
1462 3445 1616 3518 ἐνδεῆ
1673 3449 2047 3507 καταλέλοιπα
2102 3454 2168 3508 τὰ
2229 3453 2484 3528 βασίλεια
2538 3449 2804 3516 πλούτου,
2863 3447 2938 3519 μὴ
2997 3440 3240 3518 εὑχερῶς
3293 3441 3642 3511 πιστεύηται.
3681 3466 3717 3494 κ
3778 3445 3884 3500 Καὶ

459 3529 578 3608 ἅμα
644 3531 876 3608 λέγουσα
927 3534 1058 3597 τοὺς
1113 3539 1221 3590 τῶν
1284 3533 1583 3610 βασιλικῶν
1638 3540 1945 3613 χρημάτων
2002 3542 2201 3616 ταμίας
2248 3541 2481 3616 παρίστη
2539 3541 2651 3613 (4-3)
2705 3537 2797 3592 καὶ
2855 3533 3344 3609 συγκατανεὺοντας
3398 3533 3522 3606 εἶχε
3592 3532 3744 3605 πρὸς
3813 3535 3878 3589 τὰ

455 3620 748 3700 λεγόμενα.
793 3621 895 3680 Καὶ
952 3625 988 3693 ἡ
1050 3623 1144 3696 μὲν
1207 3625 1428 3698 βασιλὶς
1485 3625 1768 3700 ἀσπασμὸν
1827 3626 1992 3685 δοῦσα
2048 3636 2117 3706 τῇ
2170 3629 2484 3706 συγκλήτῳ,
2534 3628 2623 3683 καὶ
2679 3627 2823 3700 πάσῃ
2879 3622 3121 3700 ἐνεργείᾳ
3175 3621 3267 3676 καὶ
3323 3618 3598 3690 διοικήσει
3664 3623 3878 3676 ἀποτα-

444 3711 671 3788 ξαμένη,
701 3707 863 3783 ἔξεισι
892 3715 990 3768 τοῦ
1020 3712 1312 3770 παλατίου.

517 3803 629 3860 Sed
660 3820 802 3874 opes
831 3804 1004 3875 regite
1026 3809 1112 3860 tot
1141 3807 1440 3877 tantasque
1466 3807 1530 3862 in
1553 3807 1778 3864 nullius
1810 3813 2095 3867 momenti
2128 3815 2168 3882 ρ

448 3909 546 3948 res
576 3908 611 3948 a
656 3891 818 3949 fatuo
867 3893 1152 3948 Michaelo
1203 3903 1344 3950 sunt
1392 3897 1710 3966 prodactaa.
1745 3900 1888 3954 Cum
1943 3901 2104 3955 enim

449 3980 918 4052 aurigationibus
963 3981 1404 4052 impensissime
1449 3985 1866 4056 delectaretur,
1908 4005 2103 4060 neque

461 4084 636 4141 agere
666 4085 850 4140 equos
897 4071 960 4126 in
1007 4070 1173 4127 Circo
1225 4072 1350 4144 ipse
1396 4081 1719 4145 recusaret,
1764 4079 2102 4151 eorumqui

451 4176 652 4216 secum
681 4159 886 4216 ludere
918 4177 986 4217 ac
1015 4167 1242 4218 certare
1269 4165 1382 4218 isto
1412 4165 1640 4221 ludicro
1669 4167 1936 4223 solebant
1966 4169 2104 4224 ﬁliis

449 4267 480 4306 e
499 4266 666 4308 sacro
681 4249 1032 4323 baptismate
1047 4253 1448 4324 suspiciendis
1463 4255 1670 4312 ﬁscum
1693 4259 2102 4328 exhauriebat,

443 4345 687 4396 centum
717 4340 1015 4412 octoginta
1059 4346 1162 4396 aut
1191 4342 1266 4396 ad
1320 4344 1636 4400 minimum
1671 4347 2102 4418 quinquaginta

446 4429 754 4502 largiendo
815 4429 1066 4501 singulis
1123 4429 1332 4488 libras.
1394 4433 1724 4489 Himerium
1783 4436 2099 4506 quemdam

437 4506 634 4589 (quasi
681 4524 1060 4574 mansuetum
1092 4519 1356 4575 diceres:
1412 4538 1548 4577 nam
1582 4525 1878 4581 contrario
1923 4541 2102 4582 sensu

431 4605 495 4661 id
522 4605 785 4661 nominis
815 4606 867 4659 ei
899 4606 972 4660 ob
1006 4607 1200 4662 vultus
1249 4608 1547 4666 feritatem
1577 4612 1804 4668 factum
1837 4613 1966 4682 fuit)
1998 4631 2088 4684 pa-

439 4692 594 4746 tricii
627 4691 912 4762 dignitate
957 4710 992 4749 a
1022 4711 1084 4748 se
1132 4701 1428 4758 ornatum.
1465 4700 1566 4768 qui
1597 4700 1896 4756 adulando
1927 4701 2098 4758 illum

439 4780 542 4851 qui
560 4779 793 4833 Tiberio
816 4780 984 4835 aﬂ’uit
1007 4782 1335 4838 llimerium
1355 4785 1638 4855 vinceret,
1660 4794 1718 4842 et
1737 4790 1810 4843 ad
1835 4790 2099 4846 convivia

435 4866 788 4925 scurrilibus
843 4870 1108 4942 gestibus
1161 4873 1551 4946 turpibusque
1601 4875 1796 4930 verbis
1841 4877 2094 4948 luderet,

430 4956 931 5031 impudenterque
981 4959 1260 5016 audiente
1316 4961 1674 5034 imperatore
1731 4971 1789 5020 et
1839 4968 2097 5022 convivis

430 5047 696 5120 pederet,
720 5047 804 5103 ita
824 5053 892 5104 ut
911 5049 1132 5105 ventris
1158 5053 1387 5124 crepitu
1413 5053 1588 5110 etiam
1615 5071 1853 5112 cereum
1878 5058 2096 5112 exstin-

429 5143 656 5212 gueret,
691 5137 822 5193 auri
853 5137 1025 5193 libris
1054 5145 1296 5196 centum
1327 5141 1584 5198 donavit.
1619 5146 1687 5198 Et
1717 5146 1954 5212 Cheilaa,
1986 5147 2087 5201 uni

2276 3811 2334 3864 '0
2388 3806 2445 3864 δὶ
2501 3811 2608 3863 τῶν
2671 3803 2966 3880 βασιλείων
3017 3799 3258 3861 πλοῦτος
3314 3818 3577 3858 τοσουτος
3638 3797 3722 3852 ὥν
3781 3787 3867 3854 καὶ

2209 3895 2542 3968 τηλικοῦτος
2571 3895 2648 3958 εἷς
2695 3890 2952 3965 οὐδεμίαν
3012 3889 3294 3968 ἐχώρησεν
3355 3885 3541 3956 ὄνησιν
3738 3889 3872 3944 ἀπο.

2209 3986 2332 4058 νοίᾳ
2359 3989 2455 4042 τοῦ
2486 3981 2738 4059 Μιχαήλ.
2771 3984 2904 4042 Ταῖς
2931 3980 3034 4054 γὰρ
3080 3982 3189 4032 τῶν
3237 3974 3422 4030 ἵππων
3473 3973 3778 4048 ἁμίλλαις,
3831 3979 3880 4030 εἴ

2209 4075 2310 4151 πέρ
2367 4095 2448 4137 τις
2515 4070 2718 4148 ἕτερος,
2773 4069 3156 4144 ἀγαλλόμενος
3210 4065 3300 4120 καὶ
3384 4066 3645 4151 ἡνιοχεῖν
3699 4067 3870 4121 ἐκεῖσε

2208 4148 2370 4226 αὐτὸς
2429 4164 2492 4217 οὗ
2547 4159 3006 4237 παραιτούμενος,
3065 4161 3176 4210 τῶν
3241 4148 3666 4227 συμπαιζὸντιυν
3725 4154 3871 4226 αὐτῷ

2210 4255 2297 4310 καί
2359 4252 2831 4326 συνηνιοχούντων
2911 4247 3001 4302 καὶ
3079 4239 3590 4316 συναμιλλωμὲοων
3658 4241 3719 4297 ἐκ
3775 4243 3868 4297 τοῦ

2209 4344 2357 4407 θείου
2388 4339 2812 4414 υἱοθετοὺμενος
2848 4337 2916 4392 τὰ
2941 4335 3101 4390 τέκνα
3129 4333 3507 4408 βαπτίσματος
3557 4331 3655 4384 τὸν
3711 4332 3864 4405 βασι-

2209 4433 2363 4489 λικὸν
2417 4432 2706 4488 κατεκὲνου
2757 4427 3021 4496 πλοῦτον,
3079 4425 3268 4480 ἑκατὸν
3355 4419 3710 4496 ὀγδοήκοντα
3775 4422 3864 4475 καὶ

2205 4523 2570 4597 τουλάχιστον
2603 4521 2937 4588 πεντήκοντα
2987 4519 3066 4586 τῷ
3113 4510 3424 4582 καθεκάστῳ
3477 4508 3864 4584 παρεχόμενος

2207 4611 2414 4686 λίτρας.
2451 4609 2718 4667 Καίποτί
2763 4627 2873 4662 τινι
2922 4601 3071 4678 ἀνδρὶ
3121 4601 3179 4657 δν
3220 4599 3505 4674 πατρίκιον
3557 4597 3858 4670 ἐτιμήσατο

2203 4702 2466 4776 (Ἰμὲριος
2523 4697 2682 4758 οὗτος
2741 4694 3011 4758 ἐκαλεῖτο,
3072 4689 3161 4745 διὰ
3218 4691 3314 4758 τὴν
3383 4690 3480 4741 τοῦ
3555 4687 3858 4760 προσώπου

2202 4773 2366 4845 αὐτοῦ
2421 4785 2562 4844 οὕτω
2621 4782 2963 4857 καλούμενος
3019 4779 3156 4834 κατὰ
3217 4776 3531 4852 ἀντίφρασιν
3590 4773 3860 4850 ἀγριότη-

2200 4882 2306 4952 τα),
2365 4874 2624 4947 κολακείᾳ
2684 4874 2778 4948 μὲν
2835 4864 3242 4945 ὑπερϐάλλοντι
3299 4863 3396 4918 τὸν
3457 4861 3545 4952 ἐπί
3599 4857 3852 4952 Τιϐερίου

2203 4949 2462 5042 Ἰμὲριον,
2499 4955 3014 5040 βωμολοχοῦντιδὶ
3064 4955 3205 5012 κατὰ
3261 4955 3366 5022 τὴο
3423 4949 3708 5026 πράπεζαν
3763 4951 3854 5006 καὶ

2199 5039 2663 5134 αδσχρολογοῦννι
2691 5053 2781 5107 καί
2831 5046 3066 5108 ἀναιδῶς
3115 5040 3508 5118 ἀποπιρδοντι,
3556 5039 3853 5100 ἀκούοντος

2200 5143 2257 5200 δὲ
2287 5119 2382 5200 τὺῦ
2411 5119 2681 5219 βασιλέως
2727 5141 2956 5196 καὶτῶν
3015 5131 3364 5202 συνδείπνων,
3419 5135 3494 5192 ὼς
3540 5129 3628 5184 καὶ
3682 5129 3852 5202 κηρὸν

431 5227 501 5282 de
533 5229 710 5284 sociis
733 5243 974 5284 suarum
996 5229 1457 5303 aurigationum,
1482 5233 1674 5290 ﬁlium
1697 5251 1770 5290 ex
1790 5235 2086 5308 baptismo

2213 5197 2549 5290 ίποσὸεννὺει
2601 5235 2679 5302 τῷ
2733 5228 2918 5304 ψόφῳ,
2978 5224 3212 5302 χρυσίου
3263 5218 3465 5278 δέδωκε
3522 5215 3720 5292 λίτρας
3781 5218 3846 5289 ρ’.

1641 5334 2001 5390 XYLANDRI
2029 5337 2114 5390 ET
2153 5336 2366 5391 GOARI
2407 5335 2628 5390 ΝΟΤᾹΞ.

509 5420 620 5492 (4-5)
648 5425 1062 5505 Hinqinsuper
1083 5426 1693 5505 conﬁrmoloyotlétnv
1720 5448 1848 5487 esse
1878 5449 2080 5505 supre-

435 5505 599 5545 mum
659 5498 1002 5574 praefectum
1061 5500 1275 5574 agrarii.
1329 5498 1684 5574 Theo'ctisto,
1715 5498 1970 5574 namque
2013 5521 2082 5560 eo

436 5575 684 5645 munere
717 5567 950 5645 fugente
984 5571 1201 5645 occiso,
1229 5577 1295 5626 ut
1321 5573 1465 5645 quid
1495 5573 1796 5630 Theodore
1827 5567 2080 5645 qiiaestoo

437 5583 684 5644 munere
717 5583 950 5690 lugente
984 5585 1201 5640 OCCISO,
1229 5583 1295 5626 ut
1325 5583 1465 5641 quid
1495 5583 1796 5630 'l‘neodora
1827 5583 2080 5645 quaesto-

437 5646 534 5686 res
564 5639 710 5719 istos
739 5653 773 5690 a
819 5655 944 5719 esse
987 5639 1227 5719 juberet
1273 5643 1386 5696 nisi
1433 5649 1499 5697 ut
1545 5661 1721 5714 quam
1753 5653 2080 5719 memorato

435 5703 714 5772 praafecto
741 5723 772 5761 e
801 5709 946 5763 vivis
987 5703 1249 5780 "sublato,
1301 5729 1420 5766 non
1467 5703 1698 5784 poterat
1739 5717 1991 5787 populus
2022 5723 2082 5774 et

2193 5439 2434 5488 senatus
2465 5431 2681 5486 habere
2714 5426 2987 5482 notitiam
3019 5419 3211 5478 aerarii
3243 5436 3277 5474 a
3307 5417 3432 5474 ﬂlio
3465 5411 3753 5470 Michaele
3782 5412 3844 5468 in

2193 5509 2464 5575 sumptus
2495 5502 2738 5575 inutiles
2777 5492 3162 5575 dilapidandi,
3193 5491 3322 5575 ipsa
3352 5504 3458 5560 per
3487 5488 3838 5575 quaestor—es,

2192 5562 2490 5647 subjectos
2521 5572 2710 5647 aerarii
2729 5562 3022 5647 _cust§des
3053 5581 3148 5647 ac“
3169 5562 3244 5647 ad

2190 5635 2364 5718 stro's,
2397 5645 2638 5702 aliunde
2668 5641 2847 5698 ﬁdem
2877 5639 3100 5694 faceret
3119 5635 3148 5690 Ἰ
3177 5635 3354 5688 ϐοΑιι.

3292 5553 3534 5616 manum
3582 5553 3838 5612 admini-
