4056 6276
161 419 350 481 1015

1323 408 1873 477 HISTORIARUM
1917 362 2493 474 ΟΟΜΡΕΝΙΠΠΜ.Δ

3469 402 3624 465 1046

163 554 283 609 Καὶ
321 554 521 611 Χειλᾶ
551 549 608 607 δὲ
634 556 732 607 τοῖ’)
763 555 1220 630 συνηνιοχοῦντος
1247 547 1395 620 αὖτῷ
1420 548 1513 604 τὸν
1539 547 1658 604 υἱὸν
1685 546 1745 602 ἐκ
1762 549 1860 600 τοῦ

1991 562 2302 635 ιυεοὶρὶθιιε
2336 564 2463 619 auri
2498 562 2680 620 libras
2709 561 2955 620 totidem
2989 559 3142 616 dono
3192 556 3373 613 dedit.
3405 556 3493 612 Ita
3521 554 3622 610 ille

169 641 343 706 θείου
403 641 790 717 βαπτίσματος
849 638 1232 712 ἀναδεξάμενος
1279 637 1596 712 ἐδωρήσατο
1632 633 1864 713 χρυσίου

171 729 393 804 λίτρας
434 738 503 806 ρ’.
537 730 724 792 Οὕτως
747 730 944 791 ἐκεῖνος
968 728 1045 789 εὶς
1070 726 1224 784 οὒδὲν
1247 724 1363 781 δέον
1385 726 1453 781 τὰ
1474 724 1716 798 δημόσια
1735 743 1862 777 κατ-

174 816 453 875 εδαπάνα
481 841 541 875 τε
569 820 655 874 καὶ
688 817 996 889 ἀνήλισκεν.
1029 816 1182 874 Ἐπεὶ
1230 812 1288 870 δὲ
1330 814 1479 878 ἐντὸς
1523 812 1716 889 ὀλίγου
1748 816 1866 873 ταῖς

174 909 495 971 τοιαύταις
546 908 802 983 ἀθέσμοις
860 907 1077 983 πράξεσι
1129 908 1221 962 τὸν
1280 902 1534 960 τοσοῦτον
1565 898 1871 959 κατεδαπά-

174 1019 327 1070 νησε
362 999 644 1069 πλοῦτον,
675 997 813 1067 ἦλθε
843 995 899 1053 δὲ
932 998 960 1052 ὁ
984 1000 1082 1066 τῆς
1131 994 1398 1070 διανομῆς
1432 1000 1540 1050 τῶν
1572 992 1870 1069 βασιλικῶν

177 1087 434 1163 δωρεῶν
484 1088 671 1161 καιρὸς
728 1087 815 1142 καὶ
875 1086 1179 1166 χρημάτων
1241 1086 1410 1160 πόρος
1443 1084 1540 1139 οὐκ
1568 1084 1652 1152 ἦν,
1683 1083 1782 1153 τήν
1814 1101 1874 1136 τε

178 1183 428 1252 χρυσῆς
460 1175 668 1244 ἐκείνην
718 1176 809 1230 καὶ
858 1172 1275 1249 πολυθρῦλητον
1318 1172 1592 1230 πλάτανον
1624 1170 1711 1225 καὶ
1743 1170 1870 1231 τοὺς

185 1264 297 1320 δύο
335 1270 593 1341 χρυσοῦς
627 1264 845 1327 λέοντας
893 1265 983 1320 καί
1032 1264 1160 1326 τοὺς
1219 1261 1314 1318 δύο
1370 1266 1600 1338 γρῦπας,
1634 1261 1873 1340 χρυσοῦς

182 1356 288 1410 καὶ
359 1354 570 1416 αὐτοὺς
638 1353 1023 1434 σφυρηλάτους
1081 1349 1264 1421 ὄντας,
1324 1352 1413 1406 κιί
1468 1351 1534 1407 τά
1591 1348 1874 1425 ὁλόχρυσα

186 1446 419 1519 ὄργανα
500 1444 588 1499 καὶ
662 1441 819 1518 ἕτερα
891 1441 1040 1518 ἔργα,
1118 1440 1188 1497 δι’
1262 1441 1336 1496 ὧν
1447 1443 1481 1513 ἡ
1581 1439 1872 1513 Ῥωμαίων

186 1532 561 1607 ἐθαυμάζετο
623 1531 895 1610 βασιλεία,
957 1533 1131 1601 ὁλκὴν
1187 1526 1386 1607 ἔχοντα
1446 1527 1736 1585 διακοσίων
1776 1528 1875 1583 οὐκ

180 1619 446 1677 ἔλαττον
500 1622 886 1696 κεντηναρίων,
950 1618 1225 1697 χωνεύσας
1285 1619 1515 1696 χαράξαι
1557 1615 1785 1674 δέδωκεν
1818 1616 1870 1672 ἐν

174 1716 266 1782 τῷ
303 1712 609 1786 βασιλικῷ
661 1710 917 1783 ταμιτῖῳ.
978 1709 1384 1785 Παραπλησὲως
1444 1705 1501 1763 δὲ
1530 1706 1753 1778 ἐποίησε
1782 1708 1872 1764 καὶ

173 1802 231 1858 ἐν
274 1800 532 1865 στολαῖς
567 1802 900 1878 βασιλικαῖς,
934 1803 1007 1856 ὧν
1068 1802 1122 1856 αἱ
1184 1801 1277 1874 μὲν
1309 1802 1445 1870 ἦσαν
1485 1799 1788 1879 ὁλόχρυσοι
1819 1801 1873 1854 αἱ

1972 653 2285 724 pecuniam
2299 653 2455 708 960
2473 652 2771 724 publicam
2786 648 3170 721 dilapidabat.
3187 647 3450 716 Cumque
3468 643 3628 699 brevi

1974 741 2256 812 tempmis
2302 740 2489 813 spatio
2520 758 2626 812 per
2654 739 2819 795 nefas
2871 743 3033 793 tanta
3070 753 3213 807 opes
3240 733 3619 807 prodigisset,

1975 847 2043 886 ac
2075 829 2200 885 dies
2221 828 2594 901 imperatoris
2625 824 3049 884 donationibus
3079 822 3413 879 destinatus
3445 838 3626 894 appe-

1978 916 2536 990 tiisset,etpecuniae
2550 915 2825 986 parandae
2848 914 2998 969 ratio
3022 913 3319 978 deﬁceret,
3340 911 3630 967 famosam

1976 1007 2143 1062 illam
2175 1021 2417 1062 auream
2453 1003 2760 1075 platanum
2788 1003 3053 1074 duosque
3085 1018 3296 1056 aureos
3325 1001 3529 1056 leones
3562 1017 3631 1056 ac

1979 1095 2267 1160 vultures,
2302 1099 2360 1150 et
2389 1093 2551 1164 ipsos
2586 1108 2654 1147 ex
2683 1107 2825 1148 auro
2846 1089 3077 1146 malleis
3100 1088 3629 1160 ductos,a1iamque

1980 1184 2168 1240 solido
2203 1200 2272 1239 ex
2309 1199 2452 1241 auro
2476 1183 2689 1239 factam
2723 1177 3488 1253 supellectilem,operaque
3519 1196 3632 1235 cae-

1978 1279 2108 1331 tera
2136 1273 2208 1329 ob
2242 1289 2373 1344 quae
2414 1271 2666 1331 Romani
2698 1267 3074 1342 imperatoris
3118 1267 3179 1322 in
3236 1266 3630 1322 admiratione

1980 1368 2107 1419 erat
2140 1362 2319 1434 regia,
2352 1360 2601 1417 conflari
2633 1365 2691 1416 et
2720 1376 2790 1416 ex
2846 1359 2919 1413 iis
2950 1373 3153 1413 cusam
3207 1355 3521 1427 pecuniam
3570 1355 3632 1410 in

1980 1453 2255 1508 aerarium
2288 1468 2462 1508 suum
2502 1450 2711 1507 inferri
2762 1449 2964 1518 jussit.
3015 1444 3445 1519 Appendebant
3473 1444 3633 1501 haud

1980 1542 2178 1597 minus
2207 1542 2311 1597 200
2337 1540 2715 1597 centenariis.
2744 1537 2966 1594 Eodem
2998 1535 3173 1592 modo
3199 1534 3457 1590 vestibus
3490 1550 3632 1589 usus

1983 1637 2069 1686 est
2096 1630 2774 1702 imperatoriis,quarum
2796 1626 2927 1684 alia:
2947 1631 3082 1682 totae
3110 1624 3464 1680 aureaealiae
3487 1639 3631 1679 auro

1980 1719 2313 1775 intertexta;
2337 1722 2525 1773 erant.
2548 1718 2691 1772 Nam
2713 1723 2770 1770 et
2790 1716 2894 1770 has
2909 1712 3251 1769 conﬂandas
3265 1711 3455 1777 dedit;
3476 1709 3630 1781 quod

1981 1824 2056 1863 ne
2078 1808 2269 1874 fieret,
2294 1812 2481 1862 morte
2504 1810 2836 1879 praeventus
2881 1806 2990 1865 est,
3016 1809 3081 1856 ut
3100 1818 3200 1857 eas
3229 1800 3477 1856 Basilius
3508 1798 3629 1855 im-

175 1889 239 1946 δὲ
275 1890 738 1967 χρυσοῢραντοι,
787 1887 1041 1950 δεδωκὼς
1096 1893 1177 1963 τῷ
1234 1886 1421 1961 εἶ’δικῴ
1452 1890 1591 1944 ὥστε
1618 1889 1707 1944 καὶ
1738 1886 1873 1943 11'5-

1991 1897 2134 1968 perii
2168 1913 2476 1953 successor
2505 1894 2888 1966 recuperarit.
2924 1891 3025 1946 Hic
3048 1891 3288 1962 quidem
3312 1905 3511 1944 rerum
3532 1906 3633 1959 po-

187 2004 295 2044 τας
332 1985 625 2057 χωνεῦσαι
656 1985 788 2051 (44).
823 1979 936 2036 Οὐκ
988 1977 1217 2054 ἔφθασαν
1262 1975 1319 2033 δὲ
1351 1987 1714 2055 χωνευθῆναι,
1743 1978 1874 2033 κάκ-

189 2077 348 2134 εῖνος
428 2070 482 2140 ἐξ
542 2069 842 2143 ἀνθρώπων
895 2067 1118 2143 ἐγένετο,
1182 2072 1263 2142 [Ρ.
1297 2071 1422 2142 545]
1471 2068 1560 2123 καὶ
1593 2066 1878 2131 Βασίλειος

184 2161 296 2229 τὴν
330 2159 534 2236 ἀρχὴν
586 2155 853 2229 διεδέξατο
893 2157 983 2211 καὶ
1020 2156 1216 2219 ταύτας
1266 2155 1626 2212 ἀνεκαλέσατο
1665 2155 1725 2210 ἐκ
1752 2178 1873 2211 τοσ·

194 2251 365 2307 οὖτο⁸
416 2247 665 2303 πλούτου
701 2245 867 2320 μηδὲν
920 2245 1165 2321 εὑρηκὼς
1222 2244 1390 2301 πλέον
1424 2244 1551 2301 ἀλλ’
1578 2246 1613 2316 ἢ
1648 2246 1877 2319 χρυσίου

204 2340 309 2413 μὲν
356 2336 693 2411 κεντηνάρια
741 2337 886 2411 τρία,
950 2334 1301 2410 μιλιαρισίων
1332 2333 1388 2389 δὲ
1418 2335 1612 2389 σακκία
1641 2333 1805 2390 ἐννέα·
1841 2334 1874 2390 ἂ

1985 1988 2134 2042 titus
2156 2003 2227 2042 ex
2256 1986 2433 2041 tantis
2484 1985 2701 2041 divitiis
2736 1982 2883 2038 nihil
2925 1980 3136 2053 reliqui
3166 1980 3387 2035 invenit
3416 1985 3633 2049 praeter

1985 2077 2116 2131 auri
2149 2075 2524 2131 centenarias
2553 2080 2674 2129 tres
2705 2078 2763 2127 et
2792 2077 2851 2128 et
2881 2070 3329 2126 miliarisiorum
3365 2068 3628 2124 sacculos

1988 2182 2232 2231 novem;
2267 2164 2481 2236 quibus
2510 2164 2573 2218 in
2605 2169 2879 2218 senatum
2903 2161 3099 2217 allatis
3148 2158 3473 2230 deploravit
3503 2157 3631 2212 ino-

1986 2256 2170 2325 piam,
2215 2259 2272 2309 et
2300 2254 2459 2310 unde
2506 2251 2730 2325 publici
2775 2250 3039 2307 defectus
3080 2248 3359 2305 exsarciri
3389 2251 3635 2321 possent

1984 2343 2313 2400 deliberare
2328 2342 2530 2413 jussit.

198 2429 300 2484 καὶ
338 2426 416 2499 δη
430 2427 719 2502 μοσιεύσας
748 2424 836 2480 ἔπὶ
864 2431 965 2495 τῆς
998 2425 1307 2499 συγκλήτου
1338 2421 1659 2499 ἀπωδύρετο
1689 2427 1789 2496 τήν
1820 2426 2051 2505 ἀπορίαν
2083 2431 2171 2484 καὶ
2203 2429 2266 2483 τὸ
2324 2430 2484 2492 πόθεν
2520 2428 2580 2482 ἂν
2610 2425 3013 2501 ἐκπληρωθεῖεν
3047 2425 3101 2478 αἱ
3129 2420 3390 2495 δημόσιοι
3423 2426 3632 2495 χρεῖαι.

279 2519 462 2577 ¹Ἐθος
497 2512 543 2570 δ’
574 2514 811 2589 ἐχούσης
857 2521 959 2584 τῆς
1018 2511 1302 2588 βασιλίδος
1348 2511 1632 2588 Θεοδώρας
1671 2515 1881 2571 ἀπιέναι

200 2610 351 2684 πρὸς
386 2608 488 2661 τὸν
556 2606 610 2658 ἐν
673 2603 1007 2682 Βλαχέρναις
1055 2610 1155 2672 τῆς
1214 2602 1478 2658 Θεοτόκου
1547 2610 1693 2668 θεῖον
1728 2606 1880 2674 ναὸν,

199 2697 327 2768 ἅμα
366 2696 469 2768 μὲν
501 2695 917 2768 προσκυνήσεως
976 2694 1158 2766 χάριν,
1216 2692 1332 2763 ἃμα
1389 2687 1447 2744 δὲ
1503 2692 1592 2745 καὶ
1643 2691 1881 2768 λουτροῦ

208 2787 356 2858 μετᾶ
385 2788 498 2839 τῶν
555 2784 746 2852 ἑαυτῆς
803 2781 1130 2856 θυγατέρων,
1188 2780 1301 2835 ἐπεί
1352 2801 1487 2834 ποτε
1536 2774 1677 2857 ἔγνω
1708 2782 1877 2850 αὐτὴν

214 2874 407 2929 ἐκεῖσε
464 2873 798 2950 φοιτήσασαν
857 2871 884 2926 ὁ
940 2868 1196 2945 βασιλεὺς
1251 2869 1339 2923 καὶ
1399 2870 1427 2923 ὁ
1483 2870 1683 2939 ταύτης
1717 2870 1878 2943 ὁμαί-

222 2986 352 3038 μων
413 2958 647 3036 Βάρδας,
726 2964 1014 3035 Πετρωνᾶν
1096 2958 1490 3032 ἐκπέμψαντες,
1564 2958 1621 3012 ὃν
1709 2957 1878 3028 αὐτῆς

213 3052 464 3131 ἀδελφὸν
526 3052 660 3106 εἶναι
717 3049 919 3106 ἄνωθεν
978 3051 1005 3103 ὁ
1063 3048 1231 3123 λόγος
1290 3047 1603 3124 ἐγνώρισεν,
1662 3047 1881 3104 ἀποκεί-

218 3164 389 3219 ρουσι
421 3142 672 3217 μοναχὴν
720 3141 811 3194 σὺν
870 3145 992 3203 ταῖς
1046 3138 1360 3217 θυγατράσι,
1394 3138 1484 3194 καὶ
1515 3137 1567 3192 ἐν
1597 3143 1715 3200 τοῖς
1746 3139 1882 3194 κατὰ

212 3233 290 3287 τὰ
362 3234 631 3304 Καριανοῦ
685 3229 1002 3302 ἀνακτόροις
1078 3231 1217 3290 τέως
1284 3226 1705 3303 περιορίζουσιν,
1774 3228 1877 3305 ἀφ-

216 3318 486 3391 ελόμενοι
515 3317 602 3371 καὶ
657 3317 710 3373 ἓν
767 3317 919 3391 εἶχον
974 3318 1028 3372 αἱ
1076 3322 1241 3371 πᾶσαι
1289 3313 1550 3387 πλοῦτον,
1586 3312 1879 3378 ἰδιωτικῶς

220 3408 328 3477 ζῇν
390 3402 515 3459 ἀλλ’
577 3403 637 3459 οὗ
702 3404 1006 3480 βασιλικῶς
1057 3403 1418 3474 ἐπιτάξαντες.
1480 3401 1634 3460 Ἀλλ’
1695 3406 1729 3473 ἠ
1784 3404 1879 3477 μὲν

225 3489 490 3566 Θεοδώρα
523 3495 637 3566 μετ’
685 3492 747 3546 οὗ
803 3489 947 3547 πολὺ
999 3498 1107 3548 τῶν
1158 3489 1289 3566 τῃδε
1324 3490 1657 3566 μεθίσταταιο
1691 3493 1758 3561 ἧς
1787 3493 1880 3548 τὸν

223 3583 417 3655 νεκρὸν
483 3582 620 3655 μετά
673 3585 840 3637 ταῦτα
896 3580 1277 3657 βασιλεύσαςὸ
1312 3579 1619 3649 Βασίλειος,
1671 3580 1759 3636 καῖ
1784 3583 1880 3643 τὰς

227 3672 408 3740 αὐτῆς
449 3671 759 3747 θυγατέρας,
794 3673 929 3746 πρὸς
978 3670 1039 3725 τὸ
1095 3677 1194 3740 τῆς
1242 3670 1494 3744 Μάμμης
1541 3670 1884 3740 ἐξαπέστειλε

231 3762 602 3835 μοναστήριον
684 3759 1067 3829 ἐνδιαιτᾶσθαι,
1129 3760 1158 3814 ὅ
1216 3758 1448 3833 Γάστρια
1519 3759 1879 3832 κατονομάζε·

225 3870 342 3904 ται.
402 3852 569 3906 Ἦσαν
628 3847 686 3904 δὲ
748 3854 817 3924 τῇ
875 3849 1100 3923 τοιαύτῃ
1187 3845 1426 3924 βασιλίδι
1511 3848 1727 3923 ἄῤῥενες
1787 3850 1882 3922 μὲν

229 3934 463 4015 ἀδελφοὶ
496 3937 613 4007 δύο,
674 3938 703 3993 ὅ
756 3960 814 3993 τε
848 3925 1307 4017 μηχανοῤῥάφος
1363 3938 1521 4002 οὗτος
1556 3937 1766 4014 Βάρδας
1793 3937 1884 3994 καὶ

230 4029 261 4083 ὁ
328 4032 629 4102 Ηετρωνᾶς,
687 4025 918 4105 ἀδελφαὶ
978 4028 1035 4082 δὲ
1088 4034 1257 4104 τρεῖς,
1316 4030 1509 4105 Σοφία,
1572 4029 1754 4105 Μαρία
1794 4029 1886 4085 καὶ

232 4116 472 4191 Εἶρήνη,
527 4118 602 4170 ὧν
661 4118 696 4185 ἡ
759 4117 852 4189 μὲν
914 4116 1087 4195 Σοφία
1147 4118 1537 4191 Κωνσταντίνῳ
1572 4120 1776 4188 συνήθη
1806 4123 1888 4192 τῷ

233 4200 609 4277 Βαϐουτζίκῳ,
690 4204 766 4266 εἷς
844 4205 1174 4280 μαγῖστρους
1231 4204 1497 4277 τελοῦντι,
1568 4207 1774 4282 Εἰρήνη
1831 4205 1889 4265 δὲ

237 4296 453 4369 Σεργίῳ
511 4293 804 4368 πατρικίῳ,
864 4290 1085 4370 ἀδελφῷ
1150 4295 1484 4369 τυγχάνοντι
1542 4296 1759 4351 Φωτίου
1792 4301 1889 4353 τοῦ

239 4385 378 4457 μετά
434 4388 599 4438 τοῦτα
683 4383 1049 4457 πατριάρχου,
1140 4383 1230 4437 καὶ
1281 4385 1315 4454 ἡ
1370 4384 1553 4459 Μαρία
1611 4381 1890 4460 Ἀρσαϐἡρ

235 4472 539 4548 μαγίστρῳ,
598 4469 752 4547 ἀνδρὶ
802 4471 1027 4548 γενναίῳ
1081 4471 1168 4527 καὶ
1224 4470 1276 4528 ἐν
1330 4476 1447 4536 τοῖς
1503 4473 1629 4528 τότε
1666 4480 1881 4549 καιροῖς

2063 2522 2287 2575 Praeter
2334 2520 2480 2585 haec,
2543 2534 2677 2573 cum
2742 2515 3046 2571 Theodora
3110 2514 3518 2569 consuevisset
3564 2512 3639 2568 ad

1990 2609 2194 2664 fanum
2206 2609 2471 2679 Deiparaa
2494 2606 2929 2663 Blachernense
2951 2602 3343 2674 itare,partim
3357 2600 3637 2674 precandi

1957 2721 1973 2737 -
1991 2714 2231 2753 causam
2250 2697 2466 2768 partim
2482 2702 2546 2751 ut
2567 2711 2701 2752 cum
2719 2693 2956 2750 filiabus
2988 2692 3111 2747 suis
3137 2689 3639 2760 lavaret.quodam

1990 2790 2257 2857 tempore
2288 2800 2356 2839 eo
2401 2785 2591 2856 ipsam
2623 2800 2685 2838 se
2728 2781 3051 2837 contulisse
3103 2779 3640 2836 animadvertentes

1991 2874 2314 2944 imperator
2345 2878 2402 2926 et
2432 2871 2672 2938 Bardas,
2697 2871 2875 2941 hujus
2907 2868 3252 2935 avunculus,
3293 2868 3640 2934 Petrouum,

1991 2978 2168 3032 quem
2190 2961 2384 3033 ipsum
2407 2959 2899 3030 quoquefratrem
2921 2957 3105 3013 fuisse
3120 2955 3440 3011 Theodorae
3462 2971 3641 3027 supra

1991 3049 2384 3114 ostendimus,
2424 3048 2692 3113 mittunt,
2736 3047 2834 3119 qui
2869 3062 2998 3103 eam
3052 3050 3111 3100 et
3169 3044 3317 3101 filias
3374 3044 3639 3101 detonsis

1994 3142 2140 3197 961
2170 3139 2432 3195 crinibus
2457 3139 2777 3195 monachas
2794 3137 2990 3194 faciat.
3014 3135 3227 3192 ltaillse
3251 3135 3313 3190 in
3334 3140 3637 3208 posterum

1993 3230 2056 3284 in
2104 3229 2339 3286 Cariani
2369 3228 2654 3301 palatium
2706 3228 3004 3299 relegatae,
3049 3224 3444 3296 omnibusque
3494 3240 3641 3296 quas

1988 3317 2371 3389 possidebant
2404 3317 2617 3388 opibus
2649 3315 2937 3387 spoliatas,
2968 3330 3089 3369 non
3116 3314 3300 3387 regio,
3329 3312 3432 3368 sed
3450 3313 3639 3385 priva-

1988 3413 2185 3462 torum
2214 3406 2344 3462 vitae
2401 3421 2617 3478 genere
2650 3420 2772 3459 usae
2818 3408 2981 3460 sunt.
3030 3404 3228 3474 Neque
3275 3402 3462 3459 multo
3507 3407 3640 3473 post

1991 3495 2297 3553 Theodora
2326 3512 2356 3549 e
2402 3494 2540 3550 vivis
2582 3492 2875 3550 discessit.
2926 3493 3064 3563 Ejus
3096 3491 3344 3549 cadaver
3390 3490 3639 3547 Basilius

1992 3585 2318 3656 imperator
2347 3589 2407 3639 et
2435 3583 2591 3638 filias
2614 3583 2743 3653 ejus
2764 3582 2826 3636 in
2844 3581 2984 3636 avia:
3006 3581 3639 3635 monasteriumtrans—

1990 3676 2149 3742 tulit,
2183 3676 2342 3745 quod
2385 3675 2615 3729 Gastria
2643 3672 3080 3727 nominabatur.
3105 3671 3320 3726 Habuit
3340 3671 3646 3728 Theodore.

1992 3766 2206 3825 fratres
2237 3763 2408 3826 duos,
2435 3762 2788 3818 insidiosum
2814 3761 2971 3816 hunc
2995 3759 3242 3816 Bardam
3273 3759 3555 3815 nimirum
3587 3764 3645 3814 et

1993 3842 2336 3915 Petronam.
2371 3867 2603 3907 sorores
2654 3855 2795 3915 tres,
2828 3849 3130 3919 Sophiam,
3163 3847 3401 3903 Mariam
3435 3852 3493 3902 et
3522 3848 3643 3902 Ire-

1996 3959 2155 3999 nem.
2177 3943 2255 3996 Ex
2273 3941 2364 3997 his
2396 3939 2611 4011 Sophia
2640 3938 2846 4009 nupsit
2894 3936 3282 3992 Constantino
3313 3935 3643 4007 Babutzico,

1996 4032 2097 4104 qui
2150 4030 2413 4105 magistri
2472 4029 2757 4085 honorem
2814 4026 3065 4097 adeptus
3095 4032 3225 4091 est;
3266 4026 3441 4081 lrena
3495 4041 3647 4080 uxor

1997 4120 2178 4188 Sergii
2210 4118 2473 4191 pratricii
2505 4116 2634 4183 fuit,
2657 4116 2856 4171 fratris
2877 4114 3069 4171 Photii
3094 4116 3220 4187 ejus
3238 4114 3339 4186 qui
3360 4113 3646 4186 posmodo

1996 4211 2333 4284 patriarcha
2351 4216 2439 4266 est
2480 4210 2699 4277 factus;
2724 4208 2966 4264 Mariam
3004 4207 3170 4265 duxit
3184 4208 3441 4267 Arsaber
3461 4208 3647 4275 magi-

1999 4306 2137 4361 ster,
2162 4299 2250 4355 vir
2278 4298 2599 4370 praaclarus
2621 4312 2808 4368 eoque
2837 4300 3101 4368 tempore
3123 4295 3391 4352 illustris.
3428 4297 3645 4354 Omnes

1996 4388 2164 4444 fuere
2194 4387 2385 4444 forma
2416 4386 2672 4457 eleganti
2704 4391 2762 4440 et
2787 4402 3020 4442 summa
3037 4386 3250 4442 virtute
3272 4386 3557 4458 praaditaa.
3578 4388 3648 4443 Et

2003 4478 2159 4532 hanc
2175 4476 2415 4548 quidem
2432 4475 2692 4532 moriens
2704 4474 3012 4531 Theodora
3022 4475 3368 4549 progeniem
3381 4477 3643 4548 reliquit.

244 4562 623 4638 διαπρέποντι,
658 4563 711 4617 αἱ
738 4567 904 4617 πᾶσαι
936 4560 1100 4616 καλαὶ
1129 4562 1219 4615 καὶ
1252 4562 1450 4636 ἀγαθαὶ
1490 4562 1585 4625 τὰς
1635 4562 1786 4637 ὄψεις
1842 4564 1931 4620 καὶ
1987 4565 2181 4639 ἀρετῆς
2236 4562 2495 4620 ἐλάσασαι
2546 4563 2682 4638 πρὸς
2710 4562 3029 4638 ἀκρώρειαν.
3063 4563 3165 4620 Καὶ
3197 4564 3233 4631 ἡ
3268 4564 3361 4637 μὶν
3393 4562 3648 4641 Θεοδώρα

242 4657 479 4727 ρανοῦσα
510 4650 767 4721 τοιαύτην
800 4649 1143 4706 ἀπολέλοιπε
1165 4652 1264 4720 τὴν
1293 4653 1522 4727 γεννεάν.

307 4743 367 4795 ’Π
400 4746 542 4796 πᾶσα
595 4738 651 4795 δὲ
708 4746 814 4795 τῶν
875 4744 1073 4795 κοινῶν
1131 4740 1468 4814 πραγμάτων
1502 4739 1771 4811 διοίκησις
1803 4741 1877 4805 εἷς
1910 4748 1957 4812 D

246 4828 410 4901 μόνον
469 4828 782 4900 ἐξεκυλίσθη
835 4827 927 4884 τόν
991 4825 1223 4904 Βάρδαν,
1283 4827 1563 4902 ἐστέργετό
1612 4850 1670 4887 τε
1697 4828 1883 4908 διαφε-

239 4915 443 4991 ρόντως
474 4917 621 4991 παρά
648 4920 743 4971 τοῦ
777 4914 1070 4990 βασιλέως.
1113 4918 1298 4980 Ἔνθεν
1347 4916 1438 4971 καὶ
1483 4918 1581 4987 τὴν
1629 4921 1725 4973 τοῦ
1755 4937 1890 4975 κου-

245 5003 556 5078 ροπαλάτου
622 5000 994 5077 ἀναλαμϐάνει
1064 5007 1257 5076 τιμὴν,
1344 5004 1505 5061 ἆθλον
1590 5007 1735 5085 τάχα
1788 5013 1889 5073 τῆς

244 5094 606 5166 καθαιρέσεως
663 5099 763 5163 τῆς
822 5092 988 5147 αὐτοῦ
1044 5090 1306 5170 ἀδελφῆς.
1364 5095 1588 5168 ’Έκρίνε
1613 5098 1741 5172 γοῦν
1776 5092 1887 5168 ἅμα

243 5187 322 5253 τῷ
356 5180 570 5257 βασιλεῖ
620 5182 708 5236 καὶ
767 5181 902 5236 κατά
953 5185 1062 5235 τῶν
1114 5179 1481 5254 Ἰσμαηλιτῶν
1511 5181 1889 5260 ἔκστρατεῦσαι

239 5272 328 5326 καὶ
361 5274 459 5325 τοῦ
489 5277 587 5338 τῆς
620 5271 937 5342 ΜεΛιτηνῆς
990 5266 1367 5345 ἀμηρεύοντος
1412 5274 1609 5345 Ἅμερ,
1657 5269 1777 5347 ἄρτι
1810 5271 1885 5335 εἷς

2070 4744 2311 4802 Sublata
2347 4743 2669 4807 Theodora,
2705 4744 2777 4799 iis
2808 4759 2956 4813 quos
2987 4742 3245 4800 diximus
3276 4743 3557 4800 fratribus
3588 4751 3647 4801 et

1994 4850 2091 4889 sor
2104 4834 2303 4890 oribus
2325 4833 2766 4905 superstitibus,
2782 4834 2976 4890 omnis
2993 4834 3430 4891 administratio
3447 4852 3644 4891 rerum

1996 4919 2069 4975 ad
2100 4920 2343 4977 unicum
2376 4918 2627 4978 Bardam
2675 4918 2945 4975 devoluta
2964 4925 3086 4986 est;
3131 4936 3307 4992 quem
3334 4920 3481 4975 adeo
3526 4920 3642 4975 im-

1995 5014 2233 5080 perator
2263 5009 2468 5065 dilexit
2494 5015 2559 5063 ut
2588 5009 2940 5080 curopalataa
2956 5025 3091 5065 eum
3115 5008 3645 5079 ati‘eceritdignita—

1996 5103 2075 5166 te,
2099 5099 2410 5169 praemium
2437 5097 2666 5155 scilicet
2687 5098 2760 5155 ob
2793 5102 3150 5154 summotam
3172 5111 3435 5153 sororem
3463 5096 3515 5152 ei
3536 5096 3649 5152 hoc

1996 5185 2274 5261 largiens.
2294 5187 2710 5242 Succrescente
2721 5185 3113 5259 jamprimum
3131 5184 3472 5257 imperatori
3488 5184 3651 5241 lanu-

1999 5274 2382 5346 gine,Bardas
2413 5290 2549 5331 cum
2568 5290 2636 5332 eo
2659 5274 3095 5345 expeditionem
3128 5274 3187 5328 in
3230 5272 3569 5331 Ismaelicos
3594 5280 3654 5334 et

1413 5398 1771 5453 XYLANDRI
1830 5400 1915 5455 ET
1981 5399 2194 5454 GOARI
2251 5400 2471 5453 ΝΟΤᾹΞ.

308 5496 423 5565 (44)
454 5497 623 5551 Forte
668 5493 792 5557 sic;
846 5492 1009 5548 dedit
1065 5509 1166 5549 eas
1223 5494 1465 5565 privatis
1523 5495 1888 5563 hominibus,

241 5569 343 5640 qui
372 5584 506 5623 cum
539 5583 638 5640 eas
667 5570 896 5640 gestare
920 5565 1065 5640 ipsis
1088 5568 1441 5640 permissum
1476 5573 1579 5640 aut
1607 5565 1892 5622 decorum

242 5635 364 5696 non
396 5645 570 5707 esset,
604 5638 675 5695 de
717 5636 792 5691 iis
837 5635 1459 5708 conﬂandisauroque
1488 5638 1552 5692 in
1581 5654 1736 5708 usus
1755 5655 1893 5697 suos

240 5710 523 5768 vertendo
553 5704 906 5783 cogitarunt,
936 5714 1004 5762 ut
1052 5711 1132 5778 τῷ
1175 5704 1335 5778 ἰδικῷ
1364 5704 1460 5763 “εὶι
1486 5725 1594 5779 pro
1626 5704 1888 5772 ἰδιώταις.

2000 5496 2150 5560 Quid
2183 5496 2230 5551 si
2263 5492 2452 5565 εῗδικῷ
2485 5496 2634 5551 forte
2667 5495 3011 5565 scripsit?et
3041 5501 3294 5550 monetm
3312 5512 3647 5567 percussor.

2003 5569 2103 5637 qui
2138 5568 2390 5640 formam
2421 5584 2564 5622 auro
2589 5567 2979 5640 imprimeret,
3029 5568 3113 5622 sic
3141 5569 3517 5640 appellatur?
3545 5569 3649 5626 sed

2003 5640 2226 5698 neseio.
2260 5638 2395 5695 XVL.
2430 5669 2496 5679 —-
2528 5640 2752 5694 Privato
2772 5638 2997 5695 aerario.
3024 5638 3200 5699 Galla.
