4054 6286
430 345 588 410 1047

1797 333 2112 398 GEORGII
2155 333 2490 400 GEDRENI

3663 345 3790 406 1048

430 484 707 538 Amerem
728 477 1016 533 Melitanaa
1029 475 1374 547 praefectum
1397 474 1662 546 suscipit.
1682 475 2003 542 Postquam
2024 471 2087 524 in

2217 469 2397 544 ἱνδρας
2427 477 2712 535 τελοῦντες
2767 472 2819 534 ἐς
2876 471 3146 548 αγενείων.
3206 473 3294 536 Ὦς
3353 472 3398 528 δ’
3456 477 3538 530 οὖν
3575 483 3664 546 τῆς
3703 485 3792 534 τῶν

431 570 724 625 hosticum
781 565 1078 638 progressi
1149 564 1225 620 ad
1284 565 1590 620 Samosata
1661 564 2081 634 pervenerunt,

428 659 636 713 urbem
687 672 892 711 earum
950 671 1081 725 qua:
1123 655 1296 726 juxta
1353 654 1714 726 Euphratem
1760 650 1916 706 962
1947 653 2086 704 sunt

428 747 640 819 opibus
669 762 739 800 ac
761 744 974 800 robore
1009 743 1330 816 insignem,
1347 759 1475 798 eam
1491 741 1801 797 obsidione
1815 739 2079 811 cingunt.

429 837 698 906 Cumque
721 833 1030 889 Sarraceni
1053 839 1280 888 metum
1303 832 1652 887 simulantes
1673 847 1735 884 se
1757 829 1916 884 intus
1941 843 2083 882 con-

427 924 692 980 tinerent
706 939 901 994 neque
917 923 979 976 in
999 939 1202 977 muros
1227 919 1757 990 exsillirent,quasi
1787 919 2085 973 Romano—

428 1029 562 1068 rum
620 1013 774 1067 vires
865 1011 1280 1075 formidantes,
1339 1010 1635 1064 exercitus
1710 1005 2086 1078 imperatoris

429 1117 634 1158 secure
653 1106 712 1156 et
741 1102 868 1156 sine
900 1099 1176 1156 custodia
1206 1099 1421 1171 degere
1452 1098 1680 1168 incipit.
1711 1096 1905 1152 Tertio
1928 1095 2084 1149 obsi-

429 1191 625 1246 dionis
647 1191 743 1246 die
793 1190 943 1262 (erat
992 1189 1042 1244 is
1073 1188 1412 1244 dominicus
1447 1192 1505 1241 et
1533 1187 1680 1241 feria
1710 1185 1928 1257 prima)
1955 1200 2085 1238 cum

428 1280 810 1334 incruentum
868 1276 1227 1332 sacriﬁcium
1287 1278 1693 1346 perageretur,
1767 1276 2088 1342 essentque

431 1367 644 1423 divinis
663 1364 1161 1422 communicaturi
1183 1363 1482 1436 mysteriis
1500 1361 1748 1418 Romani
1761 1359 2088 1430 ,Sarraceni

429 1457 619 1530 portis
663 1457 853 1527 passis
905 1454 1118 1510 armati
1165 1469 1296 1508 sese
1356 1452 1678 1507 effundunt
1717 1455 1776 1505 et
1825 1449 2090 1520 undique

429 1548 730 1602 Romanos
751 1544 1119 1600 adoriuntur.
1135 1543 1243 1608 Qui
1264 1541 1572 1613 inopinato
1596 1540 1854 1595 hostium
1868 1540 2094 1610 impetu

428 1634 730 1708 perterriti
761 1633 920 1688 illico
937 1633 1087 1705 fugae
1126 1647 1189 1686 se
1239 1631 1554 1686 dederunt.
1593 1631 1724 1700 Ipse
1777 1627 2096 1682 Michaelus

432 1725 526 1780 vix
557 1725 620 1780 in
641 1738 862 1794 equum
894 1721 1080 1776 evasit
1109 1736 1380 1792 aegreque
1433 1724 1702 1775 servatus
1751 1716 2097 1772 esttomnia

2200 561 2454 616 ἐναντίων
2484 559 2752 632 ἐπέϐησαν
2812 569 2916 640 γῆς
2979 563 3070 618 καὶ
3125 563 3261 618 κατά
3301 564 3366 620 τὰ
3395 566 3666 639 Σαμόσατα
3707 569 3793 644 ἐγέ·

2196 667 2355 706 νοντο
2416 649 2602 721 (πόλις
2661 649 2719 707 δὲ
2775 652 2842 706 τὰ
2909 653 3202 727 Σαμόσατα
3238 658 3346 708 τῶν
3378 659 3791 732 παρευφρατείων,

2198 737 2425 814 δυνάμει
2454 762 2514 796 τε
2545 741 2809 818 βρίθουσα
2863 741 2956 796 καὶ
3007 743 3210 818 ἱσχύϊ),
3265 745 3465 815 ταύτην
3521 744 3788 821 ἐπεχείρουν

2197 827 2539 904 πολιορκεῖν.
2629 831 3122 904 Ἐμποιησαμένων
3185 828 3242 886 δὲ
3320 837 3427 888 τῶν
3512 840 3792 906 Σαρακηνῶν

2201 916 2406 973 δειλίαν
2448 919 2538 974 καὶ
2599 918 3058 996 συγκεκλεικότων
3115 919 3316 984 αὐτοὺς
3372 916 3542 989 ἔνδον,
3570 923 3652 977 καὶ
3681 921 3795 996 μηδ-

2202 1007 2313 1068 ενὸς
2345 1005 2694 1078 ἐκπηδῶντος
2741 1013 2837 1063 τοῦ
2888 1009 3107 1084 τείχους
3163 1010 3309 1085 τάχα
3368 1008 3457 1066 διὰ
3503 1009 3688 1067 δειλίαν
3720 1021 3795 1082 τῆς

2205 1095 2494 1172 βασιλικῆς
2559 1093 2861 1170 δυνάμεως,
2944 1095 3170 1172 ἀμελῶς
3251 1098 3342 1152 καὶ
3407 1097 3707 1180 ἀφυλάκτως
3760 1102 3797 1154 οἱ

2201 1185 2468 1257 Ῥωμαῖοι
2501 1183 2716 1262 διῆγον.
2749 1187 2896 1242 Κατὰ
2955 1182 3011 1240 δὲ
3057 1187 3155 1254 τήν
3215 1185 3404 1260 τρίτην
3449 1190 3543 1250 τῆς
3572 1185 3798 1266 ἐφεδρείας

2202 1276 2414 1351 ἡμέραν
2547 1275 2720 1350 Κυρία
2749 1273 2808 1330 δὲ
2843 1275 2906 1350 ᾖν
2967 1276 3055 1330 καὶ
3108 1277 3301 1350 πρώτη
3343 1283 3452 1332 τῶν
3482 1281 3702 1350 ἡμερῶν)
3725 1286 3802 1346 τῆς

2204 1363 2541 1436 ἀναιμάκτου
2603 1363 2787 1426 θυσίας
2841 1363 3294 1439 ἐπιτελουμένης,
3355 1364 3408 1421 ἐν
3459 1366 3495 1440 ᾖ
3533 1371 3632 1421 τῶν
3676 1368 3798 1420 θείων

2205 1450 2442 1526 ἔμελλον
2474 1459 2766 1531 μετασχεῖν
2831 1455 3170 1530 μυστηρίων,
3226 1454 3323 1517 τὰς
3379 1456 3555 1517 πύλας
3583 1456 3629 1510 οἳ
3660 1462 3800 1531 Σαρα-

2206 1543 2362 1613 κηνοῖ
2403 1540 2816 1605 διαπετάσαντες
2862 1543 2956 1598 καὶ
3001 1545 3117 1616 μεθ’
3177 1543 3366 1600 ὅπλων
3419 1543 3802 1616 ἐκπεπηδηκότες

2207 1632 2462 1686 πάντοθεν
2510 1631 2812 1688 ἐπετίθεντο
2877 1637 2996 1695 τοῖς
3053 1635 3373 1707 Ῥωμαίοις.
3414 1637 3495 1704 [Ρ.
3528 1637 3643 1708 546]
3676 1636 3732 1691 Οἱ
3762 1632 3804 1689 δέ

2207 1724 2288 1792 τῷ
2354 1717 2608 1792 ἀδοκήτῳ
2675 1720 3105 1797 καταπλαγέντες
3176 1729 3276 1791 τῆς
3347 1722 3624 1786 ἐπιθέσεως
3683 1722 3805 1781 εὐθὺς

436 1814 626 1886 ipsius
658 1816 718 1867 et
755 1811 1047 1868 exercitus
1102 1809 1532 1880 impedimenta
1561 1807 1634 1863 ab
1687 1807 1855 1862 hoste
1905 1811 2096 1877 capta,

2217 1809 2346 1906 πρρς
2372 1810 2550 1886 φυγὴν
2573 1807 2868 1906 ῶρμησαν.
2919 1812 3083 1906 ’Ένθα
3135 1811 3228 1865 καὶ
3278 1811 3512 1886 Μιχαήλ
3543 1812 3570 1866 6
3602 1809 3806 1886 βασιλεὺς

435 1905 737 1978 praecipua
755 1902 869 1958 fuit
891 1917 958 1956 eo
983 1899 1265 1955 conflictu
1285 1900 1471 1954 virtus
1503 1897 1710 1953 Darbaa
1742 1895 2095 1952 Manichaeo-

441 2010 576 2048 rum
597 1993 786 2058 ducis,
819 1991 919 2062 qui
952 2007 1072 2045 non
1087 1989 1262 2044 modo
1287 1989 1509 2044 multos
1531 1987 1794 2042 militum
1817 1986 2102 2041 obscuros

441 2084 678 2156 dejecit,
704 2082 808 2136 sed
831 2087 891 2136 et
905 2079 1064 2136 haud
1084 2079 1396 2151 pauciores
1418 2083 1654 2133 centum
1675 2077 1747 2132 de
1769 2076 2099 2131 illustribus

441 2173 690 2230 ducibus
707 2176 884 2242 atque
914 2175 1250 2224 turmarum
1295 2167 1590 2239 prmfectis
1611 2167 1772 2221 vivos
1793 2165 1979 2237 cepit;
1995 2166 2098 2236 qui

439 2261 654 2319 deinde
676 2264 990 2315 numerato
1007 2257 1436 2328 redemptionis
1461 2257 1652 2327 pretio
1671 2255 1902 2310 dimissi
1936 2260 2092 2311 sunt.

439 2352 613 2408 Solus
644 2350 803 2404 Seon
833 2349 952 2404 dux
991 2346 1296 2418 00piarum
1327 2347 1390 2400 in
1423 2344 1694 2400 custodia
1751 2345 2092 2416 exspiravit.

2208 1895 2372 1970 μόλις
2400 1917 2504 1951 που
2534 1897 2626 1952 τὸν
2674 1895 2846 1953 ’ἵππον
2908 1893 3110 1961 ἀναϐὰς
3168 1897 3428 1975 ἐργωδῶς
3476 1898 3708 1968 διεσώθη,
3732 1906 3807 1966 τῆς

2209 1985 2519 2055 ἀποσκευῆς
2577 1985 2754 2056 πάσης
2805 1991 2902 2042 τοῦ
2961 1985 3229 2061 βασιλέως
3260 1990 3352 2042 καὶ
3382 1993 3490 2044 τῶν
3520 1992 3806 2063 στρατιωτῶν

2211 2073 2515 2152 ληφθείσης
2564 2075 2708 2150 παρὰ
2768 2079 2874 2131 τῶν
2933 2073 3242 2150 πολεμίων,
3273 2083 3375 2132 τοῦ
3403 2082 3508 2132 τῶν
3537 2075 3808 2151 Μανιχαίων

2211 2163 2580 2239 ἐξηγουμένου
2639 2160 2849 2238 Καρϐἐα
2909 2163 3124 2239 μᾶλλον
3205 2171 3312 2221 τῶν
3379 2165 3562 2222 ἄλλων
3613 2167 3810 2240 ipim-5-

2208 2275 2422 2323 σαντος,
2484 2253 2575 2308 καὶ
2631 2249 3034 2317 καταϐαλόντος
3107 2255 3168 2310 οὗ
3231 2257 3400 2328 μόνον
3459 2254 3688 2316 πολλοὺς
3732 2258 3813 2307 τῶν

2207 2343 2423 2420 ἀφανῶν
2477 2350 2580 2413 τῆς
2637 2348 2911 2418 στρατιᾶς,
2969 2341 3117 2400 ἀλλὰ
3173 2345 3265 2400 καὶ
3324 2345 3563 2421 ζωγρίας
3601 2339 3810 2406 λαϐόντος

439 2438 538 2494 οὐκ
569 2435 788 2509 ὀλίγους
820 2438 922 2490 τῶν
953 2433 1248 2511 ἐπιφανῶν,
1280 2430 1622 2508 στρατηγοὺς
1653 2431 1743 2485 καὶ
1772 2430 2131 2506 τουρμάρχας
2163 2430 2262 2486 οὐκ
2295 2429 2554 2496 ἐλάττους
2581 2435 2688 2486 τῶν
2722 2431 2934 2502 ἑκατὸν,
2962 2434 3034 2488 ὧν
3058 2435 3109 2488 οἱ
3145 2435 3239 2508 μέν
3272 2431 3441 2490 ἄλλοι
3473 2433 3634 2508 λυτρα
3661 2431 3804 2493 δόντες

439 2522 810 2593 ἀπελύθησαν,
847 2521 1012 2594 μόνος
1042 2518 1100 2576 δὲ
1125 2520 1284 2591 Σηὼν
1315 2522 1341 2574 ὁ
1374 2519 1682 2596 στρατηγὸς
1708 2523 1777 2593 τῇ
1808 2517 2038 2596 φυλακῇ
2071 2518 2384 2594 ἐναπέψυξε.

509 2613 754 2670 Biennio
767 2612 1233 2684 elapso,rursum
1247 2612 1425 2665 Amer
1435 2614 1637 2666 coacto
1651 2609 1893 2680 triginta
1916 2608 2095 2664 milli-

439 2708 550 2762 bus
565 2705 726 2760 haud
744 2703 976 2758 minore
999 2703 1286 2770 exercitu,
1307 2701 1367 2756 in
1383 2703 1784 2756 Romanorum
1799 2699 2101 2772 ingressus

441 2800 531 2850 est
553 2790 1218 2858 ditionem.Michaelus,
1244 2795 1310 2845 ut
1334 2789 1566 2844 cladem
1599 2789 1766 2860 prius
1795 2793 2100 2860 acceptam

440 2883 688 2939 victoria
706 2885 1140 2954 compensaret,
1175 2879 1412 2935 collutis
1441 2879 1733 2934 Thracum
1749 2884 1805 2932 et
1828 2865 2100 2933 Macedo;

441 2989 588 3030 num
607 2971 682 3028 ad
714 2967 1385 3043 quadragintaﬁquinque
1411 2967 1679 3022 millibus
1701 2967 1754 3022 ei
1777 2966 2011 3022 obviam
2035 2967 2100 3021 it.

445 3063 558 3118 Sed
581 3067 758 3117 Amer
791 3077 860 3115 eo
885 3057 1310 3130 cognito,963
1335 3073 1442 3128 per
1481 3055 1754 3110 difﬁcilia
1782 3055 1912 3110 loca
1941 3071 2106 3110 com-

2280 2609 2499 2682 Χρόνων
2560 2605 2618 2662 δὶ
2676 2606 2775 2664 δύο
2828 2608 3297 2684 παραδραμόντων
3359 2611 3523 2667 πάλιν
3590 2613 3617 2666 6
3675 2613 3812 2682 Ἀμερ

2212 2697 2439 2772 στρατὸν
2518 2697 2884 2773 ἐπαγόμενος,
2983 2699 3084 2754 οὐκ
3179 2697 3410 2756 ἔλαττον
3509 2700 3814 2776 τρισμυρίων,

2212 2783 2552 2860 ἐπιστρατεύει
2610 2787 2748 2842 κατά
2811 2787 3124 2860 Ῥωμαίων.
3209 2790 3270 2846 Ὁ
3359 2789 3592 2865 Μιχαὴλ
3645 2786 3696 2843 δὲ
3739 2790 3814 2856 τήν

2213 2876 2478 2951 προτέραν
2525 2876 2692 2946 ἧτταν
2751 2875 3180 2942 ἀνακαλέσασθαι
3239 2877 3604 2953 βουλόμενος,
3635 2877 3816 2953 στρατὸν

2213 2968 2305 3023 καὶ
2354 2967 2514 3031 αὐτὸς
2564 2971 2924 3044 συναγηοχὼς
2973 2967 3032 3025 ἔκ
3087 2991 3148 3025 τε
3195 2977 3424 3045 Θρᾳκῶν
3478 2971 3566 3026 καὶ
3613 2965 3818 3028 Max:36-

2215 3079 2323 3112 νων
2355 3059 2479 3134 περῖ
2531 3059 2627 3121 τὰς
2683 3060 2945 3136 τέσσαρας
3002 3059 3178 3133 ἥμισυ
3233 3060 3528 3136 μυριάδας,
3559 3059 3702 3132 ἔξεισι
3726 3058 3822 3114 κατ’

3586 3107 3606 3132 Ἴ

445 3151 732 3225 pendioso
748 3150 866 3204 fato
880 3145 1318 3215 itinere,subito
1333 3161 1471 3200 eum
1493 3145 1554 3199 in
1581 3143 1776 3212 vadit,‘
1789 3145 2102 3216 copiasque

2220 3147 2406 3204 αὐτοῦ.
2436 3149 2607 3220 ’Όπερ
2645 3149 2830 3221 μαθὼν
2861 3155 3064 3224 “¹Αμερ,
3127 3147 3220 3205 διὰ
3273 3171 3440 3206 τινων
3475 3151 3678 3227 χωρίων
3721 3145 3822 3202 6w-

446 3241 692 3296 hostiles
702 3238 900 3294 fundit
912 3238 1095 3308 inque
1109 3236 1308 3307 fugam
1323 3235 1586 3306 conjicit.
1599 3234 1869 3289 Venisset
1884 3239 2022 3289 tunc
2042 3235 2104 3288 in

446 3331 708 3386 hostium
721 3333 1073 3400 potestatem
1087 3324 1548 3392 Michaelus,nisi
1563 3323 2104 3379 Manuelusschola-

445 3437 580 3476 rum
602 3418 963 3474 domesticus
985 3415 1276 3487 phalange
1291 3419 1574 3485 perrupta
1605 3430 1741 3469 eum
1765 3414 2102 3485 eripuisset,

453 3507 702 3579 reliquis
724 3505 1004 3560 omnibus
1023 3509 1090 3558 ut
1105 3503 1360 3574 quisque
1383 3507 1614 3572 poterat
1633 3501 1773 3574 fuga
1793 3502 2099 3573 dispersis.

2213 3236 2416 3311 χώρων
2475 3235 2754 3310 ἐπιτόμων
2811 3235 2869 3292 δέ
2923 3239 3022 3306 τὴν
3075 3239 3294 3314 πορείαν
3358 3241 3712 3314 ποιησάμενος
3751 3237 3822 3290 καὶ

2214 3322 2482 3404 αἰφνίδιον
2549 3327 2892 3401 προσπεσὼν,
2984 3326 3245 3402 ἐτρέψατο
3312 3328 3454 3385 κατᾶ
3515 3329 3694 3404 κράτος
3749 3325 3820 3380 τδν

2218 3411 2445 3486 βασιλέα
2492 3413 2584 3468 καὶ
2633 3415 2768 3490 πρὸς
2824 3418 2997 3492 φυγὴν
3048 3417 3352 3490 ἠνάγκασεν
3402 3415 3625 3473 ἀπιδεῖν.
3655 3417 3821 3487 Μικροῦ

2216 3498 2262 3556 δ’
2294 3497 2353 3556 ἀν
2385 3504 2475 3556 καὶ
2507 3501 2632 3572 ἢλω
2665 3503 3050 3578 αἰχμάλωτος,
3103 3505 3148 3559 έῖ
3203 3507 3279 3578 μή
3331 3504 3594 3577 Μανουήλ
3635 3507 3660 3560 6
3695 3501 3820 3576 δομέ·

451 3615 634 3658 στικος
655 3597 762 3650 τῶν
794 3592 1016 3672 σχολῶν
1048 3591 1148 3660 τήν
1182 3588 1434 3666 φάλαγγα
1465 3586 1727 3663 διακόψας
1759 3589 1921 3644 αὐτὸν
1963 3585 2282 3663 διεσώσατο,
2344 3595 2450 3646 τῶν
2508 3591 2694 3648 ἄλλων
2745 3593 2979 3666 πάντων,
3023 3594 3205 3670 ὧσπερ
3235 3589 3428 3652 ἔτυχεν
3456 3593 3667 3656 ἕκαστος
3696 3591 3816 3658 δυνη-

453 3685 588 3756 θεὶς,
621 3681 1048 3757 διασπαρέντων.

525 3778 746 3831 Iterum
803 3771 1024 3828 bienno
1083 3771 1156 3827 ab
1218 3771 1326 3826 hac
1383 3785 1582 3842 pugna
1652 3775 1878 3837 exacto,
1931 3772 2114 3824 Amer

455 3865 846 3938 quadraginta
857 3861 1115 3918 millium
1131 3861 1456 3916 exercitum
1475 3857 1880 3928 educit,inque
1896 3861 2112 3913 Roma-

455 3971 561 4010 nas
606 3951 942 4024 provincias
972 3950 1365 4020 impressione
1415 3948 1570 4003 facta
1603 3947 1786 4002 simul
1817 3953 1875 4002 et
1903 3949 2114 4001 Arme-

454 4047 618 4100 niam
671 4046 730 4095 et
777 4039 1078 4095 maritima
1133 4037 1454 4110 populatur
1505 4043 1683 4107 atque
1740 4041 1946 4092 vastat.
1989 4037 2112 4101 Quo

455 4132 696 4206 quidem
727 4135 993 4201 tempore
1027 4127 1322 4183 imitatum
1373 4143 1509 4182 eum
1558 4126 1762 4182 ferunt
1789 4125 1996 4180 Xerxis
2023 4125 2113 4182 fa-

455 4227 636 4289 ctum,
665 4219 766 4292 qui
789 4235 951 4274 mare
974 4216 1172 4290 flagris
1187 4215 1366 4271 caadis
1381 4215 1839 4286 jusserat,quod
1861 4213 2112 4268 ulterius

456 4312 569 4368 sibi
617 4327 753 4366 cum
784 4309 1082 4378 voluptate
1123 4304 1544 4378 progrediendi
1592 4303 1936 4359 facultatem
1967 4303 2110 4358 ade-

456 4400 682 4456 misset.
731 4399 866 4451 Hzec
909 4393 1163 4468 graviter
1190 4392 1393 4448 ferens
1441 4390 1760 4447 Michaelus
1793 4393 2110 4446 Petronam

457 4487 816 4544 avunculum
843 4499 1039 4552 suum,
1073 4482 1173 4553 qui
1205 4487 1333 4536 tum
1365 4479 1799 4536 Thracensibus
1833 4485 2108 4551 prayerat,

459 4593 594 4633 cum
623 4573 906 4630 Romanis
929 4570 1289 4627 exercitibus
1315 4569 1479 4625 omni
1501 4569 1554 4623 vi
1579 4575 1787 4624 contra
1818 4585 1953 4624 eum
1985 4587 2116 4641 pro-

462 4665 648 4722 ﬂcisci
663 4661 1125 4736 jubet.Degebat
1144 4665 1270 4714 tum
1293 4659 1452 4730 apud
1485 4660 1782 4732 Ephesum
1805 4661 2110 4718 Petronas.

462 4758 724 4824 Cumque
763 4751 980 4806 litteris
1010 4749 1270 4822 acceptis
1319 4750 1384 4804 in
1443 4749 1763 4805 maximam
1809 4749 2117 4806 incidisset

2296 3767 2548 3844 Δεύτερος
2589 3769 2754 3825 πάλιν
2800 3770 2933 3842 μετὰ
2989 3771 3081 3826 τὸν
3141 3772 3390 3846 πόλεμον
3430 3777 3617 3828 τοῦτον
3644 3768 3816 3839 διῆλθεν

2223 3855 2482 3925 ἐνιαυτός,
2545 3858 2637 3912 καὶ
2703 3856 2868 3913 πάλιν
2938 3861 2966 3914 ὁ
3029 3862 3206 3934 ’Ἃμερ
3275 3863 3415 3935 μετᾶ
3481 3859 3820 3931 τεσσαράκοντα

2224 3943 2498 4025 χιλιάδων
2569 3945 2956 4022 ἐκστρατεύσας
3015 3943 3278 4018 εἰσϐολὴν
3363 3950 3652 4021 ἐποιήσατο
3718 3943 3818 4000 uti

2223 4035 2534 4108 Ῥωμαίων,
2597 4037 2740 4110 ὁμοῦ
2803 4037 2896 4110 μὶν
2944 4037 3032 4092 καὶ
3089 4039 3188 4106 τήν
3231 4039 3755 4114 Ἀρμενιακήηόμόῦ
3778 4029 3819 4085 δὲ

2225 4124 2316 4180 καὶ
2370 4127 2468 4194 τήν
2525 4125 2662 4201 πρὸς
2719 4124 2988 4181 θάλασσαν
3049 4125 3328 4202 ἐκπορθῶν
3399 4129 3490 4183 καὶ
3549 4125 3817 4201 δῃοόμενος,

2226 4211 2315 4268 ὅτε
2343 4215 2500 4292 φασὶν
2533 4215 2695 4269 αὐτὸν
2750 4213 3154 4289 παραπλησίως
3193 4221 3273 4287 τῷ
3334 4216 3514 4292 Ξέρξῃ
3563 4216 3716 4278 πάθος
3743 4229 3817 4263 πα-

2228 4305 2362 4372 θεῖν,
2414 4303 2630 4374 μάστιξι
2685 4302 3038 4366 κελεύσαντος
3085 4305 3261 4360 παίειν
3312 4307 3414 4376 τὴν
3465 4304 3729 4368 θάλασσαν,
3755 4296 3814 4352 ὅτι

2229 4391 2305 4463 μή
2373 4392 2676 4466 περαιτέρω
2741 4393 3218 4468 προήκατοτοῦτον
3305 4399 3532 4470 χωρεῖν,
3607 4391 3706 4466 Ἐφ’
3755 4384 3816 4444 οἷς

2225 4478 2523 4553 ἀσχάλλων
2573 4480 2602 4534 ὁ
2655 4478 2912 4555 Μιχαὴλ,
2970 4482 3060 4535 καὶ
3095 4481 3262 4537 πάλιν
3307 4483 3469 4545 αὐτὸς
3501 4478 3814 4553 ἀντιστρατεῦ-

2225 4588 2312 4622 σαι
2343 4568 2478 4643 πρὸς
2506 4567 2665 4622 αὐτὸν
2720 4571 2796 4642 μὴ
2853 4570 3103 4643 τολμῶν,
3162 4570 3252 4626 τὸν
3310 4578 3413 4641 τῆς
3445 4573 3628 4626 ἑαυτοῦ
3658 4562 3818 4641 μητρὸς

2227 4657 2458 4732 ἀδελφὸν
2519 4661 2825 4734 ΙΙετρωνᾶν,
2897 4662 3003 4712 τῶν
3088 4661 3407 4734 Θρᾳκησίων
3467 4659 3698 4716 διέποντα
3746 4653 3817 4718 τὴν

2223 4747 2426 4822 ἀρχὴν,
2457 4747 2552 4808 τὰς
2579 4747 2894 4820 Ῥωμαϊκὰς
2955 4744 3214 4822 δυνάμεις
3273 4749 3524 4806 ἐκέλευσε
3555 4742 3720 4804 λαϐεῖν
3750 4738 3814 4794 καὶ

463 4841 951 4909 sollicitudinem,
981 4838 1143 4893 illico
1176 4838 1250 4893 ad
1283 4843 1551 4893 montem
1574 4839 1805 4892 Latram
1837 4855 2019 4910 eques
2051 4841 2102 4907 it

2224 4835 2381 4892 παντί
2457 4837 2628 4890 σθένει
2694 4841 2896 4912 χωρεῖν
2948 4837 3065 4892 κατ’
3123 4837 3311 4895 αὐτοῦ.
3363 4839 3566 4914 Ἔτυχε
3613 4834 3652 4890 δ’
3697 4829 3816 4886 οὗτος

459 4937 866 5003 Joannemque
886 4929 1244 4984 monachum
1259 4927 1556 4982 celebrem
1571 4927 1782 4982 virtute
1805 4927 1887 4982 ibi
1904 4929 2116 5000 degen-

462 5033 585 5082 tem
608 5025 681 5080 de
711 5040 774 5079 re
797 5019 1276 5088 consulit.Atque
1299 5017 1350 5072 is
1382 5017 1680 5088 extemplo
1704 5017 1758 5072 ei
1779 5019 2110 5090 respondit:

467 5135 495 5164 α
516 5112 920 5178 Proﬁciscere,
948 5105 1055 5174 fili,
1077 5110 1286 5160 contra
1317 5104 1668 5160 Sarracenos
1693 5122 1706 5160 :
1740 5105 1923 5161 Deum
1957 5106 2116 5160 enim

465 5203 773 5259 ductorem
803 5197 1071 5254 habebis.
1099 5217 1128 5246 »
1153 5193 1342 5265 Hujus
1367 5199 1632 5250 armatus
1653 5195 1800 5250 votis
1831 5196 2116 5251 Petronas

469 5292 793 5348 exercitum
852 5289 926 5344 ad
981 5286 1390 5342 Lalacaeonem
1444 5284 1584 5356 (loci
1619 5285 1730 5341 hoc
1761 5290 1852 5340 est
1875 5285 2117 5356 nomen)

469 5380 655 5444 ducit,
687 5385 745 5434 et
779 5377 1143 5448 indiquaque
1174 5375 1331 5429 964
1352 5375 1560 5444 positis
1590 5373 1824 5428 insidiis
1843 5376 2116 5429 Amerem

471 5469 546 5525 ad
588 5482 846 5538 pugnam
901 5467 1215 5538 provocat.
1244 5463 1351 5528 Qui
1401 5463 1541 5517 feras
1600 5463 1786 5517 instar
1842 5463 2118 5535 indagine

474 5557 702 5612 cinctus
721 5554 914 5624 deque
946 5553 1103 5607 exitu
1133 5552 1366 5621 anxius,
1398 5550 1472 5604 de
1503 5550 1762 5621 regionis
1793 5550 2024 5621 locique
2057 5552 2119 5606 in

473 5662 590 5718 quo
613 5648 805 5700 castra
829 5646 1106 5712 posuerat
1127 5646 1184 5694 et
1203 5639 1365 5694 ﬂuvii
1393 5639 1866 5710 praeterlabentis
1877 5640 2120 5695 nomine

2225 4920 2516 5000 διατρίϐων
2570 4926 2692 4980 τότε
2771 4926 2906 4980 κατά
2959 4927 3058 4994 τὴν
3154 4931 3404 5005 Ἔφεσον.
3463 4913 3730 4997 Δεξάμενος
3775 4913 3818 5005 δὲ

2222 5014 2288 5068 τὰ
2315 5014 2610 5090 γράμματα
2641 5013 2718 5075 εἷς
2771 5013 3005 5088 ἀγωνίαν
3061 5003 3318 5086 ἐμπίπτει
3377 5015 3648 5092 μεγίστην.
3685 5003 3820 5069 Εὗθδς

2226 5099 2316 5156 οὖν
2371 5100 2800 5176 ἐξιππασάμενος
2860 5101 3072 5157 ἄπεισιν
3133 5101 3183 5158 ἐν
3242 5107 3321 5175 τῷ
3374 5105 3490 5178 ὃρει
3541 5107 3616 5174 τῷ
3663 5098 3818 5166 Λᾶτρει

2223 5191 2360 5265 πρὸς
2418 5189 2508 5244 τὸν
2567 5188 2737 5246 ἐκεῖσε
2793 5190 3130 5264 ἀσκούμενον
3191 5193 3436 5271 μοναχὸν
3483 5191 3730 5257 Ἰωάννην,
3757 5178 3821 5237 ἐπ’

2225 5279 2392 5356 ἀρετῇ
2446 5281 2574 5336 δντα
2625 5286 2706 5354 τῷ
2753 5281 2876 5336 τότε
2933 5275 3243 5351 διαϐόητον,
3301 5283 3394 5338 καὶ
3449 5281 3568 5359 περὶ
3613 5282 3698 5334 τοῦ
3718 5273 3822 5349 πρᾶο

2227 5391 2436 5444 γματος
2512 5369 2850 5434 ἐπυνθάνετο.
2918 5370 2980 5428 Ὁ
3057 5367 3115 5425 δέ
3194 5369 3466 5445 μηδαμῶς
3531 5363 3820 5444 ἐμϐραδόνας

2227 5461 2364 5532 πρὸς
2394 5460 2495 5528 τήν
2527 5457 2818 5532 ἐρώτησιν,
2869 5485 2896 5511 «
2932 5461 3142 5528 "Amet,
3192 5463 3398 5530 τὲγνον,
3434 5484 3462 5512 ››
3511 5459 3628 5537 ἔφη,
3659 5483 3677 5507 ι
3713 5450 3816 5506 κατὰ

2225 5553 2334 5604 τῶν
2388 5553 2738 5625 Σαρακηνῶν·
2793 5549 2920 5602 Θεὸν
2975 5548 3081 5624 γὰρ
3119 5549 3254 5620 ἓξεις
3311 5547 3814 5626 προπορευόμὲνον.υ

2228 5638 2438 5695 Τούτου
2503 5635 2890 5702 καθοπλισθεὶς
2952 5643 3071 5700 ταῖς
3133 5637 3323 5714 εὐχαῖς
3381 5638 3554 5694 ἄπεισι
3605 5633 3722 5690 κατεῖ
3743 5629 3813 5682 τὸν
