4056 6276
246 403 400 465 1οι9

1378 393 1929 456 ΗΙΞΤΟΒΙΑΗΗΜ
1975 394 2482 465 COMPENDIUM
2496 448 2511 466 .

3495 397 3651 461 1050

246 538 537 612 λεγόμενον
572 533 931 590 Λαλακαίωνα
989 534 1099 606 (45)
1154 530 1343 597 τόπον,
1391 530 1481 584 καὶ
1516 529 1722 605 λόχους
1754 550 1884 585 πανε

2007 539 2321 606 quemdam
2356 558 2386 595 e
2418 543 2660 614 captivis
2682 543 2966 599 Romanis
3014 543 3358 613 interrogat.
3382 540 3648 610 Cumque

246 628 482 683 ταχόθεν
538 624 820 695 ἐπέστησε,
878 622 967 677 καὶ
1020 622 1155 695 πρὸς
1216 618 1541 693 συμπλοκὴν
1592 618 1897 690 ἐξεκαλεῖτο

246 717 340 770 τὸν
367 717 569 789 Ἀμερ.
602 714 873 777 Πάντοθεν
925 709 1015 765 οὖν
1067 710 1142 772 ὡς
1183 709 1370 783 θηρίον
1399 709 1585 782 περίον
1617 706 1896 783 περικλει-

250 805 390 865 σθεὶς
456 803 484 857 6
537 805 735 877 ’Δμερ,
792 800 883 854 καὶ
939 798 1061 873 περὶ
1117 800 1216 852 τοῦ
1269 794 1461 857 τέλους
1491 796 1760 872 ἀγωνιῶν,
1785 802 1896 852 τῶν

250 892 627 971 αἰχμαλώτων
754 890 875 944 τινα
994 884 1283 961 Ῥωμαίων
1393 885 1902 961 προσκαλεσάμενος

246 979 563 1045 ἐπυνθάνετο
613 980 714 1047 τὴν
768 999 827 1033 τε
877 982 976 1046 τῆς
1033 973 1218 1051 χώρας
1249 973 1637 1049 προσωνυμίαν
1667 974 1754 1030 καὶ
1787 980 1884 1029 τοῦ

244 1072 412 1126 τόπον
474 1070 526 1125 ἐν
585 1069 630 1142 ᾦ
686 1066 876 1143 ἔτυχεν
946 1063 1437 1141 ἐστρατοπεδεκὼς,
1493 1066 1583 1120 καὶ
1638 1071 1735 1121 τοῦ
1791 1090 1898 1124 πα-

250 1161 566 1237 ραῤῥέοντος
608 1162 883 1230 ποταμοῦ.
938 1157 1027 1218 Ὧς
1087 1153 1143 1210 δὲ
1200 1156 1298 1223 τὴν
1362 1155 1457 1229 μὲν
1489 1156 1676 1230 χώραν
1710 1158 1896 1213 Λαλα-

245 1250 453 1304 καίωνα
481 1248 684 1318 ἢκουσε
715 1245 983 1321 λέγεσθαι,
1028 1245 1121 1298 τὸν
1173 1241 1230 1298 δὲ
1258 1249 1427 1299 τόπον
1461 1245 1752 1300 ΙΙτώσοντα
1782 1249 1895 1320 (46)

245 1338 334 1394 καὶ
369 1338 543 1411 Γόρην
598 1337 692 1391 τὸν
749 1334 1020 1407 ποταμὸν,
1078 1334 1165 1405 [Ρ.
1197 1336 1323 1405 547]
1376 1332 1531 1397 εὐθὺς
1571 1334 1736 1397 κακὸς
1766 1336 1893 1389 οἱω-

244 1428 335 1489 νὸς
392 1428 567 1498 ἑαυτῷ
632 1424 928 1502 γενόμενος
984 1415 1294 1501 ἐξεφοίϐασε
1348 1419 1485 1476 λαοῦ
1544 1442 1603 1477 τε
1656 1423 1892 1478 κάκωσιν

250 1516 527 1588 σημαίνειν
559 1516 646 1569 καὶ
678 1518 882 1569 πτῶσιν
942 1512 1009 1567 τὰ
1067 1510 1327 1583 ὀνόματα,
1392 1511 1484 1566 καὶ
1545 1512 1619 1574 ὠς
1654 1514 1892 1587 Ἀνάγκη

248 1607 567 1681 γυρισθῆναι
595 1607 706 1676 (47)
733 1605 879 1674 ἡμᾶς
938 1602 1041 1655 ὑπὸ
1095 1600 1398 1673 Ῥωμαίων.
1442 1599 1601 1657 Ἀλλ’
1629 1601 1782 1673 ὅμως
1817 1604 1891 1675 μή

248 1692 606 1764 ἀποκνητέον,
666 1691 853 1769 φησὶν,
906 1687 1054 1745 ἀλλὰ
1112 1687 1410 1764 διεγερτέον
1468 1688 1558 1743 καὶ
1616 1691 1753 1765 πρὸς
1800 1692 1893 1745 τὸν

248 1780 433 1858 αὔριον
487 1782 844 1857 γενησόμενον
903 1779 1149 1852 πόλεμον
1206 1774 1539 1852 ἂνδριστέον,
1598 1772 1697 1855 ἔφη
1758 1781 1895 1855 πρὸς

2007 625 2241 681 audiret
2270 630 2491 701 regioni
2552 632 2929 698 Lalacaaonis,
2962 632 3093 687 loco
3136 630 3455 698 Ptosontis,
3489 630 3647 684 amni

2010 714 2176 785 Gyris
2197 732 2417 773 nomen
2449 737 2597 786 esse,
2624 722 2822 776 statim
2873 721 3026 776 male
3057 721 3167 775 sibi
3207 721 3320 791 ipsi
3350 719 3647 776 ominatus

2008 803 2276 874 prmdicit
2302 807 2445 877 ipsis
2473 810 2666 865 verbis
2697 811 3001 881 cupiarum
3048 809 3301 876 cladem,
3336 825 3553 879 easque
3585 808 3644 861 in

2008 909 2215 966 gyrum
2246 896 2544 952 inclusum
2594 900 2664 952 iri
2697 916 2731 954 a
2786 900 3087 965 Romanis,
3120 900 3477 955 denuntiari.
3502 900 3648 953 Suos

2009 988 2208 1038 tamen
2243 991 2447 1041 monet
2475 988 2559 1041 uti
2590 1005 2664 1043 ne
2697 989 3036 1060 desperent,
3070 989 3172 1043 sed
3222 989 3452 1043 fortiter
3483 1004 3544 1042 se
3577 986 3649 1042 ad

2006 1074 2289 1143 postridie
2322 1074 2581 1130 futuram
2612 1094 2870 1148 pugnam
2902 1083 3131 1148 parent.
3164 1076 3651 1147 Utilluxit,undi-

2017 1178 2130 1232 que
2161 1179 2223 1216 se
2256 1163 2553 1219 inclusum
2576 1182 2643 1220 ac
2673 1165 3123 1220 nullibiexitum
3143 1171 3341 1236 patere
3367 1166 3651 1231 sentiens,

2016 1266 2085 1305 eo
2110 1251 2194 1306 ire
2221 1252 2478 1307 decrevit
2493 1254 2594 1308 ubi
2608 1256 2923 1309 Petronam
2938 1254 3252 1308 stationem
3273 1259 3475 1308 tenere
3493 1253 3655 1308 vide-

2002 1340 2124 1408 bat,
2149 1340 2434 1413 hosteque
2472 1359 2684 1415 magno
2727 1360 2863 1398 cum
2920 1343 3131 1415 plausu
3164 1349 3221 1397 et
3251 1342 3511 1397 clamore
3558 1343 3645 1396 in-

2003 1430 2181 1485 vadit.
2234 1431 2346 1485 Sed
2404 1437 2681 1487 conatum
2724 1449 2897 1487 suum
2936 1432 3171 1486 irritum
3226 1448 3354 1486 esse
3404 1448 3653 1486 cernens

2005 1518 2311 1589 paululum
2344 1538 2403 1574 se
2453 1522 2699 1593 recipit;
2759 1537 3115 1592 rursumque
3164 1521 3303 1575 inde
3363 1521 3651 1592 impetum

2003 1602 2164 1671 facit,
2197 1605 2516 1675 eﬂ‘ugiendi
2549 1613 2793 1677 captans
2833 1608 3227 1662 occasionem.
3250 1604 3511 1658 Tertium
3539 1604 3649 1657 hoc

2004 1692 2224 1749 frustra
2272 1701 2521 1750 conatus
2550 1702 2607 1750 et
2638 1696 2700 1750 in
2750 1701 3012 1751 extremo
3054 1695 3409 1750 constitutus
3439 1693 3648 1748 discri-

2005 1783 2511 1854 mine,postquam
2532 1785 2796 1856 undique
2818 1802 2889 1840 ex
2918 1784 3151 1839 insidiis
3184 1800 3312 1839 sese
3345 1783 3648 1854 proripere

245 1874 372 1934 τοὺς
438 1871 727 1946 παρόντας.
794 1868 1033 1943 Ἡμέρας
1120 1864 1177 1921 δὲ
1261 1864 1383 1941 ἀρτι
1451 1863 1884 1939 διαλαμπούσης,

2002 1872 2159 1926 videt
2198 1874 2493 1929 Romanos
2550 1875 2622 1930 ab
2667 1875 2950 1930 austrinis
2995 1880 3051 1929 et
3082 1870 3650 1945 septentrionalibus

245 1961 361 2018 ἐπεὶ
416 1960 677 2024 πάντοθεν
730 1956 1141 2035 συγκεκλεῖσθαι
1196 1950 1330 2030 ἔγνω
1386 1956 1477 2009 καὶ
1539 1955 1897 2035 ἀνεπιχείρη-

241 2072 334 2112 τος
382 2050 447 2119 ἦν
508 2052 542 2118 ἡ
601 2043 813 2118 ἔξοδος,
872 2044 1143 2124 συμφέρον
1200 2041 1377 2118 ἔκρινε
1431 2046 1549 2098 κατ’
1606 2043 1783 2099 έκεῖνο
1831 2047 1892 2101 τὸ

244 2141 408 2216 μέρος
441 2144 644 2215 χωρεῖν
701 2138 837 2192 ὅπου
909 2138 999 2192 τὸν
1063 2140 1348 2206 Πετρωνᾶν
1382 2131 1490 2189 εἶδε
1522 2134 1884 2211 φυλάττοντα.

243 2234 343 2289 Καὶ
377 2229 443 2299 δὴ
474 2230 656 2303 κρότῳ
688 2228 778 2283 καὶ
840 2228 944 2301 βοῇ
1000 2231 1117 2288 τοῖς
1168 2224 1464 2298 πολεμίοις
1503 2224 1889 2301 προσέρῥαξαν,

243 2320 390 2377 Ἐπεὶ
492 2317 550 2373 δὲ
648 2317 932 2387 ἀνηνύτοις
1006 2313 1325 2392 ἔπιχειρῶν,
1404 2311 1597 2387 μικρὸν
1693 2335 1886 2369 συστα-

242 2410 354 2473 λεὶς
382 2409 533 2474 αὖθις
565 2407 657 2463 σὺν
701 2407 849 2484 ῥύμῃ
908 2400 1159 2481 έπεϐάρει
1222 2404 1354 2478 μετὰ
1412 2401 1716 2476 δυνάμεως,
1749 2401 1885 2459 ἀπό-

244 2499 428 2574 δρασιν
495 2498 669 2570 ἐαυτῷ
741 2496 1162 2573 μηχανώμενος.
1233 2491 1407 2547 Πάλιν
1475 2489 1533 2547 δὲ
1593 2492 1887 2568 ἀποτυχὼν

240 2593 329 2645 καί
359 2588 475 2662 τρὶς
505 2591 695 2642 τοῦτον
748 2585 1106 2659 ἐπιχειρήσας
1155 2582 1246 2636 τὸν
1294 2582 1498 2657 τρόπον
1551 2581 1627 2644 εἷς
1658 2584 1886 2658 ἀμηχα-

240 2678 354 2733 νίαν
414 2676 709 2732 ἐνέπιπτεν.
779 2675 866 2734 Ὦς
925 2670 981 2727 δῖε
1045 2671 1309 2734 πάντοθεν
1376 2670 1729 2747 ἀναφανέντας
1794 2671 1885 2727 καὶ

237 2764 582 2836 ἐκπηδῶντας
613 2762 724 2818 εἶδε
777 2761 903 2824 τοὺς
959 2760 1270 2832 Ῥωμαίους
1325 2757 1384 2814 ἔκ
1439 2779 1497 2813 τε
1537 2755 1881 2834 μεσημϐρίας

233 2856 461 2910 καὶτῶν
495 2854 631 2928 πρὸς
690 2850 885 2927 ἄρκτον
947 2852 1149 2923 μερῶν,
1207 2848 1297 2902 καὶ
1354 2845 1563 2923 ἄφυκτα
1592 2848 1881 2917 κατενόησε

230 2947 296 3002 τὰ
330 2946 450 3021 περὶ
480 2946 640 3000 αὐτὸν
674 2944 829 3011 εἶναι,
877 2940 999 2995 τότε
1044 2936 1110 3008 δὴ
1158 2940 1259 3008 τήν
1302 2937 1576 3011 σωτηρίαν
1609 2938 1877 3012 ἀπογνοὺς

229 3036 490 3108 ἐμπίπτει
540 3039 658 3096 τοῖς
713 3031 848 3086 κατά
900 3029 1151 3103 μέτωπον
1198 3028 1410 3102 ἀθρόως
1471 3028 1606 3099 μετὰ
1644 3024 1881 3105 σφοδρᾶς

228 3118 571 3198 προσϐολῆς,
632 3122 797 3176 Ἔνθα
843 3116 1056 3191 καιρίαν
1112 3114 1349 3190 πληγεὶς
1391 3115 1551 3177 αὐτός
1582 3136 1641 3170 τε
1669 3115 1878 3184 πίπτεί,

230 3212 322 3266 καὶ
387 3212 494 3264 τῶν
556 3208 719 3263 αὐτοῦ
779 3205 1100 3276 διασώζεται
1159 3201 1282 3259 οὐδὲ
1338 3205 1437 3265 εἷς,
1491 3204 1798 3277 Πυθόμενος
1830 3202 1887 3259 δὲ

2005 1959 2172 2027 locis,
2210 1962 2507 2033 rebusque
2565 1964 2689 2018 suis
2737 1963 2966 2017 consuli
3016 1963 3181 2017 nullo
3229 1960 3403 2016 modo
3479 1976 3650 2031 posse

2004 2050 2303 2122 intelligit,
2336 2052 2648 2123 desperata
2692 2052 2881 2107 salute
2913 2052 2973 2106 in
3006 2052 3280 2107 adversos
3323 2050 3523 2104 hostes
3546 2066 3648 2103 ve-

2002 2139 2268 2194 hementi
2289 2157 2423 2195 cum
2455 2141 2680 2212 impetu
2704 2140 3108 2211 irruit,ibique
3130 2146 3186 2195 et
3211 2141 3336 2211 ipse
3367 2139 3652 2194 sternitur

2003 2233 2060 2282 et
2082 2228 2373 2283 exercitus
2396 2230 2525 2301 ejus
2548 2230 2854 2285 occidione
2880 2230 3053 2301 perit.
3091 2229 3274 2283 Filius
3316 2245 3451 2283 cum
3480 2234 3646 2298 parte

2000 2318 2305 2387 copiarum
2336 2319 2684 2390 populatum
2750 2319 2967 2373 missus
3025 2319 3177 2373 965
3212 2317 3421 2373 nuntio
3460 2316 3646 2372 cladis

1999 2413 2240 2477 accepto
2295 2408 2493 2463 statim
2550 2408 2887 2463 Melitenam
2935 2407 3073 2479 fuga
3119 2407 3284 2477 petit.
3319 2405 3433 2461 Sed
3486 2406 3643 2459 hunc

1998 2512 2232 2566 quoque
2294 2502 2350 2550 et
2407 2496 2730 2551 exercitum
2790 2496 2917 2568 ejus
2947 2495 3286 2551 Charsianis
3361 2494 3647 2566 angustiis

1994 2584 2311 2653 praefectus
2343 2584 2645 2639 insecutus
2662 2585 2725 2638 in
2744 2587 3097 2655 potestatem
3119 2581 3332 2653 redigit
3352 2597 3417 2635 ac
3440 2582 3611 2635 Petro
3626 2611 3643 2620 -

1994 2689 2085 2726 me
2113 2673 2312 2727 tradit.
2363 2673 2507 2727 Tam
2556 2673 2776 2728 illustri
2806 2672 2878 2727 de
2910 2675 3120 2726 Amere
3145 2671 3387 2725 victorio
3417 2668 3644 2740 positus

1992 2766 2311 2816 Peetronas
2350 2761 2555 2831 Cpolin
2603 2762 2800 2826 rediit,
2834 2762 3087 2815 adducto
3144 2776 3345 2814 secum
3376 2759 3477 2828 qui
3511 2774 3639 2812 eam

1989 2850 2345 2920 praedixerat
2376 2850 2953 2919 monacho,divinam
2976 2851 3105 2921 ejus
3124 2850 3400 2903 virtutem
3421 2847 3634 2918 praedi-

1989 2954 2152 3006 cans,
2175 2938 2637 3009 imperatorique
2656 2944 2713 2991 et
2728 2938 2927 2993 Bardae
2942 2954 3317 3009 summopere
3339 2953 3637 2991 commen-

1993 3027 2160 3083 dans.
2209 3028 2335 3081 Jam
2395 3032 2518 3081 tum
2574 3027 2876 3082 Manuelus
2925 3044 2993 3081 ex
3053 3026 3259 3081 morbo
3308 3025 3636 3080 interierat-

1991 3118 2195 3187 Itaque
2252 3117 2536 3171 Petronas
2602 3117 2942 3171 scholarum
2985 3116 3345 3171 domesticus
3394 3114 3636 3169 honoris

1989 3224 2169 3261 causa
2192 3212 2446 3271 creatur,
2477 3207 2771 3278 pauloque
2802 3212 2936 3278 post
2965 3206 3082 3261 vita
3111 3205 3362 3262 decedit.

228 3301 327 3367 τὴν
351 3298 513 3366 ἧτταν
567 3298 594 3350 ὁ
641 3296 839 3351 τούτου
902 3295 1042 3364 υἱὸς,
1111 3294 1187 3354 εἰς
1247 3294 1530 3368 προνομὰς
1605 3294 1738 3365 μετά
1809 3293 2004 3368 μέρους
2066 3293 2393 3357 ἀποσταλεὶς
2444 3298 2540 3349 τοῦ
2598 3298 2849 3368 στρατοῦ,
2910 3294 3066 3355 εὐθὺς
3125 3293 3260 3367 πρὸς
3320 3290 3635 3362 Μελιτηνῆν

238 3383 649 3458 ἀπεδίδρασκεν.
712 3382 884 3440 ’ΛΛλά
939 3383 1028 3438 καὶ
1079 3386 1270 3437 τοῦτον
1329 3385 1357 3436 6
1410 3386 1507 3437 τοῦ
1563 3386 1875 3457 Χαρσιανοῦ
1925 3380 2261 3452 καταδιώξας
2320 3382 2760 3461 κλεισουράρχης
2821 3388 3101 3457 χειροῦται
3164 3382 3297 3456 μετά
3343 3385 3439 3436 to?)
3478 3402 3636 3454 στρα-

235 3474 505 3547 τεύματος
530 3476 621 3529 καὶ
650 3479 729 3545 τῷ
760 3471 1050 3547 στρατηγῷ
1081 3469 1269 3526 δίδωσι
1326 3476 1595 3545 Πετρωνᾷ.
1656 3472 1716 3528 Ὁ
1777 3468 1834 3527 δὲ
1880 3477 2166 3547 Πετρωνᾶς
2223 3477 2471 3528 τοιοῦτον
2519 3474 2655 3527 κατὰ
2684 3477 2779 3526 τοῦ
2810 3473 2985 3548 Ἀμερ
3019 3474 3217 3543 στήσας
3248 3471 3511 3547 τρόπαιον
3537 3471 3637 3539 τήν

238 3570 495 3647 βασιλίδα
522 3567 953 3645 καταλαμϐάνει,
985 3565 1315 3645 ἔπαγόμενος
1344 3570 1435 3623 καὶ
1460 3569 1550 3624 τὸν
1581 3571 1680 3639 τήν
1709 3570 1866 3640 νίκην
1913 3570 2059 3642 αὖτῷ
2105 3574 2541 3646 προθεσπίσαντα
2594 3572 2856 3645 μοναχὸν,
2886 3573 2987 3641 τήν
3034 3592 3093 3626 τε
3121 3570 3315 3645 ἀρετην
3349 3570 3634 3639 ἐκθειάζων

232 3672 417 3744 αὐτοῦ,
484 3674 574 3728 καὶ
640 3674 776 3748 πρὸς
838 3673 931 3727 τὸν
998 3669 1229 3747 βασιλέα
1292 3671 1382 3726 καὶ
1455 3668 1657 3746 Βάρδαν
1719 3672 1812 3727 τὸν
1874 3671 2073 3726 οἰκεῖον
2139 3670 2371 3750 ἀδελφὸν
2414 3671 2654 3744 ἐξυμνῶν
2684 3675 2875 3726 τοῦτον
2905 3671 2996 3725 καὶ
3026 3669 3361 3744 μεγαλύνων.
3395 3673 3629 3743 Τιμᾶται

223 3774 357 3846 γοῦν
385 3768 705 3843 δομέστικος
733 3777 842 3827 τῶν
877 3768 1124 3846 σχολῶν,
1162 3770 1297 3843 μετὰ
1331 3771 1525 3845 μικρὸν
1559 3767 1617 3825 δὲ
1649 3769 1736 3825 καὶ
1770 3764 1996 3826 ἀπεϐίω.
2056 3768 2411 3840 Ἐτελεύτησε
2442 3767 2500 3825 δὲ
2528 3771 2633 3845 πρὸ
2662 3772 2858 3826 τούτου
2889 3769 2976 3824 καὶ
3010 3771 3038 3823 6
3070 3768 3359 3839 Μανουὴλ,
3386 3769 3529 3840 νόσῳ
3561 3766 3625 3838 δή

225 3890 333 3923 σινι
363 3869 673 3944 κρατηθείς.

304 3958 580 4019 Μονωθεὶς
640 3957 697 4013 δὲ
757 3960 785 4013 6
843 3956 1051 4031 Βάρδας
1107 3960 1206 4033 ἦγε
1261 3958 1351 4012 xui
1381 3952 1537 4035 ἔφερε
1562 3956 1758 4027 πάντα,
1788 3958 1881 4013 καὶ

229 4048 327 4109 τὰς
357 4047 417 4102 ἐκ
448 4047 719 4121 βασιλέως
773 4044 974 4119 ἢμειϐε
1022 4052 1262 4123 συνεχῶς
1311 4049 1498 4120 τιμὰς,
1533 4049 1678 4103 ἀνὸει
1706 4046 1762 4102 δὲ
1790 4048 1880 4102 καὶ

235 4135 311 4197 εἷς
344 4138 441 4203 τήν
501 4135 763 4209 Καίσαρος
822 4134 978 4205 δόξαν
1030 4156 1088 4190 τε
1146 4136 1236 4190 καὶ
1292 4138 1487 4208 τιμὴν,
1518 4141 1616 4191 τοῦ
1648 4134 1878 4210 Μιχαὴλ

236 4221 471 4296 μηδενὸς
526 4225 711 4293 ἐτέρου
742 4225 1123 4303 φροντίζοντος
1172 4230 1281 4279 τῶν
1330 4224 1633 4279 πολιτικῶν
1687 4224 1876 4295 ἀλλ’ἢ

230 4314 468 4385 θεάτρων
529 4313 619 4367 καὶ
674 4314 862 4369 ἳππων
921 4314 1189 4387 ἁμίλλης.
1222 4314 1321 4369 Καὶ
1374 4314 1436 4368 τὸ
1483 4311 1546 4383 δὴ
1582 4313 1877 4391 χείριστον,

230 4403 328 4457 οὐκ
360 4403 543 4478 ἠγάπα
572 4404 769 4471 τεατὴς
800 4403 934 4457 εἶναι
991 4400 1175 4475 μόνον,
1206 4400 1352 4457 ἀλλὰ
1393 4402 1481 4457 καὶ
1535 4402 1695 4465 αὐτὸς
1726 4405 1878 4472 ἡνιο-

230 4496 351 4567 χεῖν
408 4491 497 4546 καὶ
551 4489 798 4567 παίγνιον
850 4496 965 4553 τοῖς
1024 4494 1153 4546 πᾶσι
1205 4495 1523 4565 προκεῖσθαι
1552 4491 1643 4545 καὶ
1678 4489 1875 4566 γέλως.

235 4582 337 4637 Καὶ
392 4581 420 4635 6
483 4582 579 4652 μὲν
635 4578 686 4634 ἐν
744 4579 961 4642 τούτοις
1016 4580 1104 4651 ἦν,
1157 4580 1185 4633 6
1244 4577 1450 4653 Βάρδας
1510 4577 1566 4634 δὲ
1613 4576 1787 4635 διεῖπε
1814 4582 1881 4636 τὰ

232 4668 491 4724 πολιτικᾶ
520 4668 609 4723 καὶ
656 4671 756 4737 τῆς
807 4666 1084 4743 βασιλείας
1145 4669 1573 4743 κατεστοχάζετο
1605 4667 1678 4730 ὡς
1709 4669 1876 4739 αὐτὴν

235 4757 496 4832 εὐκαίρως
553 4756 1042 4831 παραληψόμενος,
1100 4755 1451 4829 Ἐπεμελήθη
1513 4754 1569 4811 δὲ
1624 4756 1713 4811 καὶ
1778 4764 1877 4827 τῆς

230 4838 330 4913 ἔξω
361 4846 550 4923 σοφίας
602 4847 690 4917 (ἧν
748 4845 848 4920 γᾶρ
907 4844 967 4900 ἐκ
1024 4843 1240 4899 πολλοῦ
1276 4845 1480 4919 χρόνου
1510 4844 1877 4921 παραρῥυεῖσα

228 4933 318 4986 καὶ
351 4934 486 5007 πρὸς
516 4934 577 4987 τὸ
613 4931 778 5004 μηδὲν
825 4932 971 4994 ὅλως
1018 4933 1323 5007 χωρήσασα
1374 4936 1443 5006 τῇ
1474 4937 1581 4987 τῶν
1613 4934 1874 5009 κρατούν-

225 5044 334 5079 των
391 5022 643 5095 ἀγροικίᾳ
693 5022 780 5075 καὶ
863 5019 1087 5095 ἀμαθίᾳ)

228 5112 549 5183 ἐπιστημῶν
582 5109 865 5183 ἀφορίσας,
897 5116 1005 5165 τῶν
1042 5111 1135 5184 μὲν
1193 5108 1381 5165 ἄλλων
1413 5110 1522 5182 ὅπη
1557 5132 1658 5187 περ
1687 5111 1869 5187 ἔτυχε,

228 5206 330 5269 τῆς
363 5195 411 5252 δ’
440 5197 529 5253 ἐπὶ
559 5202 743 5252 πασῶν
798 5196 1006 5273 έπόχου
1064 5196 1390 5278 φιλοσοφίας
1448 5202 1564 5256 κατ’
1622 5202 1759 5255 αὐτὰ
1806 5203 1874 5256 ra

2062 3961 2133 4013 At
2154 3959 2373 4014 Bardas
2418 3959 2580 4015 solus
2633 3964 2933 4030 superstes
2992 3959 3192 4013 omnia
3222 3957 3431 4012 exinde
3461 3974 3631 4030 agere

1992 4065 2059 4102 ac
2091 4048 2265 4115 ferre,
2290 4049 2545 4103 honores
2606 4048 3019 4119 imperatorias
3067 4047 3318 4102 subinde
3371 4047 3433 4102 in
3485 4047 3634 4102 alios

1991 4142 2168 4206 atque
2199 4137 2347 4191 alios
2384 4137 2725 4201 transferre,
2784 4137 3050 4207 adeoque
3098 4136 3344 4191 Caesaris
3400 4153 3634 4206 quoque

1990 4224 2338 4295 dignitatem
2369 4225 2480 4279 sibi
2509 4242 2763 4281 sumere.
2806 4226 3124 4281 Michaelus
3150 4225 3377 4281 interea
3406 4225 3633 4280 nullam

1990 4314 2072 4367 rei
2098 4313 2349 4384 publicas
2383 4331 2605 4381 curam,
2634 4314 3118 4387 gerere,theatris
3150 4315 3322 4370 modo
3354 4319 3412 4369 et
3454 4332 3629 4385 eque-

1992 4402 2211 4457 stribus
2232 4419 2435 4458 vacare
2468 4404 2915 4472 certaminibus,
2937 4405 3214 4476 quodque
3230 4412 3356 4460 erat
3379 4406 3631 4460 deterri-

1993 4508 2176 4556 mum,
2210 4509 2329 4546 non
2362 4497 2591 4548 tantum
2630 4510 2699 4548 ea
2741 4499 3029 4565 spectare,
3063 4495 3165 4550 sed
3184 4502 3243 4550 et
3289 4496 3413 4567 ipse
3444 4512 3631 4567 equos

1989 4596 2161 4651 agere
2194 4581 2586 4651 omnibusque
2616 4583 3102 4639 subsannandum
3134 4601 3195 4639 se
3226 4590 3283 4639 et
3319 4583 3635 4641 ridendum

1990 4669 2291 4723 exhibere.
2328 4670 2572 4724 Interim
2614 4670 2833 4726 Bardas
2879 4672 3116 4744 negotia
3162 4671 3399 4744 publica
3420 4690 3635 4745 procu-

1986 4758 2175 4824 rabat,
2207 4759 2643 4830 imperiumque
2683 4759 2882 4815 animo
2925 4761 3035 4815 sibi
3090 4761 3446 4831 destinabat,
3473 4764 3629 4834 puod

1988 4864 2093 4902 suo
2116 4852 2382 4919 tempore
2414 4849 2824 4920 adipiscretur.
2858 4849 3021 4905 Idem
3065 4851 3344 4922 profanas
3392 4868 3627 4921 quoque

1986 4937 2233 5001 litieras,
2266 4954 2396 5008 quae
2430 4938 2852 5010 imperatorum
2882 4939 3153 4995 barbarie
3183 4946 3359 5011 atque
3392 4940 3627 4994 inscitia

1177 5017 1457 5096 διατριϐάς
1507 5023 1703 5098 ἑκάστῃ
1764 5027 1871 5077 τῶν

2008 5042 2101 5081 am
2124 5043 2156 5081 a
2183 5027 2387 5082 multis
2412 5029 2584 5083 annis
2607 5045 2849 5099 prorsus
2878 5028 3253 5084 absolverunt
3283 5034 3342 5083 et
3371 5044 3621 5082 evanue-

1982 5119 2133 5181 rant,
2166 5116 2470 5182 recreavit,
2504 5116 2753 5188 singulis
2802 5116 3066 5171 scientiis
3118 5122 3278 5171 certo
3325 5115 3453 5170 loco
3486 5133 3624 5171 suas

1981 5204 2214 5260 scholas
2235 5204 2586 5274 attribueus,
2619 5222 2908 5276 supremae
2929 5210 3127 5260 autem
3151 5204 3415 5259 omnium
3439 5204 3627 5275 philo-

1428 5301 1788 5356 XYLANDRI
1825 5302 1911 5355 ET
1951 5302 2167 5358 GOARI
2204 5303 2427 5359 ΝΟΤᾸΞ.

294 5398 408 5468 (43)
450 5395 654 5468 Vicina
703 5400 845 5448 sunt
893 5395 1171 5450 Militenaa
1202 5401 1260 5450 et
1291 5396 1587 5451 Armeniae
1618 5398 1747 5452 loca
1777 5397 1873 5453 hic

222 5466 588 5524 enumerata.
625 5466 801 5521 Gesn.

298 5539 541 5611 (46)7E;
596 5538 823 5611 Zonara
879 5553 984 5611 pro
1040 5538 1317 5611 πιώσοντα
1384 5538 1496 5611 legi
1567 5538 1871 5611 πτώσοντα.

2040 5400 2154 5470 (47)
2186 5398 2445 5464 Quadrat
2481 5399 2619 5473 huic
2677 5401 2807 5455 loco
2867 5400 3188 5473 modernus
3235 5401 3419 5473 hujus
3461 5403 3621 5461 vocis

1967 5486 2131 5533 usus,
2156 5487 2409 5541 quonon
2432 5472 2607 5526 modo
2637 5474 2695 5525 in
2724 5489 2921 5541 gyrum
2950 5472 3250 5537 includere,
3305 5472 3406 5528 sed
3466 5480 3524 5529 et
3553 5477 3613 5532 in

1964 5543 2416 5618 [ugam_vertere,
2448 5549 2593 5597 retro
2617 5544 2935 5597 amandare.
2966 5549 3025 5598 et
3055 5544 3145 5598 his
3177 5544 3398 5601 similia
3429 5548 3609 5618 signi-

226 5604 401 5667 Idem'
437 5609 617 5664 habet
663 5604 1020 5674 Λαλακαῶνα,
1069 5604 1481 5665 Dalacaoneni.
1523 5610 1762 5665 Videtur
1812 5611 1875 5665 in

1998 5604 2122 5668 idat.
2156 5613 2330 5668 Gosa.

227 5685 338 5740 hoc
366 5681 642 5739 allusisse
668 5679 744 5735 ad
772 5676 903 5733 λαόν
937 5684 995 5735 et
1022 5680 1211 5736 καίειν.
1237 5682 1376 5737 ΧΠ..
