4054 6286
433 410 511 470 10
527 409 601 472 51

1817 409 2136 474 GEORGII
2181 411 2533 480 CEDRENI

3666 427 3689 484 Ι
3699 421 3794 484 052

445 543 667 615 sophiaa
695 543 768 597 ad
815 543 1006 613 ipsam
1035 542 1257 613 regiam
1298 543 1358 596 in
1387 543 1721 614 Magnaura.
1775 544 1980 614 Itaque
2015 561 2084 600 ex

2205 543 2431 620 βασιλέα
2511 547 2565 605 ἂν
2648 553 2717 626 τῇ
2799 554 3100 628 Μαγναῦρᾳ
3154 553 3242 608 καὶ
3302 552 3472 614 οὕτως
3525 552 3569 624 ἐξ
3621 553 3790 610 ἐκείνου

447 651 514 690 eo
564 648 800 687 rursum
857 631 1072 686 ﬂorere
1139 631 1401 686 scientia
1455 637 1781 704 cmperunt,
1851 634 2086 690 tametsi

443 721 998 794 praestantissimum
1027 721 1182 776 οοει
1199 722 1380 776 hocet
1417 721 1838 778 celeberimum
1869 724 2088 780 factum

442 813 600 866 vitiis
633 810 834 866 Bardaa
866 809 1140 866 eluendis
1198 825 1317 865 non
1349 811 1600 866 suffecit.
1649 812 2090 884 Phi1050phiam

439 901 691 957 docebat
720 915 966 972 magnus
1001 900 1102 954 ille
1133 899 1523 971 philosophus
1557 900 1666 954 Leo
1699 902 2092 960 consobrinus

387 1019 392 1025 ~
427 991 642 1045 Jannis
674 989 1044 1060 patriarchas.
1081 988 1183 1042 Hic
1223 989 1335 1043 Leo
1396 989 1708 1060 episcopus
1769 1006 1904 1044 cum
1935 997 2094 1046 esset

438 1079 894 1145 Thessalonica,
927 1077 1382 1150 Imaginiperdis
1417 1077 1708 1133 submotis
1767 1079 1893 1150 ipse
1945 1097 2094 1150 quo-

390 1234 396 1240 .
444 1187 558 1240 que
616 1185 864 1223 munere
941 1184 1047 1222 suo
1104 1167 1367 1238 privatus
1415 1184 1548 1222 cum
1611 1168 1672 1222 in
1732 1169 1852 1224 otio
1918 1169 2092 1242 dege-

443 1265 552 1316 ret.
607 1257 744 1311 huic
798 1257 910 1310 fuit
979 1257 1214 1326 negotio
1274 1255 1594 1310 adhibitus.
1672 1258 1886 1312 Verum
1959 1265 2096 1314 ante

443 1349 506 1402 in
536 1347 914 1419 imperatoris
943 1345 1256 1416 Theophili
1291 1347 1566 1402 notitiam
1599 1347 1709 1402 hoc
1751 1349 1927 1404 modo
1960 1365 2093 1420 per-

442 1437 854 1492 venerat.Cum
881 1435 1075 1490 omnis
1119 1435 1503 1490 scientiarum
1547 1437 1784 1508 generis
1837 1437 2099 1508 perfecta

441 1527 776 1597 cognitione
827 1541 947 1580 non
994 1524 1240 1580 haberet
1291 1525 1401 1579 sibi
1445 1542 1670 1596 parem,
1707 1525 1804 1580 vili
1837 1527 2096 1598 quodam

437 1617 500 1671 in
533 1615 834 1671 domicilio
869 1615 1085 1686 quibus
1103 1615 1356 1685 quisque
1377 1614 1554 1670 vellet
1573 1615 1802 1670 artibus
1826 1617 2097 1671 homines

441 1703 810 1759 instituebat.
871 1703 1189 1774 Aliquanto
1241 1709 1532 1774 tempore,
1593 1720 1726 1757 cum
1807 1704 1978 1758 multi
2038 1704 2097 1758 in
2146 1711 2165 1722 '

445 1793 710 1850 scientiis
752 1809 1097 1865 progressus
1155 1791 1314 1846 haud
1358 1793 1734 1864 pcenitendos
1791 1793 2094 1859 fecissent,

2195 631 2518 707 ἀνηϐάσκειν
2568 639 2622 694 αἱ
2674 640 2971 716 ἐπιστῆμαι
3028 643 3282 717 ἤρξαντο.
3341 645 3510 700 Τοῦτο
3563 643 3618 698 τὸ
3666 638 3794 718 ἔργον

2193 723 2488 782 κάλλιστον
2517 729 2606 783 καὶ
2647 725 2973 804 περιϐόητον
3021 726 3078 785 ὅν
3127 731 3226 786 οὐκ
3283 729 3500 810 ἴσχυσεν
3529 731 3790 788 ἀποπλῦναι

2193 813 2289 876 τὰς
2345 814 2566 880 ἐνούσας
2620 817 2794 881 ἄλλας
2852 823 2932 892 τῷ
2981 816 3160 893 Baiqu
3190 817 3445 890 κηλῖδας.
3473 822 3582 890 Τῆς
3616 821 3696 894 μὲν
3721 822 3792 876 οὖν

2196 899 2523 980 φιλοσοφίας
2581 904 2822 981 ἐξηγεῖτο
2881 906 3028 962 Λέων
3090 907 3294 970 ἐκεῖνος
3353 909 3380 962 ὁ
3443 909 3604 982 μέγας
3654 909 3794 964 τεκαὶ

2197 990 2524 1073 φιλόσοφος,
2582 993 2798 1070 ἀνεψιὸς
2867 994 2939 1051 ὢν
2996 999 3174 1068 Ἰαννῆ
3234 1001 3330 1052 τοῦ
3383 997 3722 1072 πατριάρχου,
3747 995 3793 1059 ὅς

2196 1081 2410 1136 καὶτὸν
2467 1082 2655 1159 θρόνον
2714 1082 2883 1161 ἔλαχε
2940 1093 3042 1158 τῆς
3103 1087 3188 1161 [Ρ.
3259 1087 3386 1160 548]
3429 1087 3796 1156 Θεσσαλονίκης,

2199 1170 2321 1248 ἄρτι
2373 1169 2430 1227 δὲ
2484 1177 2594 1228 τῶν
2645 1173 3042 1251 Εἱκονομάχων
3098 1175 3518 1252 καθαιρεθέντων
3573 1179 3798 1251 συγκαθη-

2205 1263 2330 1335 ρὲθη
2352 1259 2443 1316 καὶ
2473 1262 2658 1328 αὐτὸς,
2691 1263 2780 1318 καὶ
2835 1265 3128 1342 σχολάζων
3186 1264 3262 1326 είς
3318 1265 3518 1334 ταύτην
3549 1260 3797 1339 προεϐιϐά-

2199 1353 2320 1418 ζετο
2369 1351 2468 1421 τὴν
2534 1351 2770 1430 σχολήν.
2829 1354 3076 1430 Ἐγὲνετο
3135 1351 3192 1410 δὲ
3248 1355 3510 1429 πρότερον
3565 1355 3796 1427 γνώριμος

2199 1435 2449 1515 Θεοφίλῳ
2491 1443 2573 1513 τῷ
2601 1439 2819 1516 βασιλεῖ
2874 1445 3064 1496 τοῦτον
3124 1444 3214 1497 τὸν
3246 1443 3476 1517 τρόπον.
3533 1444 3693 1504 Hinc
3717 1443 3794 1515 γὰρ

2197 1527 2549 1600 κατορθώσας
2583 1530 2678 1592 τὰς
2711 1529 3011 1603 ἐπιστήμας
3071 1532 3144 1593 ὡς
3203 1530 3328 1586 οὐδὲ
3386 1532 3510 1604 μίαν
3560 1527 3796 1606 ἕτερος,ἐν

2201 1614 2414 1672 εὐτελεῖ
2449 1638 2554 1672 τινι
2621 1617 2963 1691 καταλόματι
3025 1617 3224 1697 διάγων
3281 1621 3410 1682 τοὺς
3475 1619 3798 1694 βουλομένους

2200 1705 2574 1781 ἐμυσταγώγει
2635 1708 2828 1763 ὁποίαν
2886 1705 3108 1771 ἕκαστος
3170 1708 3451 1784 βούλοιτο.
3510 1715 3590 1770 Ὡς
3641 1707 3677 1762 δ’
3715 1705 3800 1778 ἤδη

2207 1796 2404 1870 χρόνος
2435 1796 2778 1869 παρετείνετο
2807 1798 2897 1852 καὶ
2957 1791 3160 1852 πολλὸῖ
3224 1799 3362 1853 κατὰ
3419 1799 3515 1860 τὰς
3545 1796 3802 1869 ἐπιστήμας

443 1885 595 1940 forte
620 1883 856 1955 juvenis
888 1882 1128 1954 quidam
1161 1882 1317 1953 apud
1367 1899 1501 1937 eum
1562 1899 1854 1938 summam
1888 1889 2096 1938 nactus

2205 1883 2567 1956 προέκοπτον,
2628 1881 2824 1956 συνέϐη
2871 1887 2994 1940 τινὰ
3057 1886 3263 1941 νεανίαν
3322 1893 3425 1956 τῆς
3477 1891 3804 1961 γεωμετρικῆς

446 1973 784 2047 geometrias
834 1971 1110 2044 peritiam
1168 1972 1363 2027 scriba
1419 1971 1484 2026 ﬁt
1539 1972 1854 2044 cujusdam
1903 1973 2090 2040 ducis,

445 2079 699 2134 cumque
732 2080 799 2117 eo
833 2063 891 2116 in
919 2061 1138 2118 bellum
1171 2062 1488 2136 profectus,
1541 2062 1688 2118 fusis
1719 2079 1961 2118 suorum
1997 2079 2096 2118 co-

441 2153 742 2226 piis,vivus
758 2155 816 2207 in
837 2151 1095 2207 hostium
1116 2156 1464 2222 potestatem
1491 2153 1777 2223 pervenit,
1811 2157 1869 2206 et
1889 2152 2092 2207 Sarra~

441 2259 586 2299 ceno
619 2241 854 2298 cuidam
876 2241 1095 2297 illustri
1115 2241 1178 2296 in
1208 2242 1552 2296 servitutem
1584 2241 1842 2296 deditur.
1873 2245 2092 2297 Ismae-

445 2333 686 2388 litarum
719 2349 787 2386 eo
820 2336 1086 2402 tempore
1117 2331 1395 2402 princeps
1436 2333 1766 2386 Mamumus
1797 2331 2098 2386 cum'aliis

451 2423 665 2480 Graecis
688 2421 1020 2492 disciplinis
1069 2420 1330 2485 vacabat,
1362 2427 1490 2476 tum
1521 2422 1816 2494 praecipue
1865 2437 2097 2492 geome-

451 2513 578 2566 trias
610 2515 737 2566 erat
793 2509 1046 2564 deditus.
1080 2509 1309 2564 Accidit
1365 2510 1688 2582 aliquando
1719 2515 1784 2564 ut
1831 2511 1982 2581 ejus.
2025 2509 2097 2564 de

455 2619 572 2674 quo
622 2601 900 2670 diximus,
925 2601 1161 2672 juvenis
1207 2599 1485 2655 dominus
1543 2601 1614 2656 de
1673 2617 2098 2656 amermumnm

452 2693 517 2748 in
547 2691 909 2748 mathemata
942 2695 1000 2744 et
1035 2690 1420 2763 geometriam
1477 2691 1672 2746 studio
1730 2692 2095 2750 mentionem

453 2783 692 2838 faceret.
719 2781 798 2836 lbi
835 2796 1048 2852 cupere
1079 2797 1140 2835 se
1191 2797 1324 2835 cum
1357 2779 1662 2851 ipsiusque
1694 2780 1965 2837 doctores
1991 2801 2099 2840 au-

453 2871 580 2925 dire
611 2868 976 2924 mentionem
1001 2867 1238 2939 juvenis
1263 2867 1364 2934 ait,
1397 2874 1454 2923 et
1513 2885 1691 2940 quam
1749 2869 2102 2927 adhiberent

449 2959 627 3015 rebus
641 2958 1014 3032 geometricis
1028 2957 1397 3030 diligentiam
1431 2957 1750 3030 explorare.
1772 2961 2100 3017 Mamumus

450 3051 561 3104 hoc
592 3048 824 3121 cognito
839 3049 1120 3120 juvenem
1156 3047 1326 3102 laetus
1356 3047 1506 3103 961
1542 3048 1863 3104 admodum
1911 3051 1986 3105 ad
2037 3067 2097 3105 se

449 3142 637 3204 vocat,
670 3143 729 3192 et
774 3153 849 3193 an
883 3137 1176 3210 cognitam
1225 3137 1477 3192 hameret
1537 3153 1666 3192 eam
1718 3137 2100 3210 disciplinam

451 3228 684 3300 quaerit,
718 3231 772 3281 et
811 3226 993 3281 aienti
1025 3226 1200 3280 fidem
1234 3225 1491 3298 derogat,
1527 3244 1594 3282 eo
1627 3232 1894 3300 tempore
1915 3228 2101 3283 nemi-

452 3333 592 3372 nem
641 3320 856 3386 prmter
907 3332 1044 3370 suos
1094 3317 1405 3385 magistros
1461 3316 1793 3388 geometria
1852 3332 2098 3388 gnarum

453 3421 581 3460 esse
595 3403 980 3459 contendens.
994 3404 1231 3458 Iuvenis
1245 3419 1460 3473 cupere
1475 3420 1536 3458 se
1560 3420 1765 3458 eorum
1789 3404 2098 3460 scientiam

453 3493 792 3548 examinare
817 3509 950 3546 cum
977 3491 1220 3558 diceret,
1255 3493 1454 3547 statim
1486 3492 1525 3546 ii
1574 3498 1788 3564 praesto
1837 3492 2097 3564 fuerunt,

451 3584 787 3656 ﬁgurasque
819 3582 1000 3637 trium
1029 3586 1088 3637 et
1115 3587 1369 3654 quatuor
1397 3583 1748 3656 angulorum
1779 3584 2102 3657 descripse-

451 3676 613 3738 runt,
637 3677 697 3726 et
726 3672 787 3726 in
818 3671 1081 3727 medium
1112 3687 1372 3726 canones
1403 3672 1833 3744 principiorum
1861 3691 2098 3746 geome~

451 3763 582 3818 triae
643 3762 1038 3830 adduxerunt,
1082 3763 1333 3818 nomina
1405 3763 1654 3836 ﬁguram
1712 3769 2098 3835 exponentes,

453 3853 618 3908 nulla
645 3852 886 3907 interim
939 3851 1171 3906 reddita
1224 3868 1402 3908 causa
1449 3858 1552 3908 aut
1598 3852 1825 3924 prolata
1853 3852 2100 3908 demon-

453 3943 758 3998 stratione.
791 3943 902 3996 Eos
933 3957 1068 3996 cum
1107 3943 1306 4000 animo
1348 3941 1536 4000 elatos
1578 3943 1805 4013 jactare
1863 3959 1994 3998 sese
2023 3943 2098 3998 ob

454 4031 918 4101 descriptionem
972 4031 1291 4102 ﬁgurarum
1351 4031 1578 4088 videret
1626 4031 1885 4102 juvenis,
1945 4053 1973 4082 «
2033 4033 2099 4090 In

457 4120 642 4185 omni,
673 4120 888 4190 inquit,
919 4120 1151 4176 ratione
1181 4125 1356 4191 atque
1401 4137 1464 4176 re
1516 4136 1756 4176 causam
1787 4121 2100 4178 continens

457 4211 882 4266 demonstratio
915 4209 1244 4281 principem
1303 4209 1532 4266 obtinet
1585 4209 1806 4267 locum.
1838 4211 1962 4274 Qua
2000 4227 2099 4266 vos

456 4300 696 4366 omissa,
720 4316 854 4355 cum
904 4315 1033 4354 esse
1068 4315 1194 4356 rem
1227 4298 1638 4354 tantummodo
1669 4297 1899 4364 dicatis,
1948 4317 2100 4369 prm-

455 4391 628 4462 cipua
648 4390 989 4462 ignorantes
1004 4387 1444 4444 videminimihi
1463 4405 1584 4444 non
1607 4387 1813 4443 leviter
1833 4404 2052 4446 errare.
2073 4412 2098 4438 υ

456 4479 830 4534 Haerentibus
885 4478 957 4534 iis
1023 4482 1083 4532 et
1138 4483 1204 4532 ut
1257 4493 1466 4532 causas
1544 4477 1668 4548 ipse
1725 4477 2097 4534 demonstra-

454 4574 548 4624 ret
592 4567 953 4639 petentibus,
1015 4582 1121 4621 cur
1177 4566 1397 4635 quaevis
1458 4566 1646 4637 ﬁgura
1701 4567 1813 4622 hoc
1879 4584 2097 4626 nomen

2204 1971 2515 2048 ἐπιστήμης
2569 1972 2646 2037 εἲς
2702 1973 2864 2049 ἄκρον
2947 1973 3260 2045 ἐληλακότα
3337 1974 3646 2052 ὑπογραφέα
3693 1970 3807 2048 γενε-

2205 2064 2324 2116 σθαι
2401 2061 2548 2124 τινὸς
2624 2065 2948 2140 στρατηγοῦ.
3035 2064 3112 2122 οὗ
3171 2067 3468 2140 γενομένου
3545 2065 3670 2119 κατα
3716 2083 3806 2116 τινα

2201 2149 2446 2222 πόλεμον
2507 2151 2688 2207 εἳπετο
2733 2154 2823 2207 καὶ
2882 2153 3041 2216 αὐτὸς
3077 2198 3091 2223 ,
3159 2157 3245 2208 καὶ
3307 2159 3523 2228 τροπῆς
3561 2150 3808 2228 γενομένης

2206 2245 2494 2315 ζωγρεῖται
2533 2243 2624 2295 καί
2677 2263 2781 2297 τινι
2837 2247 2945 2297 τῶν
2992 2243 3262 2320 ἐπιφανῶν
3317 2243 3398 2304 εἷς
3433 2241 3665 2298 δουλείαν
3694 2237 3805 2294 ἐκδί-

2203 2327 2375 2384 δοται.
2405 2333 2465 2386 Ὁ
2495 2327 2552 2384 δὲ
2579 2330 2714 2385 κατὰ
2762 2328 2917 2386 τόνδε
2945 2332 3037 2388 τὸν
3068 2331 3256 2407 καιρόν
3319 2336 3430 2386 τῶν
3486 2329 3804 2403 Ἰσμαηλιτῶν

2201 2419 2494 2497 κατάρχων
2559 2419 2802 2494 Μαμοῦμ
2854 2419 3051 2483 ἄλλοις
3103 2441 3162 2475 τε
3223 2422 3540 2495 μαθήμασιν
3593 2417 3800 2487 Ἐλληνιι

2201 2513 2320 2568 κοῖς
2351 2505 2757 2586 σχολάζωνκαῖ
2817 2505 2882 2578 δὴ
2942 2509 3032 2564 καὶ
3091 2511 3435 2586 γεωμετρίας
3486 2506 3803 2585 διαφερόντως

2201 2591 2522 2671 ἐξεχόμενος
2551 2592 2640 2660 ἦν.
2701 2593 2878 2668 Λόγου
2942 2591 2998 2648 δέ
3051 2614 3182 2648 ποτε
3237 2595 3552 2664 κινηθέντος
3581 2593 3709 2666 παρὰ
3731 2593 3804 2644 τοῦ

2201 2682 2295 2738 τὸν
2324 2680 2536 2736 νεανίαν
2558 2675 2784 2756 ἔχοντος
2815 2679 3078 2737 δεσπότου
3125 2684 3250 2758 περὶ
3305 2690 3409 2752 τῆς
3467 2683 3543 2745 εἰς
3569 2684 3632 2736 τα
3669 2679 3804 2752 pulii-

2210 2800 2350 2852 ματα
2409 2777 2648 2846 σπουδῆς
2704 2783 2800 2834 τοῦ
2856 2779 3223 2854 ἀμερμουμνῆ
3282 2781 3371 2834 καὶ
3432 2785 3529 2848 τῆς
3584 2777 3694 2850 περὶ
3734 2776 3810 2842 τήν

2201 2867 2538 2944 γεωμετρίαν
2577 2866 2914 2940 ἐπιμελείας,
2967 2891 2995 2920 ‹‹
3027 2868 3280 2924 Ἀκοῦσαι
3341 2868 3560 2926 τούτου.
3592 2890 3618 2919 ι)
3645 2863 3811 2920 εἶπενὸ

2204 2955 2436 3026 νεανίας,
2468 2981 2494 3008 ι(
2531 2955 2782 3028 ἐπιθυμῶ
2813 2957 2901 3010 καὶ
2932 2960 3040 3010 τῶν
3074 2955 3238 3011 αὐτοῦ
3271 2953 3632 3020 διδασκάλων,
3660 2951 3736 3008 καὶ
3761 2953 3810 3020 ἢν

2205 3040 2400 3126 ἔχουσι
2427 3046 2551 3120 περὶ
2581 3047 2681 3114 τὴν
2742 3045 3078 3120 γεωμετρίαν
3139 3048 3475 3114 κατανοῆσαι
3533 3041 3763 3112 σπουδήν.
3792 3065 3808 3092 ι

2203 3137 2410 3210 Ἓμαθε
2479 3139 2640 3190 τοῦτο
2699 3135 2728 3188 ὁ
2789 3136 3038 3209 Μαμοὺμ
3071 3179 3086 3204 ,
3143 3135 3232 3190 καί
3295 3135 3434 3208 μετὰ
3510 3128 3813 3208 περιχαρείας

2212 3225 2540 3280 είσκαλεῖται
2596 3225 2687 3280 τὸν
2732 3221 2850 3278 νὲον
2910 3221 3173 3292 πολλῆς,
3258 3222 3348 3278 καί
3427 3223 3814 3298 παραγενόμενον

2212 3313 2570 3378 ἐκπυνθάνετο
2601 3313 2645 3368 εί
2679 3317 2876 3388 γνῶσιν
2933 3306 3051 3387 ἔχει
3107 3319 3207 3381 τῆς
3262 3313 3524 3384 τοιαύτης
3554 3310 3812 3384 δυνάμεως·

2213 3401 2695 3479 Συγκαταθεμὲνου
2755 3399 2803 3456 δ’
2858 3401 3064 3457 ἐκείνου
3120 3401 3399 3472 ἠπίστειὸ
3443 3395 3812 3477 βάρϐαρος,καῖ

2211 3491 2494 3549 διετείνετο
2551 3488 2754 3564 μηδένα
2838 3484 3020 3564 ἕτερον
3077 3491 3213 3546 εἶναι
3273 3489 3423 3560 πλὴν
3491 3495 3596 3546 τῶν
3646 3486 3812 3542 ἐκείνου

2212 3579 2554 3638 διδασκάλων
2607 3587 2708 3650 τῆς
2793 3587 3170 3656 γεωμετρικῆς
3223 3579 3538 3654 ἐπιστήμης
3589 3575 3813 3649 εἷδήμονα

2211 3673 2346 3728 κατὰ
2391 3673 2490 3740 τήν
2547 3663 2671 3726 τότε
2727 3669 2958 3744 ἡμέραν.
3017 3668 3341 3742 Ἱμείρεσθαι
3374 3667 3435 3728 δὲ
3463 3671 3714 3746 φήσαντος
3737 3666 3811 3718 τοῦ

2209 3759 2486 3818 νεανίσκου
2540 3761 2646 3816 τῶν
2703 3757 2867 3814 αὐτοῦ
2960 3754 3305 3816 διδασκάλων
3383 3763 3570 3832 πεῖραν
3639 3748 3810 3818 λαϐεῖν,

2211 3851 2400 3903 θᾶττον
2428 3846 2462 3916 ἢ
2497 3843 2665 3922 λόγος
2725 3846 2872 3901 οὗτοι
2931 3845 3307 3920 παρίστανται,
3336 3847 3431 3900 καὶ
3471 3843 3813 3922 διεχαράττον-

2209 3959 2273 3994 το
2333 3938 2594 4011 σχήματα
2639 3936 2880 4010 τρίγωνα
2935 3935 3023 3992 καὶ
3075 3935 3389 4013 τετράγωνα
3425 3978 3440 4006 ,
3491 3935 3580 3991 καί
3634 3930 3811 3988 κακόνες

2213 4026 2289 4090 εἷς
2321 4027 2482 4098 μέσον
2536 4022 2887 4098 προύτίθεντο
2944 4028 3042 4080 τοῦ
3096 4027 3480 4100 ποιχειωτοῦ,
3524 4023 3584 4079 τὸ
3623 4017 3810 4094 μὲν,δτι

2211 4115 2272 4169 τὸ
2309 4113 2504 4190 σχῆμα
2560 4110 2686 4172 τόδε
2749 4111 2914 4184 τήνδε
2972 4111 3121 4191 φέρει
3175 4115 3275 4182 τήν
3341 4111 3540 4180 κλῆσιν
3595 4111 3678 4168 καὶ
3719 4103 3814 4164 τόδε

2209 4198 2394 4273 τήνδε,
2424 4198 2777 4272 διδὲσκόντες,
2831 4199 3006 4258 αἰτίαν
3057 4198 3114 4260 δὲ
3141 4201 3233 4258 καὶ
3260 4199 3425 4277 λόγον
3479 4201 3566 4260 καὶ
3622 4197 3678 4255 τὸ
3705 4193 3812 4250 διότι

2213 4289 2534 4346 ἀπεδίδοσαν
2592 4287 2848 4362 οὐδαμῶς
2884 4333 2896 4345 .
2953 4291 3044 4352 Ὡς
3101 4290 3194 4344 οὗν
3250 4289 3396 4362 ἑώρα
3457 4283 3811 4364 γαυρουμένους

2211 4381 2406 4442 αὐτοὺς
2448 4381 2476 4436 ὁ
2530 4379 2738 4440 νεανίας
2801 4378 2891 4434 καὶ
2944 4379 3079 4454 μέγα
3117 4383 3452 4454 φρονοῦντας
3509 4378 3590 4435 ἐπὶ
3645 4378 3704 4448 τῇ
3728 4376 3808 4426 τῶν

2214 4473 2521 4551 σχημάτων
2549 4473 2891 4546 καταγραφῇ.
2933 4496 2952 4519 ιι
2985 4471 3106 4527 Ἐπὶ
3135 4471 3332 4534 παντὸς
3384 4469 3574 4548 λόγου,
3606 4469 3648 4524 ὦ
3675 4462 3808 4528 οὗτοι,

2213 4563 2240 4617 ὁ
2299 4560 2506 4624 νεανίας
2563 4557 2689 4636 ἔφη,
2733 4559 2822 4614 καὶ
2879 4557 3200 4634 πράγματος
3268 4559 3329 4614 τὸ
3388 4557 3528 4615 διότι
3589 4555 3646 4611 τὸ
3680 4557 3806 4626 κῦρος

457 4664 517 4713 et
573 4635 724 4714 hanc
783 4657 1245 4713 delineationem
1315 4635 1578 4725 haberet,
1629 4656 1838 4712 ordine
1897 4663 2096 4713 osten-

2213 4647 2351 4727 ἔχει’
2387 4652 2538 4724 ὑμεῖς
2571 4635 2628 4704 δὶ
2691 4649 2790 4718 τὴν
2819 4647 3040 4723 ὅπαρξίν
3103 4647 3274 4721 μόνην
3342 4646 3586 4724 λέγοντες
3637 4642 3744 4703 τοὺς
3767 4636 3809 4693 δὲ

456 4747 563 4803 dit.
613 4747 658 4801 Ii
716 4747 792 4802 ad
849 4747 934 4800 rei
990 4745 1444 4818 intelligentiam
1502 4745 1740 4802 deducti
1796 4746 2101 4804 hominem

452 4853 630 4910 porro
682 4835 959 4891 admirati
1019 4835 1404 4907 interrogant,
1457 4834 1704 4890 aliosme
1764 4835 1940 4890 etiam
2010 4840 2101 4892 ta-

455 4927 544 4982 les
631 4923 975 4997 Byzantium
1059 4922 1324 4980 haberet.
1407 4925 1476 4981 Et
1563 4939 1698 4980 cum
1770 4922 2097 4993 responde.

455 5021 544 5071 ret
567 5015 880 5087 plurimos,
910 5029 978 5070 ac
1007 5029 1069 5069 se
1099 5011 1530 5084 discipulorum
1584 5011 1920 5080 minimum,
1976 5029 2098 5068 non

456 5122 525 5160 ex
565 5104 982 5178 magistrorum
1033 5119 1161 5158 esse
1193 5117 1465 5168 numero,
1501 5102 1831 5160 Mamumus
1860 5117 2096 5159 rursum

455 5194 526 5249 de
559 5193 800 5249 doctore
821 5192 1054 5263 qumrit,
1105 5191 1239 5262 quis
1269 5190 1368 5246 ille
1399 5195 1457 5245 et
1511 5205 1587 5246 an
1635 5189 1826 5246 adhuc
1857 5188 2095 5248 viveret.

453 5283 1067 5354 RespondetLeonem
1101 5296 1229 5336 esse
1260 5279 1318 5334 in
1352 5279 1492 5333 vivis
1523 5278 1736 5346 adhuc,
1769 5279 2009 5350 inopem
2041 5285 2100 5334 et

451 5369 606 5424 968
632 5370 782 5426 nulli
815 5369 914 5424 alii
943 5369 1029 5426 rei
1062 5384 1240 5440 quam
1273 5366 1537 5424 scientiis
1567 5365 1854 5422 deditum.
1889 5366 2096 5424 Statim

455 5475 591 5530 ergo
623 5459 697 5513 ad
726 5459 885 5514 hunc
915 5459 1146 5514 litteras
1184 5458 1246 5514 in
1284 5457 1438 5514 hanc
1489 5457 1846 5514 sententiam
1876 5457 2095 5512 Mamu-

451 5563 584 5601 mus
633 5546 883 5600 scribit:
921 5569 948 5596 ‹‹
1003 5549 1086 5602 Ex
1117 5545 1647 5617 fructu,_arborem,
1682 5562 1752 5601 ex
1804 5545 2095 5616 discipulo

453 5633 805 5708 magistrum
875 5635 1240 5704 agnovimus.
1309 5634 1473 5706 Ergo,
1523 5635 1624 5704 qui
1678 5638 1844 5689 tanta
1897 5649 2096 5688 rerum

453 5727 777 5782 instructus
808 5721 1057 5776 scientia
1087 5723 1320 5792 ignotus
1351 5723 1466 5777 tuis
1516 5722 1742 5776 civibus
1793 5722 2097 5794 sapientia

2208 4741 2410 4818 λόγους
2439 4739 2874 4815 παρατρέχοντες
2925 4737 3035 4812 οὐχ
3085 4737 3281 4807 ἥκιστά
3352 4760 3446 4812 μοι
3477 4733 3807 4810 διαμαρτάνειν

2208 4829 2434 4897 δοκεῖτε,
2480 4828 2542 4883 τὸ
2597 4827 2925 4902 κυριώτερον
2967 4827 3308 4902 ἀγνοοῦντες.
3353 4849 3376 4880 ν
3421 4829 3540 4884 Τῶν
3572 4823 3624 4881 δὲ
3651 4821 3808 4880 διαπο-

2207 4919 2486 4995 ρησάντων
2513 4915 2604 4972 καί
2655 4916 2750 4978 τὰς
2779 4914 2956 4978 αἰτίας
3011 4916 3218 4971 τούτων
3288 4913 3598 4990 διευκρινεῖν
3649 4905 3810 4968 καὶδι-

2206 5007 2418 5064 δάσκειν
2472 5003 2936 5080 παρακαλούντων
2970 5049 2984 5073 ,
3072 5002 3187 5060 ἐπεὶ
3273 5001 3682 5080 διερμηνεῦοντα
3741 4994 3811 5050 καὶ

2207 5095 2566 5166 σαφηνίζοντα
2595 5098 2790 5156 ταῦτας
2824 5093 3096 5168 εὕρισκον,
3152 5093 3226 5155 ὡς
3283 5091 3409 5148 τόδε
3470 5092 3561 5168 μὲν
3591 5088 3670 5145 διὰ
3693 5082 3812 5147 τόδε,

2205 5182 2334 5240 τόδε
2362 5181 2420 5238 δὲ
2451 5179 2541 5237 διὰ
2596 5179 2722 5238 τόδε
2767 5184 2866 5254 τὴν
2936 5180 3236 5256 εἷρημὲνης
3291 5179 3486 5252 κλῆσίν
3515 5199 3572 5234 τε
3597 5176 3679 5233 καὶ
3707 5193 3812 5250 γρα-

2209 5278 2316 5356 ιρήν
2371 5277 2517 5355 ἔχει,
2572 5273 2664 5328 καὶ
2724 5273 2838 5344 ἅμα
2891 5273 2919 5327 ὁ
2979 5276 3106 5332 νοῦς
3165 5271 3338 5326 αὐτῶν
3400 5269 3696 5344 διηνοίγετο
3740 5260 3813 5317 καὶ

2206 5355 2314 5422 τῶν
2349 5359 2661 5438 λεγομένων
2695 5363 2960 5430 συνίεσαν,
3018 5355 3218 5433 θάμϐει
3266 5359 3461 5417 λοιπὸν
3489 5355 3809 5432 συσχεθέντεξν

2207 5451 2374 5508 εἶκαὶ
2421 5450 2630 5513 ἄλλους
2688 5443 2802 5524 ἔχει
2858 5448 3143 5511 τοιούτους
3199 5451 3262 5505 τὸ
3323 5450 3598 5520 Βυζάντιον
3626 5441 3806 5516 ἐπηρώ-

2203 5563 2334 5598 των.
2390 5539 2690 5613 Είρηκότος
2722 5535 2778 5594 δὲ
2807 5538 3002 5594 τούτου
3059 5537 3352 5600 πλείστους
3409 5537 3460 5593 ἐν
3495 5537 3632 5608 αὐτῷ
3675 5532 3805 5596 εἶναι,

2203 5632 2294 5689 καὶ
2326 5632 2516 5688 ἑαυτὸν
2571 5631 2662 5687 τὸν
2704 5628 2938 5708 ἔσχατον
2998 5630 3104 5684 τῶν
3177 5631 3434 5702 μαθητῶν
3472 5625 3595 5682 ἀλλ’
3637 5623 3694 5678 οὖ
3719 5623 3802 5708 τῶν

2206 5719 2592 5791 διδασκόντων,
2648 5705 2919 5794 περίήτοῢ
2975 5713 3306 5774 διδασκάλου
3345 5715 3508 5773 πάλιν
3563 5705 3805 5770 eumve"
