4056 6276
298 452 451 513 1053

1409 440 1963 506 HISTORIARUM
2005 436 2544 500 COMPENDIUM.

3539 433 3693 493 1054

283 604 465 652 νοντο,
522 583 604 645 τίς
651 602 709 639 τε
761 580 844 652 εἴη
900 583 988 637 καὶ
1074 582 1117 636 εἰ
1149 581 1441 657 περίεστιν.
1476 581 1537 639 Ὀ
1592 577 1648 634 δὲ
1678 579 1825 641 ὅστις
1870 594 1929 631 τε

2043 556 2431 630 fructumnon
2445 576 2575 631 fers.
2588 591 2662 631 ne
2676 573 3014 645 dedignaris
3029 572 3101 627 ad
3123 588 3230 627 nos
3252 570 3456 627 venite
3474 576 3689 643 tuaque

288 668 377 741 εἶ’τὶ
417 670 760 746 ἀπεκρίνατο,
788 672 875 726 καῖ
909 672 982 733 ὡς
1015 670 1091 726 ἔτι
1150 669 1418 743 περίεστιν
1473 669 1757 741 ἀκτήμονα
1816 663 1935 742 βίον

289 762 440 836 ἆγων
490 761 579 816 καὶ
617 758 755 835 μηδὲ
781 781 918 815 τισιν
947 758 1144 823 ἄλλοις
1179 759 1306 817 ἀλλ’
1343 757 1378 829 ἦ
1428 760 1620 833 μόναις
1672 761 1789 817 ταῖς
1822 755 1937 809 ἐπι-

291 852 530 922 στήμαις
587 849 1019 923 προσηλωμένον
1093 847 1238 926 ἔχων
1293 849 1384 904 τὸν
1434 849 1519 918 [Ρ.
1603 847 1727 917 549]
1788 848 1935 899 τοῖν.

286 939 593 1014 Γράμματα
624 942 753 1015 γοῦν
787 937 940 1001 εὐθὺς
982 938 1010 993 6
1070 937 1322 1009 Μαμοὺμ
1375 938 1484 1010 (48)
1545 935 1680 1008 πρὸς
1733 933 1937 988 ἐκεῖνον

290 1025 667 1103 διαχαράττει,
693 1025 846 1083 τόνδε
874 1028 965 1083 τὸν
993 1030 1118 1082 νοῦν
1151 1023 1373 1100 ἔχοντα·
1416 1050 1435 1075 ιι
1480 1025 1572 1080 Ἐκ
1599 1028 1693 1078 τοῦ
1728 1025 1938 1097 καρποῦ

279 1117 346 1171 τὸ
383 1113 599 1190 δένδρον
637 1116 725 1171 καὶ
769 1115 827 1172 ἐκ
882 1120 979 1171 τοῦ
1039 1118 1284 1189 μαθητοῦ
1349 1108 1583 1191 ἔγνωμεν
1635 1114 1727 1168 τὸν
1787 1108 1937 1165 διδά-

284 1205 512 1263 σκαλον.
562 1205 711 1261 Ἐπεὶ
769 1209 897 1281 γοῦν
958 1202 1287 1274 τηλικοῦτος
1341 1200 1414 1257 ὢν
1454 1204 1572 1276 περῖ
1662 1203 1762 1272 τὴν
1829 1204 1934 1254 τῶν

283 1291 457 1350 ὄντων
487 1293 796 1365 ἐπιστήμην
825 1292 1095 1368 ἄγνωστος
1122 1295 1169 1347 εἰ
1221 1298 1335 1356 τοῖς
1383 1290 1774 1364 συμπολίταις,
1833 1296 1933 1359 τῆς

281 1385 537 1460 γνώσεως
602 1381 691 1441 καί
751 1382 939 1460 σοφίας
993 1384 1196 1458 καρπὸν
1260 1384 1336 1454 μή
1424 1379 1773 1456 δρεπόμενος,
1860 1378 1936 1449 μή

286 1471 594 1544 ἀπαξιώσης
628 1468 805 1534 ἐλθεῖν
844 1469 981 1543 πρὸς
1012 1473 1160 1542 ἡμᾶς
1211 1469 1304 1524 καὶ
1360 1476 1461 1538 τῆς
1515 1472 1609 1536 σῆς
1673 1463 1939 1540 μεταδοῦ-

281 1582 372 1617 ναι
443 1559 655 1665 σορίας.
715 1557 1037 1634 Ἐρχομένῳ
1094 1559 1197 1634 γάρ
1259 1552 1342 1611 σοι
1395 1558 1599 1632 αὐχένα
1658 1555 1942 1611 ὑποκλινεῖ

332 1650 342 1665 ι
733 1648 745 1661 \
854 1652 877 1662 ν
981 1653 1015 1665 σε
1245 1650 1270 1659 θ’
1465 1644 1478 1664 \
1593 1644 1612 1665 Χ
1675 1644 1689 1663 Ι
1892 1644 1937 1665 μὶ

280 1650 443 1723 γένος
498 1644 636 1704 ἅπαν
694 1648 755 1701 τὸ
812 1652 919 1701 τῶν
978 1650 1336 1720 Σαρακηνῶν,
1389 1644 1480 1699 καὶ
1548 1644 1792 1701 πλούτου
1846 1644 1939 1699 καὶ

278 1734 501 1810 δωρεῶν
540 1735 820 1810 ἀξιωθήσῃ
855 1733 930 1789 ὧν
964 1733 1078 1789 οὐδ’
1106 1736 1187 1795 εἷς
1227 1735 1451 1790 πώποτε
1494 1738 1602 1788 τῶν
1636 1733 1938 1808 ἀνθρώπων

268 1824 539 1895 ἠξίωται.
590 1827 832 1881 »Ταῦτα
889 1824 956 1877 τὰ
1002 1824 1302 1898 γράμματα
1364 1820 1488 1885 δοὺς
1546 1827 1625 1895 τῷ
1680 1821 1939 1893 νεανίσκῳ

2046 680 2156 717 nos
2179 662 2447 719 doctrina
2471 662 3073 736 impertire.Venienti
3100 661 3257 715 enim
3284 659 3387 714 tibi
3413 665 3531 716 tota
3554 658 3694 715 Sar-

2044 751 2317 809 racenica
2348 754 2511 809 natio
2561 754 2845 809 cervicem
2887 751 3211 806 submittet.
3248 749 3439 819 iisque
3472 748 3691 803 divitiis

2046 847 2103 896 et
2135 839 2307 897 donis
2340 841 2740 896 cumulaberis
2761 840 2976 913 quibus
2998 856 3173 894 nemo
3202 855 3465 909 unquam
3491 838 3688 893 homi-

2044 946 2207 985 num.
2247 952 2270 981 ι
2310 931 2421 987 Has
2472 929 2695 984 litteras
2719 929 2925 1002 juveni
2974 927 3301 983 liberaliter
3348 928 3563 982 donato
3590 926 3695 982 dat

2044 1019 2224 1074 Leoni
2256 1018 2593 1074 tradendas.
2629 1020 2799 1090 Isque
2832 1018 3168 1090 Byzantium
3204 1016 3522 1073 incolumis
3553 1034 3691 1090 per-

2044 1108 2219 1177 latus,
2253 1125 2385 1162 cum
2416 1109 2665 1163 Leonem
2687 1107 2879 1162 adhuc
2910 1107 3100 1160 vivum
3133 1107 3471 1177 reperisset,
3507 1107 3559 1161 ei
3592 1106 3692 1161 lit-

2044 1203 2200 1252 teras
2220 1196 2434 1252 reddit.
2469 1196 2582 1251 Leo
2622 1195 3021 1269 periculosum
3064 1194 3329 1251 sentiens
3362 1195 3589 1250 litteras
3620 1196 3692 1250 ab

2044 1287 2212 1341 hoste
2245 1288 2534 1358 accipere,
2569 1286 2874 1340 nesciente
2921 1284 2977 1339 id
3014 1284 3391 1355 imperatore,
3424 1284 3694 1339 Theocti-

2049 1381 2204 1430 stum
2228 1374 2593 1446 logothetam
2631 1373 2840 1441 dromi,
2870 1390 3044 1445 quem
3075 1371 3289 1426 deinde
3321 1389 3354 1425 a
3382 1371 3568 1426 Barda
3600 1372 3693 1425 in-

2044 1465 2361 1519 terfectum
2416 1463 2747 1531 docuimus,
2781 1463 3026 1529 accedit,
3063 1468 3120 1515 et
3167 1467 3369 1517 narrat
3396 1460 3694 1531 quomodo

2045 1561 2373 1632 discipulus
2421 1578 2562 1615 suus
2610 1566 2873 1630 captivus
2919 1558 3162 1617 redierit
3202 1558 3547 1629 litterasque
3581 1557 3693 1614 sibi

2045 1652 2117 1705 ab
2157 1667 2571 1705 amermumna
2611 1649 2913 1713 attulerit;
2963 1647 3258 1718 simulque
3300 1664 3399 1701 eas
3431 1647 3692 1702 exhibet.

2046 1741 2163 1793 Hoc
2188 1740 2362 1793 modo
2398 1739 2607 1793 Leonis
2640 1739 2699 1792 in
2732 1738 2961 1793 occulto
2991 1742 3324 1790 versantem
3359 1735 3690 1790 doctrinam

2046 1828 2371 1901 discipulus
2396 1828 2453 1884 in
2488 1828 2679 1884 lucem
2709 1827 3006 1899 produxit,
3040 1832 3215 1897 atque
3244 1825 3351 1880 hac
3382 1825 3691 1879 occasione

268 1915 374 1971 καὶ
434 1912 635 1990 δώροις
714 1914 1263 1994 φιλοφρονησάμενος
1325 1912 1591 1986 ἐκπέμπει
1648 1912 1784 1985 πρὸς
1839 1912 1931 1965 τὸν

2050 1919 2393 1989 imperatori
2426 1918 2686 1977 innotuit
2732 1934 2800 1974 ac
2847 1915 3161 1972 familiaris
3211 1921 3299 1971 est
3328 1913 3516 1969 factus
3548 1916 3685 1970 Leo.

289 2001 642 2063 διδάσκαλον.
700 2004 756 2057 '0
816 2001 872 2060 δὲ
928 2000 1212 2066 διασωθεῖς
1270 2003 1407 2077 πρὸς
1472 2004 1570 2072 τὴν
1612 1996 1933 2077 βασιλεύου-

288 2113 385 2148 σαν
455 2093 547 2148 καὶ
630 2096 803 2161 ζῶντα
859 2093 949 2147 τὸν
1010 2089 1309 2172 φιλόσοφον
1366 2092 1613 2165 εὑρηκὼς
1655 2088 1936 2145 ἐπιδίδωσι

276 2186 448 2237 ταῦτα
474 2182 539 2237 τὰ
562 2181 882 2257 γράμματα.
930 2182 994 2239 Ὀ
1053 2178 1111 2235 δὲ
1172 2180 1274 2235 οὐκ
1331 2178 1609 2237 ἀκίνδυνον
1667 2177 1935 2235 εἶναιλο-

277 2273 575 2348 γισάμενος
607 2272 653 2327 εί
682 2271 891 2348 γραφὴν
926 2271 1031 2329 ἀπὸ
1074 2275 1180 2325 τῶν
1243 2270 1456 2349 ἐχθρῶν
1518 2267 1723 2343 δέξοιτο
1785 2267 1937 2341 εἰδή-

283 2382 421 2423 σεως
479 2362 601 2416 ἄνευ
663 2359 979 2437 βασιλικῆς,
1038 2360 1283 2436 πρόσεισι
1346 2364 1427 2432 τῷ
1490 2358 1756 2435 λογοθέτῃ
1836 2364 1934 2415 τοῦ

288 2448 499 2525 δρόμου
542 2448 886 2520 (Θεόκτιστος
919 2450 1074 2510 οὗτος
1102 2450 1192 2518 ἦν,
1226 2450 1254 2505 6
1286 2449 1431 2523 παρὰ
1462 2452 1559 2504 τοῦ
1591 2446 1773 2524 Βάρδα
1803 2447 1936 2523 μετᾶ

283 2544 451 2597 ταῦτα
504 2539 819 2614 ἀναιρεθεὶς)
901 2537 992 2593 καὶ
1053 2535 1319 2614 διηγεῖται
1378 2540 1527 2601 ὅπως
1602 2559 1659 2593 τε
1715 2537 1934 2613 ἀφίκετο

285 2628 421 2701 πρὸς
451 2627 611 2683 αὐτὸν
642 2628 669 2682 6
699 2626 1061 2701 αἰχμάλωτος
1097 2628 1368 2699 μαθητής,
1426 2626 1516 2681 καὶ
1573 2627 1721 2689 ὅπως
1760 2628 1934 2704 γροὶμ⁴

289 2738 365 2790 μα
423 2716 575 2788 αὐτῷ
634 2716 1063 2791 προσκεκόμικεν
1120 2715 1179 2770 ἐκ
1234 2720 1331 2771 τοῦ
1388 2716 1779 2789 ἀμερμουμνῆ,
1844 2716 1933 2770 καὶ

288 2806 402 2879 ἅμα
430 2809 527 2876 τὴν
562 2806 775 2882 γραφήν
810 2799 1056 2861 ἐκϐαλὼν
1117 2806 1193 2868 εἰς
1253 2810 1444 2882 χεῖρας
1503 2801 1746 2860 δίδωσιν.
1784 2806 1931 2875 Αὕτη

288 2894 322 2962 ἡ
356 2891 502 2947 αίτία
525 2891 606 2965 τῷ
637 2890 923 2970 φιλοσόφῳ
955 2890 1138 2947 Λέοντι
1196 2892 1331 2967 πρὸς
1383 2892 1472 2945 τὸν
1535 2890 1759 2968 βασιλέα
1786 2895 1934 2968 γνῶ-

292 3002 375 3042 σις
420 2980 624 3058 γίνεται
683 2979 770 3035 καὶ
829 2980 1120 3047 οἰκείωσις,
1177 2982 1265 3039 καὶ
1318 2980 1345 3035 ὁ
1414 2979 1634 3054 λεχθεὶς
1688 2982 1934 3052 μαθητής

288 3070 387 3139 τὴν
416 3074 514 3124 τοῦ
546 3070 778 3132 Λέοντος
830 3069 1021 3147 σοφίαν
1068 3063 1145 3124 ἔτι
1202 3071 1582 3144 κρυπτομένην
1612 3068 1935 3143 ἐδημοσίευ-

290 3178 366 3213 σε’
401 3157 794 3233 προσκαλεῖται
850 3159 955 3233 γὰρ
1011 3158 1085 3221 ὡς
1142 3157 1311 3237 τάχος
1368 3160 1530 3215 αὐτὸν
1592 3161 1619 3214 6
1681 3158 1936 3236 βασιλεὺς

285 3246 379 3300 καὶ
430 3244 712 3314 πλουτίζει
769 3246 856 3300 καὶ
920 3243 1151 3320 δημοσίᾳ
1224 3244 1492 3303 διδάσκειν
1549 3250 1933 3326 προτρέπεται,

287 3336 715 3408 κατοικητήριον
783 3333 1043 3408 ἀφορίσας
1102 3335 1251 3409 αὐτῷ
1306 3337 1393 3390 τὸν
1446 3339 1589 3392 θεῖον
1647 3339 1774 3393 ναὸν
1828 3344 1937 3394 τῶν
1968 3313 2009 3378 C

285 3423 692 3498 Τεσσαράκοντα
720 3420 1054 3477 καλλινίκων
1112 3425 1429 3499 Μαρτόρων.
1480 3426 1540 3483 Ὀ
1579 3423 1637 3482 δὲ
1688 3427 1935 3503 Μαμοὺμ

286 3510 557 3586 ἀπογνοὺς
587 3513 685 3580 την
711 3517 808 3566 τοῦ
840 3510 1143 3591 φιλοσόφου
1200 3510 1376 3592 ἄφιξιν
1432 3515 1661 3592 ἀπορίας
1709 3516 1932 3593 ἐκθέμε-

284 3621 378 3663 νος
420 3602 802 3676 γεωμετρικῶν
860 3601 951 3656 καὶ
1009 3600 1413 3677 ἀστρονομικῶν
1466 3606 1794 3677 ζητημάτων
1844 3607 1934 3661 καί

282 3710 445 3745 τινων
528 3686 715 3746 ἄλλων
778 3691 1118 3763 μαθημάτων
1209 3690 1494 3764 ἐκπέμπει,
1579 3695 1693 3759 τὰς’
1751 3694 1934 3758 λύσεις

286 3778 685 3856 σαφηνισθῆναί
742 3779 793 3832 οἱ
854 3777 1294 3852 ἐξαιτησάμενος.
1362 3786 1445 3845 Ὡς
1504 3779 1551 3835 δ’
1624 3783 1852 3857 ἑκάστην
1904 3786 1932 3840 6

289 3868 440 3921 Λέων
505 3870 728 3939 ζήτησιν
793 3865 1077 3924 διελύσατο
1135 3866 1436 3944 ἁρμοδίως,
1515 3874 1811 3947 προσέθετο
1878 3872 1934 3929 δὲ

286 3956 677 4027 καταπλήξεως
714 3957 873 4033 χάριν
901 3959 992 4012 καί
1022 3979 1138 4013 τινα
1196 3963 1303 4015 τῶν
1364 3958 1675 4034 μελλόντων
1728 3970 1933 4037 σημεῖα

284 4049 692 4123 προγνωπικὰ,
745 4046 835 4101 καὶ
916 4047 1095 4119 τούτῳ
1176 4047 1460 4123 ἐξέπεμψε,
1534 4051 1657 4106 τότε
1715 4050 1780 4124 δὴ
1841 4054 1929 4108 ἐπὶ

287 4140 476 4208 χεῖρας
510 4129 752 4191 λαϐόντα
777 4136 869 4189 τὸν
919 4134 1314 4210 ἀμερμουμνῆν
1368 4141 1644 4210 τρωθῆναι
1694 4145 1772 4212 τῷ
1804 4141 1928 4196 τοῦ-

2050 2007 2257 2064 Statim
2292 2007 2449 2063 enim
2496 2007 2546 2062 is
2590 2024 2724 2063 eum
2776 2006 3003 2069 accivit,
3039 2005 3411 2075 ditatumque
3459 2003 3695 2074 publice

2046 2094 2768 2169 docerejussit,gymnasii
2796 2096 2853 2149 in
2876 2111 3049 2150 usum
3075 2094 3127 2148 ei
3151 2093 3483 2149 concedens
3506 2092 3692 2148 azdem

2044 2184 2444 2257 Quadraginta
2493 2187 2834 2255 Martyrum.
2870 2183 2981 2241 Sed
3021 2185 3352 2239 Mamumus
3386 2182 3593 2236 Leonis
3620 2180 3694 2236 ad

2047 2291 2107 2330 se
2156 2273 2411 2331 adventu
2457 2273 2788 2345 desperato,
2831 2273 3216 2347 geometricas
3263 2271 3415 2326 669
3462 2270 3691 2342 aliquot

2044 2362 2471 2418 astronomicas
2485 2379 2596 2435 que
2611 2362 2930 2419 etaliarum
2947 2362 3315 2417 scientiarum
3329 2361 3688 2431 quaestiones

2044 2450 2116 2504 ad
2148 2467 2283 2505 eum
2329 2451 2529 2521 mittit,
2563 2450 2923 2507 solutionem
2979 2465 3181 2504 earum
3228 2464 3497 2520 poscens.
3533 2450 3689 2513 Quas

2044 2556 2178 2597 cum
2204 2541 2313 2595 Leo
2339 2545 2495 2594 recte
2519 2556 2727 2595 omnes
2758 2540 3155 2607 discussisset,
3188 2543 3245 2592 et
3275 2538 3689 2593 admirationis

2045 2628 2370 2685 excitanda:
2390 2629 2578 2702 gratia
2600 2628 2775 2685 simul
2804 2628 3075 2701 quazdam
3107 2628 3303 2685 futura
3328 2627 3691 2700 praedicendi

2045 2719 2211 2789 signa
2234 2717 2666 2787 adscripsisset,
2692 2720 3019 2773 Mamumus
3042 2717 3256 2771 litteris
3281 2717 3409 2771 istis
3432 2718 3689 2788 acceptis

2044 2808 2311 2863 animum
2361 2806 2655 2862 desiderio
2708 2806 2836 2877 ejus
2886 2806 3182 2861 sauciatus
3240 2805 3428 2861 fertur
3474 2822 3691 2878 magna

2042 2915 2180 2954 voce
2204 2898 2586 2962 exclamasse,
2621 2896 3018 2955 admiratione
3066 2900 3246 2951 tantas
3298 2895 3425 2967 ejus
3452 2895 3559 2949 viri
3590 2894 3692 2953 do-

2045 2989 2270 3046 ctrinas.
2304 2987 2510 3042 Statim
2535 3002 2671 3059 ergo
2712 2986 2783 3042 ad
2820 2985 3209 3056 Theophilum
3241 2984 3459 3056 legatos
3483 2984 3684 3054 mittit,

2046 3094 2180 3135 cum
2205 3076 2418 3133 litteris
2439 3075 2564 3130 haec
2587 3073 3057 3147 signiﬁcantibus
3083 3090 3143 3127 τι(
3170 3072 3687 3145 Statueram,quod

2048 3172 2136 3223 est
2156 3165 2399 3239 genuini
2443 3164 2617 3223 amici
2650 3163 2936 3230 ofﬁcium,
2965 3163 3089 3233 ipse
3123 3162 3195 3217 ad
3224 3166 3282 3216 te
3312 3162 3549 3229 venire;
3584 3161 3688 3217 sed

2047 3273 2181 3313 cum
2205 3273 2239 3312 a
2260 3257 2377 3310 Deo
2404 3254 2545 3311 mihi
2568 3254 2952 3309 commissum
2974 3252 3292 3324 imperium
3317 3251 3688 3325 populusque

2040 3346 2187 3402 mihi
2220 3344 2512 3410 subditus,
2546 3343 2715 3413 cujus
2765 3358 2995 3395 summa
3045 3347 3133 3395 est
3162 3346 3443 3412 potestas,
3476 3340 3535 3395 id
3566 3357 3685 3397 non

2039 3434 2525 3505 concedant,peto
2547 3438 2612 3487 ut
2635 3432 2823 3487 virum
2844 3448 3020 3501 quem
3038 3430 3412 3502 philosophia
3427 3430 3679 3502 aliisque

2039 3523 2304 3580 scientiis
2326 3520 2624 3578 celebrem
2654 3518 2938 3587 habes,ad
2958 3536 3052 3573 me
3074 3519 3295 3586 mittas,
3320 3523 3383 3572 ut
3400 3518 3678 3590 exiguum

2038 3628 2271 3692 tempus
2315 3636 2549 3677 mecum
2599 3618 2817 3688 degens
2866 3634 2972 3673 sua
3031 3634 3124 3675 me
3184 3616 3474 3685 doctrina,
3507 3617 3679 3689 cujus

2037 3725 2238 3765 amore
2287 3708 2489 3777 ﬂagro,
2539 3706 2853 3778 impertiat.
2904 3708 3101 3776 Neque
3158 3704 3231 3758 ob
3278 3705 3580 3775 religionis
3621 3710 3681 3763 et

2035 3798 2227 3871 gentis
2277 3796 2677 3852 diversitatem
2732 3794 2841 3853 hoc
2873 3794 3131 3861 dilTeras,
3162 3791 3264 3847 sed
3316 3791 3475 3863 quod
3506 3792 3679 3849 bonis

2036 3888 2233 3945 amicis
2282 3885 2551 3951 debetur,
2597 3883 3039 3954 quamprimum
3094 3886 3355 3954 praestes.
3397 3883 3508 3937 Pro
3567 3882 3678 3939 hoc

2036 3976 2231 4031 ofﬁcio
2266 3974 2369 4031 tibi
2401 3973 2528 4029 auri
2562 3971 2907 4029 centenaria
2938 3972 3038 4025 lOO
3069 3969 3407 4040 reddemus,
3441 3986 3675 4043 pacem-

2036 4081 2149 4136 que
2172 4069 2231 4118 et
2255 4063 2442 4118 turdus
2479 4077 2738 4134 perenne
2771 4075 3209 4132 componemus.
3250 4082 3275 4107 »
3309 4060 3421 4115 Has
3454 4059 3677 4117 litteras

2034 4168 2169 4207 cum
2201 4150 2523 4223 accepisset
2567 4148 2947 4220 Theophilus,
2982 4146 3305 4205 absurdum
3337 4153 3500 4203 ratus
3531 4147 3666 4205 bar-

275 4242 374 4276 του
405 4221 589 4297 ἔρωτι,
626 4225 767 4303 μέγα
795 4244 854 4277 τε
884 4224 1201 4300 ἀνακραγεῖν
1252 4226 1342 4281 τὸν
1377 4223 1542 4300 ἄνδρα
1580 4235 1680 4297 τῆς
1740 4230 1929 4308 σοφίας

280 4310 708 4386 ὑπεραγάμενον.
743 4311 915 4377 Εὐθὺς
965 4310 1058 4367 οὗν
1116 4309 1400 4387 πρεσϐείαν
1463 4316 1596 4384 πρὸς
1652 4318 1743 4372 τὸν
1800 4319 1928 4375 Θεό-

274 4398 437 4477 φιλον
486 4401 575 4455 καὶ
632 4403 932 4477 γράμματα
989 4406 1216 4456 τοιαῦτα
1273 4398 1473 4483 ἔχοντα
1528 4407 1626 4474 τὴν
1686 4404 1923 4464 διάνοιαν

270 4486 557 4561 ἐκπέμπεν
601 4512 629 4541 ι(
685 4485 1033 4564 Ἐϐουλόμην
1095 4491 1188 4565 μὲν
1256 4492 1417 4554 αὐτὸς
1475 4494 1756 4571 ἀφικέσθαι
1816 4518 1922 4572 σοι,

2042 4504 2460 4559 l‘hessalonicae
2491 4504 2644 4558 670
2685 4504 3028 4574 episcopum
3066 4508 3247 4572 creat,
3272 4518 3449 4573 opero
3468 4502 3672 4559 Jannis

266 4578 426 4654 ἔργον
456 4579 684 4654 γνησίου
717 4578 881 4658 φίλου
912 4579 1274 4654 ἀποπληρῶνο
1336 4580 1452 4637 ἐπεὶ
1521 4581 1578 4638 δὲ
1616 4588 1649 4654 ἡ
1706 4587 1920 4642 ἀνακει-

2042 4592 2402 4663 patriarcbae,
2426 4592 2595 4663 cujus
2613 4591 2783 4649 illum
2800 4590 2980 4646 fuisse
3002 4597 3314 4663 cognatum
3338 4591 3670 4650 docuimus.

270 4666 401 4738 μένη
440 4688 535 4740 μοι
567 4668 715 4743 ἀρχὴ
750 4667 811 4723 ἐκ
841 4673 973 4723 Θεοῦ
1002 4669 1140 4724 καὶὸ
1176 4671 1278 4725 ὑπὸ
1307 4673 1407 4742 τήν
1430 4676 1593 4747 χεῖρά
1630 4696 1733 4747 μου
1762 4676 1937 4735 τελῶν
1968 4676 2224 4739 πλεῖστος
2255 4679 2598 4749 κατεξουσίας
2632 4678 2761 4741 λαὸς
2792 4682 2954 4737 τοῦτο
2988 4678 3047 4733 οὐ
3073 4684 3372 4754 συγχωρεῖ,
3406 4680 3463 4733 δν
3520 4676 3666 4754 ἔχεις

273 4756 363 4846 ὶτξῖ
395 4758 698 4846 φιῆοσοφίᾳ
726 4759 815 4813 καὶ
846 4766 964 4822 ταῖς
998 4759 1217 4824 λοιπαῖς
1252 4760 1578 4836 ἐπιστήμαις
1610 4762 1901 4838 διαϐόητον
1934 4766 2122 4841 ἄνδρα,
2158 4771 2369 4846 βραχύν
2397 4790 2516 4827 τινα
2558 4772 2752 4845 χρόνον
2786 4770 2922 4826 αἰτῶ
2979 4768 3356 4840 ἐξαποστεῖλαί
3391 4791 3505 4843 μοι,
3574 4777 3672 4838 τῆς

279 4842 442 4941 αξδτοῦ
473 4843 782 4941 ἒπιεξτῆμης
818 4847 1197 4920 μεταδώσοντά
1229 4873 1323 4925 μοι
1364 4852 1700 4931 ἐκκαιομένῳ
1728 4858 1817 4913 καὶ
1850 4858 2048 4930 ταύτης
2079 4861 2351 4936 ἐρωτικῶς
2379 4860 2585 4941 ἔχοντι.
2622 4863 2708 4930 Μὴ
2745 4857 2987 4931 ἀναϐολὴ
3021 4859 3077 4916 δὲ
3110 4860 3197 4916 διὰ
3237 4862 3299 4916 τὸ
3358 4856 3516 4921 σέϐας
3578 4859 3667 4915 καὶ

268 4933 370 5033 τῂν
404 4937 501 5033 ἷξΫῦ
533 4933 719 5033 ἶένξυς
738 4937 1141 5013 ἀλλοτριότητα
1174 4940 1371 5007 ἔσοιτο,
1403 4943 1548 4999 ἀλλᾶ
1573 4944 1785 5017 μᾶλλον
1820 4946 1903 5007 ὅτι
1937 4933 2211 5015 τοιούτοις
2239 4952 2382 5023 ἀξιοῖ
2409 4933 2619 5032 ’ῖρίλοις
2678 4950 2933 5008 ἐπιεικέσι
2987 4972 3044 5006 τε
3079 4952 3164 5009 καὶ
3196 4954 3480 5023 χρηστοῖς,
3506 4946 3667 5021 πέρας

260 5021 323 5119 ἷξ)
353 5021 523 5119 “td-110;
556 5019 772 5119 λαβέτω
802 5029 836 5097 ἡ
872 5028 1104 5099 αἴτησις.
1142 5033 1315 5104 Χάρις
1349 5031 1406 5088 δέ
1436 5046 1525 5088 σοι
1559 5035 1690 5111 ὑπὲρ
1720 5037 1920 5094 τούτου
1948 5036 2423 5112 καταϐληθτςσεται
2449 5019 2688 5119 ’χρυσίου
2721 5042 2813 5112 μὲν
2847 5042 3031 5096 ἑκατὸν
3079 5040 3418 5111 κεντηντίρια,
3474 5036 3663 5109 εἰρήνη

266 5106 324 5164 δέ
348 5111 437 5164 καὶ
475 5110 699 5205 σπᾳονδαῖ
730 5114 1080 5185 ἂτελεύτητοι
1111 5120 1201 5173 καὶ
1222 5117 1410 5175 ἀΐδιοι.
1448 5147 1475 5173 ››
1509 5125 1804 5197 Δεξάμενος
1842 5124 1899 5181 δὲ
1925 5127 1994 5182 τὰ
2016 5130 2315 5205 γράμματα
2348 5132 2375 5185 6
2406 5106 2692 5205 Θεόφιλος,
2717 5128 2916 5185 ἄτοπον
2950 5130 3132 5201 κρίνας
3165 5128 3210 5181 εί
3240 5129 3338 5193 τὴν
3361 5130 3469 5178 τῶν
3499 5121 3667 5178 ὄντων

264 5218 492 5305 Υἵωῖιγ,
534 5199 696 5305 δι’ᾒν
725 5205 788 5258 τὸ
816 5206 1107 5277 Ῥωμαίων
1127 5207 1280 5285 γένος
1310 5212 1660 5283 θαυμάζεται,
1695 5218 1781 5286 [Ρ.
1816 5218 1943 5290 550]
2010 5215 2229 5273 ἔκδοτον
2285 5220 2506 5289 ποιήσει
2540 5225 2657 5280 τοῖς
2717 5214 2907 5287 ἔθνεσι,
2964 5217 3100 5290 πρὸς
3127 5215 3194 5269 τὰ
3258 5213 3544 5284 αἰτηθέντα
3574 5214 3664 5268 καὶ

263 5287 555 5393 ἀξιωθέντα
582 5291 681 5393 οόκ
704 5293 967 5351 ἐπένευσε·
1003 5298 1095 5354 τὸν
1129 5295 1186 5352 δὲ
1224 5301 1426 5357 Λέοντα
1458 5298 1547 5360 διὰ
1596 5303 1841 5374 μείζονος
1871 5306 1977 5380 ἦγε
2013 5310 2179 5379 τιμῆς
2210 5310 2297 5365 καὶ
2337 5315 2438 5377 τῆς
2473 5307 2867 5375 Θεσσαλονίκης
2909 5305 3317 5379 προχειρίζεται
3377 5300 3664 5378 πρόεδρον,

256 5395 348 5485 ’ξον
436 5381 782 5485 πξτριάρχην
864 5384 1146 5449 ἀνιπιίσκς
1228 5391 1438 5459 Ἰαννῆν
1525 5391 1910 5463 χειροτονῆσαι
1995 5400 2212 5460 τοῦτον,
2270 5399 2361 5452 καὶ
2423 5397 2589 5468 αὐτῷ,
2652 5398 2725 5456 ὡς
2785 5394 2894 5465 ἤδη
2985 5393 3231 5465 εἶ’πομεν,
3291 5394 3428 5447 κατὰ
3509 5393 3667 5469 γένος

258 5484 541 5538 ῳκειωμεν
552 5491 626 5525 ον,

2031 4240 2191 4294 baris
2224 4240 2472 4310 prodere
2505 4238 2804 4304 scientias,
2838 4236 2911 4289 ob
2944 4252 3091 4306 quas
3136 4238 3401 4295 Romana
3438 4252 3579 4309 gens
3613 4236 3674 4294 in

2031 4328 2424 4385 admiratione
2485 4332 2662 4394 esset,
2704 4325 2975 4397 petitioni
3034 4324 3170 4381 huic
3225 4340 3347 4380 non
3399 4324 3611 4381 annuit
3658 4342 3670 4379 :

2031 4417 2285 4473 Leonem
2336 4432 2470 4470 vero
2518 4415 2730 4485 majori
2780 4430 2953 4484 porro
3002 4414 3064 4468 in
3116 4414 3340 4468 honore
3388 4413 3565 4468 habet
3605 4430 3671 4469 ac

1459 5587 1822 5645 XYLANDRI
1860 5591 1947 5651 ET
1987 5593 2201 5650 GOAHI
2245 5596 2467 5649 NOTAE.

327 5691 438 5761 (48)
466 5694 517 5747 Is
549 5693 703 5750 idem
739 5696 838 5767 qui
872 5696 1171 5769 dignitatis
1206 5703 1447 5758 nomine
1482 5708 1914 5763 amermumnis
1941 5709 2119 5764 modo
2150 5717 2388 5765 vocatus
2421 5716 2526 5764 est.
2562 5710 2717 5764 Com
