4054 6286
461 379 616 441 1053

1843 384 2165 448 GEORGII
2209 387 2546 452 CEDREN'I
2644 336 2650 344 ἱ

3680 387 3812 448 1056

533 512 787 567 Leonem
837 511 1391 570 Thessalonicenses
1438 531 1814 588 summOpere
1855 523 1994 572 sunt
2023 533 2107 572 ve-

2292 521 2495 573 Τοῦτον
2553 519 2605 574 οἳ
2680 515 3095 580 Θεσσαλονικεῖς
3185 514 3319 589 μετᾶ
3364 515 3462 584 τήν
3519 521 3812 589 χειροτονῑαν

459 601 672 664 nerati,
706 600 991 656 doctrina
1037 618 1172 674 ergo
1223 608 1282 658 et
1333 603 1395 659 in
1444 605 1623 660 rebus
1671 605 2107 662 mathematicis

462 689 718 745 solertia
743 706 759 755 ;
785 689 1147 761 pracipuam
1179 698 1400 754 autem.
1425 711 1531 749 cur
1559 695 1642 750 ita
1669 694 2109 751 admirarentur

461 779 791 848 hominem,
823 795 1064 836 causam
1087 781 1241 837 hanc
1263 782 1600 838 habuerunt
1628 801 1641 838 :
1675 785 1904 839 Sterilis
1937 791 1994 840 et
2021 786 2105 842 in-

459 867 745 941 frugifera
775 884 844 922 eo
874 873 1141 941 tempore
1173 876 1298 927 erat
1329 872 1528 940 tellus,
1561 874 1777 944 quippe
1808 873 2110 930 Thessalo-

461 957 660 1012 nicam
710 961 768 1011 et
819 955 1307 1028 circumjacentia
1352 961 1484 1017 loca
1541 963 1904 1034 incolebant,
1950 964 2107 1020 fame

460 1045 923 1116 premebantur;
957 1053 1244 1118 erantque
1273 1049 1335 1103 in
1366 1066 1434 1104 eo
1467 1067 1674 1106 omnes
1709 1053 1996 1124 periculo,
2031 1070 2106 1110 ne

461 1139 564 1190 aut
609 1136 868 1206 patrium
919 1135 1113 1191 solum
1155 1143 1381 1194 vertere
1432 1145 1535 1194 aut
1586 1141 1838 1212 penuria
1892 1143 2106 1198 conﬁci

460 1229 780 1296 oporteret.
817 1224 928 1279 Leo
953 1225 1294 1282 consolatus
1316 1244 1416 1282 eos
1433 1233 1602 1300 capto
1629 1236 1914 1302 tempore,
1948 1233 2107 1303 quod

461 1313 515 1368 ei
547 1313 809 1368 siderum
841 1318 1140 1369 certorum
1163 1322 1326 1371 ortus
1357 1322 1534 1388 atque
1565 1319 1841 1374 emicatio
1875 1320 2104 1376 indica—

459 1403 622 1470 bant,
657 1408 875 1458 terram
900 1420 1000 1459 eos
1021 1421 1334 1462 conserere
1350 1407 1548 1478 jussit.
1585 1409 1708 1473 Quo
1750 1409 1904 1464 facto
1925 1416 2104 1467 tanta

458 1490 782 1546 fertilitatis
831 1497 1038 1547 auctor
1082 1493 1214 1561 fuit,
1249 1500 1314 1550 ut
1345 1495 1473 1566 ejus
1512 1499 1727 1552 messis
1772 1498 2000 1554 fructus
2031 1499 2106 1555 ad

459 1581 680 1636 multos
711 1597 898 1636 annos
929 1583 1293 1640 suffecerint.

2221 600 2678 681 ὑπερϐαλλόντως
2734 605 2998 680 ἐτίμησαν
3080 602 3172 661 διὰ
3249 605 3350 674 τήν
3431 601 3636 659 ἐνοῦσαν
3693 605 3811 678 αὐτῷ

2220 696 2410 772 σοφίαν
2442 695 2534 751 καὶ
2563 697 2666 766 τὴν
2695 696 2818 771 περὶ
2859 694 3032 751 πάντα
3088 694 3157 750 τὰ
3217 693 3506 766 μαθήματα
3557 688 3810 767 ἀκρίϐειαν,

2218 782 2504 860 ἐξαιρέτως
2589 782 2648 840 δὲ
2702 783 3012 859 ἐθαύμασαν
3095 782 3202 839 ἀπὸ
3281 779 3447 852 τῆσδε
3499 789 3593 853 τῆς
3650 783 3809 849 αἰτίαςο

2218 874 2448 949 ’Δγονος
2479 874 2546 944 ἦν
2578 877 2614 944 ἡ
2673 881 2746 952 γῆ
2799 875 2891 928 καὶ
2946 873 3190 948 ἄκαρπος
3248 877 3365 928 κατ’
3421 870 3588 928 ἒκεῖνο
3637 879 3809 948 καιροῦ,

2217 959 2306 1018 καί
2337 961 2504 1036 λιμὸς
2529 965 2673 1040 ἦγχε
2701 962 2828 1027 τοὺς
2886 963 3164 1025 οἰκοῦντας
3218 959 3603 1032 Θεσσαλονίκην
3649 964 3726 1016 καὶ
3761 963 3812 1018 τὰ

2216 1052 2369 1129 πέριξ
2399 1054 2592 1125 αὐτῆς,
2623 1053 2714 1109 καὶ
2757 1055 2947 1118 πάντες
2991 1051 3028 1123 ἤ
3089 1052 3412 1127 μετανάσται
3469 1051 3694 1126 γενέσθαι
3739 1059 3815 1122 τῆς

2217 1139 2480 1217 πατρίδος
2512 1140 2548 1213 ἤ
2607 1142 2760 1216 λιμῷ
2788 1143 2880 1198 καὶ
2939 1139 3110 1212 ἐνδείᾳ
3157 1145 3268 1196 τῶν
3319 1139 3613 1216 ἂναγκαίων
3634 1137 3814 1219 διαφθα-

2222 1235 2477 1310 ρήσεσθαι
2507 1231 2772 1304 ἤλπιζον.
2803 1234 2865 1291 Ὁ
2895 1230 2953 1288 δὲ
3001 1230 3153 1288 Λέων
3211 1233 3312 1302 τήν
3371 1231 3597 1305 ἀπορίαν
3649 1231 3812 1286 τούτων

2219 1324 2713 1398 παραμυθούμενος
2757 1323 2946 1398 καιρόν
3005 1343 3150 1391 τινα,
3181 1322 3242 1377 ’ὀν
3288 1323 3324 1390 ἡ
3355 1325 3464 1376 τῶν
3495 1319 3690 1394 ἄστρων
3737 1321 3817 1375 ὑπ-

2220 1413 2368 1483 ετίθη
2424 1413 2603 1486 τούτῳ
2661 1411 2892 1483 ἐπιτολή
2949 1432 3008 1467 τε
3062 1411 3152 1466 καὶ
3207 1411 3386 1488 φάσις,
3465 1407 3812 1485 παραδηλώσας

2221 1503 2430 1573 αὐτοῖς,
2482 1503 2574 1558 καὶ
2631 1502 2767 1558 κατὰ
2819 1505 3010 1556 τοῦτον
3057 1503 3127 1575 τῇ
3171 1503 3246 1578 γῇ
3276 1493 3600 1556 καταϐαλεῖν
3647 1497 3814 1572 ἐπιτρέ-

2220 1593 2326 1666 ψας
2353 1590 2420 1646 τᾶ
2449 1590 2753 1666 σπέρματα,
2785 1588 3054 1660 τοσαύτης
3111 1590 3326 1664 γέγονεν
3383 1587 3630 1666 εύφορίας
3675 1586 3814 1650 αἴτιος

2220 1679 2415 1744 ὡςέπί
2456 1679 2705 1742 πολλοὺς
2762 1679 3052 1756 ἐπαρκέσαι
3105 1679 3342 1756 χρόνους
3399 1683 3518 1742 τοῖς
3569 1677 3818 1756 ἐγχωρίοις

2217 1771 2344 1833 τοὺς
2370 1768 2686 1850 δρεφθέντας
2715 1769 2978 1845 καρπούς.

535 1851 768 1907 Litteris
813 1857 872 1908 et
917 1853 1109 1924 poetis
1159 1853 1293 1917 Leo,
1326 1859 1392 1910 ut
1412 1855 1539 1926 ipse
1561 1855 1810 1922 ferebat,
1842 1857 2107 1914 initiatus

2287 1859 2369 1916 Τὰ
2402 1859 2496 1932 μὲν
2527 1860 2620 1914 οὗν
2651 1857 3011 1935 γραμματικά
3039 1851 3224 1932 ἔλεγεν
3283 1857 3311 1912 ὁ
3372 1856 3524 1912 Λέων
3573 1855 3657 1910 καὶ
3689 1875 3816 1923 ποιη-

459 1940 572 1996 fuit
584 1941 862 2012 Byzantii.
879 1942 1278 2013 Rhetoricam,
1298 1943 1756 2016 philosophiam,
1779 1947 2108 2003 arithmeti-

461 2047 613 2098 cam,
646 2035 705 2086 et
734 2031 996 2103 reliquas
1026 2032 1302 2088 scientias
1333 2033 1396 2090 in
1418 2035 1618 2090 Andro
1651 2036 1848 2092 insula
1878 2035 2104 2093 didicit.

458 2119 546 2174 Ibi
576 2125 842 2176 versatus
873 2137 1008 2176 cum
1048 2121 1331 2178 Michaelo
1362 2123 1580 2192 Psello,
1612 2131 1932 2196 prastante
1961 2126 2107 2195 viro,

459 2209 532 2264 ab
554 2226 744 2281 eoque
793 2210 1102 2282 principiis
1153 2216 1384 2267 tantum
1415 2218 1475 2267 et
1503 2213 1860 2284 quibusdam
1891 2232 2108 2286 prace-

461 2298 580 2370 ptis
627 2299 1159 2370 occasionibusque
1214 2300 1481 2356 discendi
1539 2303 1889 2372 instructus,
1912 2320 2106 2376 neque

460 2390 696 2440 tantum
727 2392 1015 2456 quantum
1039 2387 1418 2444 desiderabat
1445 2390 1714 2463 adeptus,
1747 2396 2109 2450 monasteria

463 2480 812 2546 pervagatus
861 2480 968 2543 est,
999 2476 1302 2548 librosque
1334 2479 1398 2533 in
1441 2479 1514 2534 iis
1545 2483 1835 2552 repositos
1865 2485 2111 2554 perqui-

461 2580 602 2618 rens
623 2570 801 2634 atque
822 2569 1092 2620 scrutans
1117 2566 1500 2638 studioseque
1521 2570 1818 2626 meditans
1835 2571 1908 2626 ad
1928 2577 2108 2629 tanta

463 2653 749 2708 doctrina
797 2652 1095 2725 fastigium
1139 2655 1339 2710 evasit.
1373 2655 1622 2712 Abunde
1655 2674 1792 2731 ergo
1824 2661 2108 2718 eruditio-

463 2743 558 2797 nis
605 2743 752 2798 97]
811 2749 1165 2798 consecutus
1213 2744 1422 2815 Cpolin
1461 2746 1673 2814 rediit;
1710 2755 1768 2804 et
1797 2751 1898 2820 qui
1931 2767 2111 2823 opera

459 2831 646 2902 ipsius
667 2831 752 2885 uti
789 2830 1028 2900 vellent,
1069 2849 1170 2887 eos
1197 2832 1368 2889 bonis
1411 2834 1640 2890 artibus
1685 2836 1963 2894 instituit.
2001 2842 2112 2896 Ve-

449 2920 591 2975 rum
639 2921 766 2975 hac
797 2921 984 2976 multo
1015 2927 1172 2978 ante.
1207 2922 1498 2979 Caterum
1532 2925 2107 2998 Imaginiperdarum

459 3011 672 3066 haresi
695 3009 1008 3083 proﬂigata
1025 3017 1083 3065 et
1129 3011 1258 3082 ejus
1293 3013 1685 3070 sectatoribus
1712 3015 1980 3088 dejectis,
2013 3019 2108 3075 in-

457 3105 664 3170 terque
717 3117 818 3156 eos
859 3101 1047 3156 Janne
1095 3101 1276 3158 etiam
1325 3103 1680 3176 patriarcha,
1713 3105 1828 3162 Leo
1869 3123 2106 3180 quoque

2212 1948 2338 2004 τικά
2371 1950 2647 2021 μυηθῆναι
2686 1947 2824 2004 κατὰ
2867 1948 2970 2016 τήν
3024 1943 3308 2023 βασιλίδα,
3340 1945 3634 2022 ῥητορικὴν
3659 1941 3707 1998 δὲ
3748 1942 3814 1996 καὶ

2214 2036 2540 2115 φιλοσοφίαν
2589 2035 2680 2092 καὶ
2739 2036 2988 2110 ἀριθμῶν
3039 2030 3342 2107 ἀναλήψεις
3412 2031 3508 2088 καὶ
3587 2031 3672 2094 τὰς
3738 2035 3818 2085 τῶν

2215 2123 2427 2181 λοιπῶν
2470 2125 2788 2199 ἐπιστημῶν
2825 2121 3052 2202 ἐφόδους
3092 2122 3230 2178 κατὰ
3279 2123 3382 2192 τὴν
3417 2128 3582 2192 νῆσον
3635 2116 3816 2193 Ἄνδρον

2213 2216 2531 2290 γενόμενος.
2571 2217 2780 2271 Ἐκεῖσε
2806 2213 2911 2290 γὰρ
2942 2209 3225 2286 σπουδαίῳ
3264 2212 3375 2267 τινὶ
3437 2209 3672 2286 ἐντυχὼν
3699 2205 3816 2283 ἀνδρὶ

2215 2302 2451 2382 Μιχαὴλ
2480 2309 2560 2376 τῷ
2591 2301 2819 2376 Ψέλλῷ,
2852 2303 2940 2357 καὶ
2987 2301 3084 2366 τὰς
3138 2301 3314 2376 ἀρχὰς
3376 2300 3544 2373 μόνον
3598 2298 3680 2355 καί
3701 2317 3817 2357 τινας

2215 2393 2416 2469 λόγους
2469 2392 2560 2448 καὶ
2615 2391 2866 2472 ἀφορμὰς
2925 2385 3111 2446 λαϐὼν
3169 2391 3298 2465 παρ’
3354 2389 3546 2459 αὐτοῦ,
3608 2386 3712 2444 ἐπεὶ
3761 2384 3816 2459 μή

2215 2482 2340 2538 ὅσον
2381 2477 2639 2537 ἐϐούλετο
2697 2477 2929 2556 εὕρισκε,
2987 2480 3318 2555 περιενόστει
3376 2480 3452 2534 τὰ
3513 2478 3816 2553 μοναστήρια,

2213 2571 2437 2633 καὶτὰς
2497 2571 2548 2626 ἐν
2609 2569 2794 2632 αὐτοῖς
2852 2567 3212 2643 ἀποκειμένας
3287 2561 3526 2642 βίϐλους
3578 2566 3818 2641 ἀνερευνῶν

2214 2682 2272 2716 τε
2301 2660 2392 2715 καὶ
2437 2659 2798 2734 ποριζόμενος
2853 2658 2944 2713 καὶ
3001 2655 3310 2721 σπουδαίως
3365 2655 3670 2730 ἐκμελετῶν
3714 2654 3817 2728 πρὸς

2212 2749 2274 2804 τὸ
2303 2755 2405 2818 τῆς
2435 2747 2703 2818 τοσαύτης
2731 2748 2985 2822 γνώσεως
3014 2745 3155 2822 ὕψος
3215 2740 3574 2817 ἀνεϐιϐάσθη.
3632 2743 3717 2808 Εἷς
3747 2739 3822 2797 κό-

2215 2843 2306 2914 ρον
2337 2835 2394 2894 δέ
2417 2841 2523 2894 τῶν
2568 2837 2907 2910 μαθημάτων
2954 2835 3313 2911 μετεσχηκὼς
3377 2836 3520 2910 πρὸς
3575 2836 3666 2904 τὴν
3694 2833 3818 2908 βασι-

2213 2926 2474 2984 λεύουσαν
2531 2925 2686 2991 αὖθις
2739 2926 3056 3000 ὓπέστρεψε,
3114 2924 3182 2980 τὰ
3232 2925 3522 3000 σπέρματα
3579 2928 3679 2978 τῶν
3725 2919 3820 2976 ἐπι·

2215 3021 2442 3090 στημῶν
2467 3021 2586 3078 ταῖς
2623 3019 2732 3070 τῶν
2792 3012 3145 3090 βουλομένων
3204 3011 3473 3078 διανοίαις
3529 3006 3823 3068 καταϐαλλό-

2219 3125 2400 3179 μενος.
2436 3103 2616 3160 Ἀλλὰ
2643 3107 2807 3159 ταῦτα
2849 3103 2945 3177 μὲν
2979 3103 3273 3178 πρότερον*
3316 3109 3418 3172 τῆς
3471 3099 3526 3158 δὲ
3568 3106 3665 3156 τῶν
3691 3097 3820 3156 Είκο·

457 3189 805 3245 deturbatus
863 3189 1206 3260 episcopatu
1263 3191 1394 3261 fuit,
1456 3209 1714 3265 eumque
1765 3195 2004 3264 Bardas,
2038 3203 2102 3254 ut

2219 3197 2478 3272 νομάχων
2545 3195 2804 3270 αἱρέσεως
2862 3189 3303 3266 καταϐληθείσης
3359 3193 3456 3248 καὶ
3511 3197 3614 3249 τῶν
3662 3190 3826 3258 ταύτης

455 3280 792 3347 retulimus,
827 3279 1042 3335 deinde
1104 3283 1322 3337 schola
1353 3283 1782 3357 philosophica
1815 3287 2098 3360 prafecit.

457 3371 618 3426 Idem
668 3371 935 3442 Sergium
978 3371 1189 3427 Leonis
1240 3373 1622 3445 discipulum,
1655 3381 1882 3447 patrem
1925 3379 2106 3450 hujus

457 3459 530 3514 de
563 3476 679 3530 quo
701 3459 878 3514 verba
914 3459 1162 3514 fecimus
1177 3461 1437 3532 juvenis,
1469 3465 1831 3534 geometrico
1862 3483 2104 3538 gymna-

460 3547 645 3615 sio,et
663 3547 1078 3621 Theodegium,
1113 3549 1318 3604 itidem
1350 3550 1480 3622 ejus
1509 3551 1888 3624 familiarem,
1920 3556 2106 3612 arith-

458 3637 674 3692 metico
715 3639 1234 3711 astronomicoque
1267 3639 1404 3696 ludo
1453 3643 1794 3714 praposuit.
1826 3645 2006 3718 Large
2033 3647 2106 3702 iis

459 3733 732 3800 sumptus
761 3728 1156 3800 suppeditavit
1181 3747 1195 3796 ;
1218 3735 1402 3802 utque
1433 3737 1560 3786 erat
1590 3733 1891 3791 studiosus
1920 3735 2104 3792 bona-

457 3833 591 3872 rum
620 3817 858 3884 artium,
879 3833 1033 3890 sape
1053 3818 1181 3890 ipse
1207 3836 1443 3890 quoque
1467 3821 1730 3878 scholam
1757 3823 2102 3894 frequenta-

455 3905 930 3976 vit,alacritatem
943 3907 1302 3964 discentium
1316 3927 1420 3965 suo
1437 3911 1706 3982 exemplo
1722 3913 2102 3969 confirmans.

460 3995 580 4048 Hoc
613 4000 784 4066 pacto
829 3994 1014 4050 bonas
1059 3996 1287 4053 litteras
1317 4015 1560 4070 prorsus
1589 4005 1728 4055 ante
1760 4001 2104 4070 exstinctas,

459 4083 542 4138 ita
572 4087 639 4137 ut
685 4099 758 4136 ne
809 4083 1119 4157 vestigium
1165 4086 1407 4157 quidem
1459 4104 1662 4144 earum
1711 4095 1814 4144 aut
1846 4090 2109 4146 scintilla

459 4176 738 4238 exstaret,
771 4172 931 4228 brevi
961 4175 1246 4246 temporis
1278 4177 1466 4248 spatio
1497 4177 1571 4234 ad
1608 4194 1882 4252 magnam
1914 4181 2108 4236 evexit

461 4261 939 4334 amplitudinem.

528 4352 692 4406 Idem
721 4351 939 4408 Bardas
970 4353 1165 4410 Casar
1185 4354 1374 4410 factus
1398 4356 1604 4412 crebro
1623 4357 1855 4430 judicia
1879 4375 2012 4430 qua
2043 4359 2106 4414 in

457 4442 623 4498 Circo
643 4439 971 4513 agebantur
990 4441 1282 4509 visitabat,
1321 4444 1632 4516 effecitque
1655 4451 1720 4500 ut
1741 4445 1902 4518 leges
1929 4446 2108 4502 reflo-

456 4535 925 4599 rescerent,cum
957 4530 1172 4586 horum
1203 4548 1440 4603 quoque
1475 4541 1808 4606 temporum
1841 4535 1976 4591 vitio
2009 4552 2104 4591 ac-

456 4625 662 4676 curata
715 4619 1103 4675 obsolevisset
1161 4621 1449 4677 tractatio.
1503 4624 1638 4678 Hac
1688 4629 1775 4679 tot
1823 4629 2104 4696 tantaque

458 4707 662 4763 Barda
694 4714 1045 4764 ornamenta
1093 4709 1280 4765 nimia
1311 4711 1543 4782 imperii
1577 4712 1896 4784 cupiditas,
1928 4713 2109 4768 veluti

456 4813 657 4852 navus
705 4796 946 4868 quidam
995 4803 1054 4852 et
1109 4798 1314 4854 innata
1367 4800 1620 4868 macula,
1651 4801 1894 4856 fadavit
1932 4808 2110 4874 atque

457 4886 810 4954 obscuravit,
831 4903 898 4942 ac
926 4891 1209 4958 praterea
1235 4889 1422 4944 turba
1446 4906 1592 4960 quas
1609 4891 1886 4946 Ecclesia
1909 4891 2108 4960 dedit;

457 4977 673 5048 quibus
704 4976 925 5032 factum
957 4981 1044 5031 est
1074 4980 1140 5032 ut
1170 4994 1276 5048 pro
1309 4977 1498 5050 gloria
1520 4978 1826 5034 infamiam
1852 4988 2113 5052 reporta-

455 5073 566 5125 ret.
618 5066 852 5122 Etenim
909 5065 1254 5121 beatissimo
1315 5068 1629 5138 Methodio,
1663 5086 1797 5124 cum
1857 5077 2111 5141 quatuor

2209 3285 2497 3360 ἓχομένων
2563 3283 3009 3359 καθαιρεθέντων,
3068 3284 3483 3358 καθαιρεθέντος
3519 3279 3573 3337 δὲ
3621 3281 3701 3335 καὶ
3723 3281 3827 3334 Ἰαν-

2213 3382 2280 3446 νῆ
2311 3379 2408 3430 τοῦ
2457 3374 2831 3454 πατριάρχου,
2891 3373 3273 3451 συγκαθῃρὲθη
3340 3371 3432 3427 καὶ
3494 3370 3662 3440 οὗτος,
3709 3368 3758 3423 όν
3802 3366 3824 3420 ὁ

2217 3456 2560 3538 Βάρδας,’ὡς
2591 3459 2700 3534 ἤδη
2747 3463 3043 3541 φθάσαντες
3102 3459 3350 3534 εἶ’πομεν,
3405 3467 3512 3531 τῆς
3560 3457 3823 3535 φιλοσόφου

2217 3552 2432 3623 σχολῆς
2484 3552 2794 3627 προστάτην
2855 3548 3116 3620 ἀπέδειξε,
3173 3549 3264 3605 καί
3307 3570 3426 3604 τινα
3474 3548 3823 3626 Σέργιον,φοι-

2214 3642 2386 3712 τητὴν
2447 3639 2612 3696 αὐτοῦ
2669 3639 2958 3717 γενόμενον
3019 3640 3226 3714 (πατὴρ
3303 3637 3467 3699 οὗτος
3522 3641 3617 3693 τοῦ
3669 3631 3830 3688 ἄνωθεν

2218 3731 2368 3808 ρίου,
2425 3729 2515 3786 καὶ
2585 3727 2906 3804 Θεοδήγιον,
2992 3730 3198 3799 συνήθη
3284 3727 3376 3782 καὶ
3463 3725 3618 3782 αὐτὸν
3667 3721 3826 3780 τούτου

2221 3819 2558 3896 ὑπάρχοντα,
2586 3819 2958 3894 ἀριθμητικῆς
3015 3817 3107 3872 καὶ
3165 3815 3560 3891 ἀστρονομίας,
3615 3810 3825 3886 δαψιλεῖς

2219 3913 2408 3974 αὐτοῖς
2440 3911 2539 3976 τὰς
2597 3910 2874 3986 χορηγίας
2931 3907 3265 3984 ἐπιμετρῶν.
3325 3906 3609 3971 Πολλάκις
3667 3901 3716 3960 δὲ
3759 3899 3826 3958 καὶ

2219 3999 2513 4080 ἐπιφοιτῶν
2543 3998 2605 4055 ἐκ
2660 3999 3047 4078 φιλομαθείας,
3127 3997 3219 4053 καὶ
3304 4001 3412 4052 τῶν
3473 3991 3826 4068 διδασκομένων

2217 4090 2312 4153 τὰς
2359 4089 2666 4164 προθυμίας
2725 4088 3078 4164 ἐπιρῥωννὺς,
3139 4084 3229 4142 διὰ
3286 4087 3542 4162 βραχέων
3579 4083 3650 4146 είς
3696 4080 3827 4149 a357,-

2220 4201 2304 4234 σιν
2333 4179 2432 4247 τήν
2473 4183 2674 4254 γνῶσιν
2732 4177 3019 4253 ἀνήγαγεν,
3077 4171 3451 4246 ἀπεσϐηκυῖαν
3511 4172 3698 4233 τελέως
3745 4185 3824 4240 προ

2219 4267 2317 4324 τοῦ
2345 4267 2436 4322 καὶ
2471 4265 2600 4342 μηδ’
2634 4265 2784 4343 ἴχνος
2811 4266 2958 4329 ὅλως
2982 4263 3260 4321 δεικνῦσαν
3282 4263 3318 4334 ἥ
3353 4264 3620 4336 ζώπυρονο

2291 4356 2352 4416 Ὀ
2409 4354 2457 4410 δ’
2521 4354 2684 4418 αὐτὸς
2744 4353 2952 4430 Βάρδας
3001 4353 3092 4409 καὶ
3151 4357 3354 4428 Καῖσαρ
3407 4354 3684 4429 γενόμενος
3732 4366 3826 4400 συν·

2223 4449 2370 4519 εχῶς
2403 4443 2592 4524 ἐφοίτα
2619 4448 2735 4506 τοῖς
2763 4447 2860 4498 τοῦ
2917 4437 3275 4517 ἱπποδρόμου
3329 4438 3692 4516 δικαστηρίοις
3721 4435 3824 4509 (49),

2221 4532 2469 4594 καὶτοὺς
2499 4534 2704 4607 νόμους
2765 4527 2966 4604 άνηϐᾷν
3013 4529 3188 4594 αἶ’τιος
3247 4530 3460 4608 γέγονε,
3517 4533 3612 4585 τοῦ
3664 4524 3824 4605 χρόνου

2220 4623 2309 4680 καὶ
2367 4625 2467 4694 τὴν
2550 4624 2674 4698 περὶ
2751 4622 2946 4687 αὐτοὺς
3032 4619 3312 4700 ἀκρίϐειαν
3394 4619 3816 4696 συγκαλύψαντοςσ

2219 4716 2304 4788 [Ρ.
2339 4715 2465 4787 531]
2497 4711 2672 4770 Ἀλλὰ
2727 4717 2964 4768 τοσαῦτα
3014 4713 3106 4768 καὶ
3168 4711 3472 4782 τηλικαῦτα
3528 4713 3632 4764 τῶν
3679 4705 3824 4806 mva

2219 4806 2317 4858 τοῦ
2405 4799 2588 4878 Βάρδα
2643 4802 3143 4874 πλεονεκτημάτων
3236 4801 3264 4856 ὁ
3341 4807 3444 4870 τῆς
3491 4797 3823 4872 φιλοπρωτίας

2221 4888 2382 4967 ἔρως,
2415 4893 2507 4947 οἶά
2535 4913 2618 4956 τις
2644 4889 2866 4966 ἐγγενὴς
2925 4888 3210 4964 μολυσμὸς
3260 4889 3350 4945 καὶ
3386 4887 3580 4948 σπῖλος
3633 4885 3826 4958 ἄκρατος

2222 4976 2318 5051 ὥν,
2348 4979 2647 5056 ἠμαύρωσε
2695 4981 2784 5034 καὶ
2815 4979 3067 5052 ἠφάνισε,
3097 4982 3187 5034 καί
3217 4980 3283 5049 ἦν
3311 4979 3448 5034 κατᾶ
3501 4983 3600 5046 τῆς
3627 4967 3827 5034 Ἐκκλη’

2223 5070 2340 5133 σίας
2370 5071 2624 5144 ἀνήγειρε
2676 5069 2884 5142 στάσιν,
2943 5071 3182 5140 κυκήσας
3240 5068 3406 5138 αύτὴν
3464 5066 3554 5120 καὶ
3598 5059 3818 5137 ταράξας.

1652 5198 2014 5256 XYLANDRI
2054 5203 2141 5258 ΕΤ
2180 5201 2400 5258 GOARI
2437 5200 2658 5256 NOTAE.

654 5321 879 5404 Ibidem
905 5320 1092 5404 fuisse
1123 5317 1460 5404 ᾀσηκρήτεια
1481 5323 1752 5404 superius
1774 5340 1846 5379 ex
1867 5331 2109 5404 augtore

503 5387 643 5465 .543
680 5392 949 5465 legimus.
984 5387 1250 5465 Σεκρέτου
1270 5387 1466 5465 autem
1513 5387 1652 5461 sive,
1685 5399 1752 5450 ut
1778 5411 1912 5451 cum
1935 5398 2110 5452 Euse-

501 5463 558 5517 io
607 5479 707 5528 vu,
739 5463 808 5518 30
858 5463 1404 5534 loquar,'2sxp~61ou
1445 5465 1686 5520 nomine
1727 5483 1850 5522 non
1879 5475 2108 5524 secreta-

459 5536 696 5610 τίοι-ατη,
747 5540 812 5610 ut
845 5536 1032 5610 vertit
1079 5535 1394 5610 interpres,
1444 5540 1680 5610 curiam,
1711 5540 1855 5608 quin
1915 5541 2112 5610 potius

2223 5324 2346 5380 ﬁlio
2378 5323 2786 5400 testi-monium
2821 5340 2833 5377 :
2866 5321 3054 5400 τὸητοῦ
3074 5316 3376 5400 ,βεοδώρου
3419 5309 3733 5400 περικαλλὲς
3757 5309 3826 5400 ομῖ·

2217 5415 2399 5469 κημαι
2427 5394 2672 5469 ἐπάρχου
2703 5391 2857 5469 ὄντος
2885 5399 2986 5461 τῆς
3017 5389 3232 5469 πόλεῳς
3262 5389 3442 5469 καὶτὸ
3478 5389 3584 5469 saw
3639 5389 3821 5469 caesa

2379 5450 2660 5527 διέποντος
2717 5450 3002 5549 σιξκριετον,⁹
3043 5450 3542 5549 τῷιδιξιαιοδοτικῶ
3576 5477 3639 5546 τε,

2220 5539 2614 5612 ἐμπρέποντος.
2648 5525 2898 5612 Basilius
2928 5525 3108 5612 etiam
3135 5536 3293 5592 infra
3311 5525 3565 5599 renovat,
3587 5527 3673 5584 τὸν
3693 5525 3825 5578 11:116-

463 5605 730 5684 ipsorum
753 5604 1051 5684 judicum,
1079 5604 1441 5684 censendam
1473 5604 1768 5684 existimo.
1803 5612 1874 5684 Et
1902 5604 1966 5664 ut
1996 5611 2107 5684 alia

2221 5604 2450 5684 δ’ρομον,
2479 5609 2644 5664 τόπον
2675 5606 2933 5665 δικαστῶ.
2969 5609 3144 5664 GOAR.

462 5673 646 5731 missa
675 5673 910 5742 faciam,
946 5676 1088 5729 satis
1137 5676 1214 5729 sit
1239 5677 1452 5732 Niceta
1483 5679 1544 5733 in
1591 5679 1796 5735 Alexio
1825 5682 2114 5738 Manuelis
