4054 6286
232 357 390 422 1057

1350 339 1900 410 HISTORIARUM
1946 338 2497 408 COMPENDIUM.

3481 351 3638 411 1058

234 486 329 543 Διὸ
368 484 486 540 ἀντί
512 489 615 552 τῆς
658 470 966 556 κρείττονος
998 476 1161 550 δόξης
1196 477 1266 533 τὰ
1320 474 1536 532 ἐναντία
1589 473 1879 551 ἠνέγκατο.

2011 476 2285 531 luntaxat
2312 493 2502 534 annos
2530 478 2819 550 Cpolitani
2868 479 3309 552 patriarchatus
3339 483 3493 540 972
3545 500 3639 539 so-

231 573 511 634 Μεθοδίου
542 573 646 651 γὰρ
675 576 775 627 τοῦ
803 564 1127 648 τρισολὸίου
1155 569 1249 624 τὸν
1284 566 1404 642 βίον
1442 562 1888 641 μετηλλαλότος,

233 664 325 721 ἐπὶ
354 664 614 737 τέσσαρας
647 661 883 738 χρόνους
929 660 1090 733 μόνον
1147 658 1239 713 τὸν
1296 663 1396 726 τῆς
1448 663 1891 712 Κωνσταντινου-

236 753 457 814 πόλεως
489 751 829 813 οἰακίσαντος
892 751 1104 824 θρόνον,
1168 748 1432 823 Ἰγνάτιος
1482 747 1511 801 6
1565 744 1889 821 Νικηφόρου

240 846 337 919 μὶν
370 846 466 898 τοῦ
501 839 773 916 βασιλέως
797 836 1174 914 θυγατριδοῦς,
1205 837 1323 900 υίὸς
1378 833 1437 890 δὲ
1492 831 1747 919 Μιχαὴλ
1792 833 1891 919 τοῦ

236 918 340 998 τῆς
366 930 649 1008 βασιλείας
676 926 1111 995 ἐκπεπτωκότας,
1151 926 1285 1001 μετᾶ
1333 924 1397 979 τὸ
1450 929 1550 992 τῆς
1611 918 1893 997 βασιλείας

243 1022 539 1079 ἀποπεσεῖν
624 1020 713 1074 καὶ
789 1018 856 1073 τὰ
911 1010 1218 1091 παιδογόνα
1285 1016 1640 1089 ἀφαιρεθῆναι
1730 1009 1896 1084 μόρια

244 1112 494 1186 μοναχὸς
522 1109 765 1185 γεγονὼς
794 1107 884 1161 καὶ
932 1112 1034 1175 τῆς
1098 1110 1269 1178 μονῆς
1324 1107 1422 1157 τοῦ
1466 1101 1708 1173 Σατύρου
1765 1108 1899 1161 καθ-

242 1199 475 1278 ηγεμὼν
505 1201 638 1271 (50),
697 1197 837 1272 πρὸς
880 1195 974 1250 τὸν
1022 1191 1420 1267 πατριαρχικὸν
1461 1189 1651 1265 θρόνον
1703 1188 1898 1261 ἀνάγε-

234 1314 349 1348 ται.
376 1292 549 1352 Οὗτος
568 1290 661 1344 τὸν
712 1283 921 1360 Βάρδαν
955 1284 1044 1339 ἐπὶ
1100 1288 1170 1358 τῇ
1227 1290 1328 1352 τῆς
1382 1281 1638 1357 γυναικὸς
1668 1278 1896 1349 ἀναιτίῳ

238 1376 527 1454 ἀποϐολῇ,
556 1383 625 1453 τῇ
658 1375 716 1432 δὶ
743 1384 845 1446 τῆς
905 1375 1106 1436 οἰκείας
1163 1372 1382 1450 νύμφης
1438 1370 1750 1446 περιπλοκῇ
1783 1370 1896 1454 (751)

235 1478 339 1542 τῆς
368 1453 660 1540 ἐκκλησίας
689 1467 967 1543 ἀπεῖργεν,
1010 1463 1124 1519 ἐπεὶ
1189 1463 1264 1537 μή
1320 1467 1427 1517 τῶν
1488 1460 1646 1515 θείων
1697 1453 1897 1531 ἡμέλει

246 1559 510 1617 κανόνων.
541 1558 642 1614 "Ov
676 1555 793 1610 ἐπεὶ
826 1551 1015 1609 πολλᾶ
1071 1550 1367 1607 λιτανεύων
1421 1548 1511 1603 καὶ
1543 1546 1812 1603 δυσωπῶν
1870 1546 1899 1599 6

242 1646 461 1723 Βάρδας
490 1645 901 1720 συγχωρήσεως
922 1642 1220 1714 ἀξιωθῆναι
1254 1639 1355 1694 οὐκ
1381 1635 1655 1708 ἠδυνήθη,
1700 1633 1898 1723 ,ἄλλων

238 1721 515 1813 ἀπογνοὺς
541 1734 679 1807 πρὸς
718 1729 924 1805 ἄμυναν
979 1727 1335 1797 διανίσταται,
1390 1726 1482 1781 καὶ
1536 1731 1637 1794 τῆς
1692 1721 1901 1813 ἐκκλη-

1990 572 2137 628 lium
2186 570 2495 635 tenuisset,
2536 567 2655 624 vita
2693 567 2992 637 defuncto,
3032 571 3294 642 Ignatius
3326 572 3643 643 Nicephori

1993 661 2119 716 ﬁlia
2167 665 2363 728 natus,
2410 659 2677 715 Michaeli
2720 659 3011 731 Rangabaa
3062 661 3243 728 ﬁlius,
3278 663 3378 733 qui
3404 662 3645 734 imperii

1993 767 2097 822 spe
2113 748 2649 820 ademptainsuper
2671 754 2961 804 castratus
2981 749 3175 805 fuerat
3195 752 3643 822 monachusque

1997 846 2055 897 et
2083 837 2432 895 monasterii
2483 838 2673 909 Satyri
2715 838 3011 910 princeps,
3042 841 3381 911 patriarcha
3409 847 3644 896 creatus

1991 930 2124 985 fuit.
2159 930 2213 983 Is
2263 926 2532 993 Bardam,
2568 925 2724 997 quod
2753 927 2849 982 hic
2896 944 3142 983 uxorem
3190 930 3318 985 sine
3351 947 3529 985 causa
3557 947 3646 985 re-

1991 1018 2295 1090 pudiasset
2343 1031 2596 1087 cumque
2644 1031 2751 1069 sua
2798 1033 2950 1071 nuru
2992 1034 3120 1072 rem
3150 1019 3413 1088 haberet,
3449 1037 3644 1075 sacro-

1997 1125 2133 1163 rum
2192 1122 2491 1161 canonum
2539 1104 2787 1160 minime
2840 1106 3145 1178 negligens
3171 1110 3436 1166 Ecclesia
3465 1116 3646 1167 arcet.

1998 1196 2217 1252 Bardas
2264 1211 2399 1250 cum
2447 1194 2654 1249 multis
2704 1195 3223 1266 deprecationibus
3265 1199 3497 1254 veniam
3527 1217 3650 1255 non

2003 1287 2372 1356 impetraret,
2396 1284 2722 1355 desperatis
2754 1285 2889 1340 aliis
2918 1285 3201 1340 remediis
3231 1287 3304 1342 ad
3329 1288 3651 1343 vindictam

2002 1393 2064 1431 se
2086 1375 2338 1443 confert,
2368 1375 2922 1445 Ignatiumecclesia
2944 1377 3126 1447 ejicit,
3157 1379 3449 1448 variisque
3483 1385 3539 1433 et
3566 1380 3654 1437 in-

2001 1463 2415 1520 tolerabilibus
2438 1464 2631 1519 modis
2661 1469 2933 1519 vexatum
2952 1465 3190 1521 tandem
3210 1466 3271 1521 in
3291 1469 3648 1540 Copronymi

2004 1553 2384 1625 sepulchrum
2431 1552 2705 1620 includit,
2757 1552 3101 1608 custodibus
3141 1555 3360 1610 additis
3390 1559 3651 1612 caavissi-

2002 1643 2138 1698 mis.
2171 1643 2242 1696 Et
2274 1646 2543 1696 mortuus
2584 1641 2793 1696 fuisset
2824 1642 2905 1696 ibi
2942 1642 3119 1697 homo
3144 1643 3549 1701 divinissimus
3582 1663 3652 1701 ex

2005 1730 2391 1787 acerbissimo
2416 1731 2700 1797 cruciatu,
2722 1731 2837 1785 nisi
2864 1731 2997 1802 pius
3018 1733 3280 1802 quidam,
3306 1735 3652 1790 custodibus

243 1811 377 1888 σίας
397 1818 684 1890 ἐκϐάλλει,
724 1821 817 1875 καὶ
874 1818 1009 1893 μετὰ
1063 1815 1282 1879 πολλὰς
1336 1815 1605 1871 κακώσεις·
1663 1813 1750 1867 καὶ
1808 1811 1900 1866 ἀν-

2012 1836 2132 1875 suae
2163 1818 2536 1874 necessitatis
2584 1834 2760 1874 causa
2792 1819 2908 1875 alio
2953 1820 3252 1893 digressis,
3287 1840 3424 1878 eum
3457 1824 3656 1895 sepul-

243 1913 539 1973 υποίστους
619 1907 934 1965 τελευταῖον
992 1911 1071 1978 τῷ
1156 1910 1253 1960 τοῦ
1310 1908 1694 1980 Κοπρωνυμου
1743 1900 1900 1972 τάφῳ

2011 1910 2152 1964 chro
2169 1909 2473 1963 eduxisset
2493 1914 2551 1963 et
2580 1909 2779 1964 debita
2810 1926 2951 1965 cura
2976 1911 3300 1967 refecisset.
3334 1915 3474 1968 Post
3502 1913 3656 1968 mul.

243 1998 553 2069 ἀποκλείει,
580 1999 875 2067 ἐπιστήσας
928 1994 1077 2067 αύτῴ
1134 1993 1378 2072 φύλακας
1437 1990 1646 2053 δεινούς
1701 2011 1760 2045 τε
1809 1986 1899 2044 καὶ

245 2090 601 2165 ὠμοτάτους.
636 2081 879 2144 Ἀπεϐίω
910 2081 955 2138 δ’
1012 2082 1073 2138 ἄν
1131 2085 1160 2139 6
1218 2084 1513 2158 ἱερώτατος
1555 2082 1713 2139 οὗτος
1762 2080 1901 2153 ἀνὴρ

239 2179 351 2236 ἀπὸ
389 2181 487 2247 τῆς
548 2172 906 2232 πολυωδύνου
959 2173 1163 2243 ταύτης
1220 2172 1532 2239 κακώσεως,
1595 2168 1641 2225 εί
1706 2170 1779 2242 μή
1818 2187 1902 2229 τις

243 2262 509 2336 θεοσεϐὴς
539 2264 826 2341 ἅνθρωπος
854 2263 992 2319 κατά
1029 2282 1178 2324 τινας
1236 2262 1428 2336 Χρείας
1483 2264 1593 2315 τῶν
1648 2262 1899 2335 φρουρῶν

245 2353 686 2429 ἀποδημούντων
744 2351 900 2427 ἐξῆγέ
954 2371 1015 2406 τε
1061 2353 1159 2405 τοῦ
1216 2349 1391 2425 τάφου
1446 2346 1536 2402 καὶ
1587 2344 1901 2420 ἐπιμελείας

243 2443 402 2518 ἠξίου
426 2446 526 2513 τῆς
557 2441 971 2517 προσηκούσης.
1021 2442 1120 2496 "Ov
1168 2439 1303 2511 μετά
1356 2435 1574 2504 πολλὴν
1604 2437 1736 2505 ὅσην
1792 2436 1902 2503 τὴν

243 2534 481 2589 κάκωσιν
538 2531 826 2606 ὑπερόριον
886 2529 938 2584 ἐν
994 2525 1285 2601 Μιτυλήνῃ
1340 2531 1505 2581 ποιεῖ.
1568 2526 1804 2581 Ἐπαθον
1847 2520 1906 2578 δὲ

244 2623 343 2677 καὶ
374 2620 539 2677 ἄλλοι
568 2618 774 2675 πολλοὶ
830 2622 941 2673 τῶν
998 2616 1281 2672 ἐπισκόπω
1332 2614 1399 2670 τά
1428 2610 1790 2689 παραπλήσιά
1842 2632 1903 2667 τε

253 2711 346 2765 καὶ
374 2710 566 2787 χείρω,
599 2709 680 2764 δτι
716 2710 790 2783 μὴ
848 2707 1147 2783 ¹ἠρέσκοντο
1205 2710 1324 2767 τοῖς
1377 2704 1708 2779 γινομένοις,
1771 2699 1882 2775 μηδ

254 2799 433 2857 ἄλλον
502 2798 745 2871 δέξασθαι
802 2794 1191 2871 διαϐοώμενοι,
1276 2793 1375 2850 κᾶν
1425 2792 1479 2849 εἷ’
1555 2815 1609 2849 τι
1654 2794 1899 2867 γένηται.

246 2893 444 2964 ’Όμως
477 2888 524 2945 δ’
556 2886 867 2950 ὑπενδόντες
900 2889 957 2942 οἱ
1019 2888 1113 2960 μὲν
1160 2886 1415 2946 ἀπειλαῖς
1472 2885 1524 2939 οἱ
1576 2881 1633 2937 δὲ
1665 2880 1903 2956 ὑποσχὲ-

253 3002 395 3037 σεσιν
457 2980 662 3037 εἲκουσι
709 2984 788 3052 τῷ
844 2984 942 3036 τοῦ
1000 2975 1182 3052 Βάρδα
1264 2976 1558 3049 θελήματι,
1624 2975 1721 3045 τῆς
1782 2974 1905 3047 ἁρε-

249 3077 355 3141 τῆς
418 3070 509 3125 καὶ
570 3067 730 3142 δόξης
797 3066 972 3143 ἔρωτα
1057 3067 1362 3143 χρημάτων
1415 3064 1502 3118 καὶ
1561 3059 1903 3131 λειποταξίαν

251 3158 739 3231 ἀνταλλαξάμενοι.
794 3158 858 3214 Ὁ
911 3154 969 3211 δὲ
1027 3153 1234 3232 Βάρδας
1290 3155 1530 3221 Φώτιον,
1590 3148 1755 3225 ἄνδρα
1811 3148 1900 3203 ἐπὶ

251 3247 417 3324 σοφίᾳ
471 3249 765 3324 γνώριμον,
825 3246 1303 3319 πρωτασηκρήτην
1357 3244 1653 3312 τηνικαῦτα
1727 3238 1898 3311 ὑπάρ-

249 3356 446 3416 χοντα,
478 3337 892 3415 προχειρίζεται
958 3337 1331 3409 πατριάρχην.
1393 3330 1544 3388 Ἐπεὶ
1575 3326 1633 3383 δὲ
1662 3334 1908 3399 παρῆσαν

2006 2003 2127 2053 tam
2156 1998 2531 2053 vexationem
2556 1998 2797 2053 tandem
2829 2000 3122 2071 Ignatium
3156 2001 3495 2072 Mitylenam
3518 2003 3655 2056 Bar-

2007 2086 2112 2142 das
2144 2086 2386 2159 relegat.
2420 2086 2583 2142 Multi
2616 2104 2851 2158 quoque
2882 2094 3009 2143 tum
3035 2088 3136 2143 alii
3158 2090 3420 2162 episcopi
3444 2091 3652 2145 eodem

2009 2175 2185 2231 modo
2231 2181 2373 2230 sunt
2400 2177 2632 2231 tractati
2678 2182 2780 2231 aut
2810 2177 2990 2233 etiam
3021 2178 3303 2249 deterius,
3337 2179 3495 2249 quod
3525 2186 3657 2234 acta

2013 2282 2134 2319 non
2184 2264 2528 2335 probarent,
2562 2280 2756 2336 neque
2803 2266 2994 2321 ullum
3043 2266 3252 2334 alium,
3296 2285 3655 2340 quocunque

2008 2353 2183 2407 modo
2207 2369 2302 2407 res
2322 2352 2579 2421 caderet,
2607 2354 3003 2424 patriarcham
3037 2371 3098 2409 se
3130 2355 3531 2411 admissurum
3562 2373 3657 2410 as-

2012 2446 2372 2496 severarent.
2406 2441 2655 2505 Quidam
2687 2447 2886 2496 tamen
2918 2443 3134 2512 partim
3167 2444 3348 2498 minis
3382 2444 3661 2498 cedentes

2008 2530 2223 2601 partim
2239 2529 2766 2600 pollicitationibus
2784 2530 3011 2585 inducti
3035 2532 3238 2587 Bardas
3260 2532 3543 2587 voluntati
3568 2533 3665 2587 ob-

2010 2618 2196 2672 secuti
2226 2623 2384 2685 sunt,
2416 2617 2648 2673 virtutis
2676 2634 2744 2673 ac
2791 2619 2990 2690 glorias
3022 2636 3286 2676 amorem
3315 2623 3572 2692 pecunia
3601 2628 3658 2677 et

2011 2706 2348 2762 desertione
2379 2713 2805 2777 permutantes.
2831 2709 3048 2764 Bardas
3081 2726 3217 2781 ergo
3250 2711 3546 2777 Photium,
3566 2728 3657 2766 ce-

2009 2795 2238 2850 lebrem
2272 2797 2564 2866 sapientia
2610 2797 2800 2851 virum
2833 2803 2891 2850 et
2919 2800 3373 2854 secretariorum
3407 2816 3476 2855 eo
3508 2807 3658 2856 tem-

2010 2900 2151 2956 pore
2184 2884 2539 2955 principem,
2564 2885 2960 2955 patriarcham
2988 2893 3167 2943 creat.
3188 2889 3452 2959 Cumque
3483 2889 3659 2944 ades-

2013 2976 2146 3027 sent
2174 2973 2421 3027 Romani
2453 2972 2549 3027 97
2562 2974 2608 3027 8
2632 2989 2796 3044 papaa
2830 2974 3050 3041 vicarii,
3083 2975 3368 3031 adversus
3387 2976 3659 3047 Imagini-

2011 3061 2226 3132 perdas
2258 3061 2446 3129 missi,
2480 3062 2587 3116 hos
2614 3078 2849 3133 quoque
2884 3063 2977 3116 isti
3011 3064 3072 3119 in
3105 3081 3270 3120 suam
3304 3066 3660 3137 pertrahunt

2014 3149 2772 3221 sententiam,concilioque
2792 3150 2853 3205 in
2876 3152 3065 3206 aedem
3088 3154 3505 3224 Apostolorum
3529 3172 3660 3211 con-

2010 3244 2244 3312 gregato
2293 3240 2586 3311 Ignatium
2635 3238 2706 3294 ab
2750 3240 2959 3295 exsilio
3008 3247 3315 3297 evocatum
3364 3243 3660 3315 publicata

2013 3329 2311 3385 sententia
2394 3328 2703 3384 damnant.
2767 3332 2899 3384 llaec
2971 3336 3110 3385 sunt
3182 3331 3449 3387 facinora
3525 3350 3656 3404 quas

245 3425 339 3480 καὶ
367 3424 747 3500 τοποτηρηταὶ
776 3428 875 3478 τοῦ
905 3421 1057 3478 πᾶπα
1099 3423 1321 3495 Ῥώμης
1386 3419 1525 3475 κατά
1576 3423 1686 3473 τῶν
1746 3416 1901 3471 Εἰκο-

2015 3417 2232 3473 Bardas
2264 3417 2499 3488 imperii
2529 3416 2838 3472 obtinendi
2869 3419 3191 3489 cupiditate
3225 3420 3517 3492 impulsus
3540 3421 3659 3476 edi-

251 3515 519 3593 νομάχων
559 3514 867 3581 σταλέντες,
897 3512 1146 3569 πείθουσι
1194 3512 1284 3566 καὶ
1346 3510 1544 3570 αὐτοὺς
1571 3511 1671 3573 τῆς
1706 3508 1911 3562 ἑαυτῶν
2015 3509 2120 3563 dit.

253 3592 499 3681 γενέσθαι
534 3601 831 3674 θελήσεως.
890 3601 985 3657 Διὸ
1039 3600 1131 3656 καὶ
1190 3599 1241 3654 ἐν
1283 3603 1364 3672 τῷ
1418 3603 1524 3653 τῶν
1584 3597 1744 3660 θείων
1815 3594 2173 3653 Ἀποστόλων
2238 3596 2448 3669 τεμένει
2509 3592 2784 3655 συνέδριον
2844 3597 3168 3671 ἠθροικότες
3201 3595 3636 3671 δεδημοσιευμὲν

256 3694 565 3766 καθαιρέσει
593 3687 1080 3748 καθυποϐάλλουσι
1104 3695 1197 3746 τὸν
1228 3688 1480 3767 Ἰγνάτιον
1506 3694 1606 3757 τῆς
1637 3686 1847 3761 ἐξορίας
1884 3685 2390 3759 μεταπεμψάμενοι.
2414 3689 2591 3739 Ταῦτα
2612 3687 2707 3757 μὲν
2729 3686 2796 3740 τὰ
2824 3693 2924 3755 τῆς
2950 3684 3327 3763 φιλοπρωτίας
3357 3693 3452 3743 τοῦ
3487 3687 3665 3763 Βάρδα

251 3803 370 3838 νεαν
382 3783 458 3838 ιεύ
466 3804 627 3857 ματα.

325 3876 408 3930 Τὰ
436 3871 494 3928 δὲ
515 3872 665 3936 ἐντὸς
720 3871 969 3945 Εὐξείνου
1016 3872 1106 3926 καὶ
1159 3875 1331 3926 πᾶσαν
1382 3872 1482 3941 τήν
1515 3868 1682 3924 αὐτοῦ
1733 3886 1907 3940 παρα-

255 3963 382 4019 λίαν
415 3965 443 4019 ὁ
472 3968 582 4018 τῶν
614 3964 750 4024 Ῥὼς
778 3962 995 4037 ἐπόρθει
1042 3961 1133 4016 καὶ
1185 3962 1477 4035 κατέτρεχε
1508 3960 1704 4022 στόλος
1732 3954 1905 4029 (ἔθνος

258 4050 317 4107 δὲ
348 4053 401 4106 οἳ
429 4052 570 4114 Ῥὼς
604 4051 893 4118 Σκυθικὸν,
942 4050 1063 4126 περὶ
1110 4050 1199 4104 τὸν
1231 4049 1475 4124 ἀρκτῷον
1507 4052 1715 4121 Ταῦρον
1774 4065 1903 4099 κατι

257 4141 565 4215 ῳκημένον,
621 4139 898 4215 ἀνήμερόν
955 4160 1013 4194 τε
1067 4138 1159 4193 καὶ
1218 4136 1450 4213 ἄγριον),
1504 4137 1595 4190 καὶ
1652 4136 1790 4208 αὐτῇ
1851 4131 1908 4188 δὲ

245 4234 316 4305 τῇ
353 4228 595 4307 βασιλίδι
627 4227 803 4285 δεινὸν
835 4229 1042 4284 ἐπέσειε
1070 4225 1342 4283 κίνδυνον·
1378 4226 1431 4282 o'l
1486 4226 1600 4299 μετ’
1663 4225 1727 4279 ού
1760 4220 1904 4278 πολὺ

243 4327 347 4389 τῆς
407 4321 553 4384 θείας
612 4319 951 4394 πειραθέντες
1029 4317 1196 4393 ὀργῆς
1278 4312 1434 4370 οἷάδε
1515 4312 1902 4384 ὑπενόστησαν,

2091 3866 2339 3921 Interim
2362 3866 2651 3937 quidquid
2677 3868 2938 3923 estintra
2953 3868 3245 3924 Euxinum
3262 3876 3510 3941 pontum
3537 3888 3659 3926 ma-

2015 3956 2352 4011 ritimarum
2387 3955 2718 4031 regionum,
2749 3957 2991 4012 Rossica
3020 3957 3461 4015 incursionibus
3490 3977 3659 4016 vexa-

2016 4045 2118 4101 bat
2128 4051 2306 4115 atque
2324 4045 2591 4099 vastabat
2610 4045 3012 4101 classisﬂossi
3033 4064 3175 4118 gens
3190 4053 3280 4103 est
3292 4050 3663 4120 Scythica,ad

2018 4132 2540 4204 septentrionalem
2558 4133 2827 4188 incolens
2840 4136 3246 4205 Taurum,fera
3266 4143 3441 4209 atque
3462 4140 3667 4193 imma-

2019 4224 2131 4277 nis.
2165 4223 2232 4277 Hi
2255 4239 2389 4277 cum
2413 4222 2543 4293 ipsa
2564 4223 2771 4294 Cpolin
2799 4223 2861 4277 in
2890 4240 3061 4296 grave
3087 4226 3487 4296 conjecissent
3507 4228 3664 4298 peri-

2019 4315 2243 4379 culum,
2276 4313 2454 4385 paulo
2473 4319 2606 4385 post
2628 4314 2729 4368 Dei
2754 4314 2901 4368 iram
2926 4316 3155 4385 experti
3178 4315 3419 4370 domum
3444 4317 3665 4371 reversi

253 4403 513 4482 πρεσϐεία
574 4429 633 4463 τε
709 4393 890 4463 αὐτῶν
964 4407 1068 4475 τήν
1149 4402 1405 4481 βασιλίδα
1469 4398 1900 4476 καταλαμϐάνει,

2012 4404 2502 4477 sunt,legatisque
2519 4403 2578 4457 in
2591 4402 2800 4457 urbem
2814 4404 3011 4458 missis
3026 4404 3285 4459 divinum
3303 4404 3663 4475 baptismum

258 4500 345 4573 [P.
388 4500 513 4571 552]
572 4501 669 4552 τοῦ
727 4496 875 4552 θείου
933 4494 1264 4570 μεταλαχεῖν
1329 4492 1702 4571 βαπτίσματος
1761 4490 1911 4547 λιτα-

256 4587 506 4655 νεύουσα,
551 4586 698 4642 ὅκαὶ
751 4586 956 4663 γέγονε.
1011 4586 1107 4640 Καὶ
1160 4590 1262 4654 τῆς
1320 4585 1537 4658 Κρήτης
1594 4579 1651 4637 δὲ
1707 4579 1903 4646 στόλος

259 4674 434 4740 ἄλλος
473 4680 565 4730 νῦν
626 4676 719 4748 μὲν
776 4675 871 4737 τὰς
919 4670 1206 4736 Κυκλάδας
1266 4670 1451 4747 ἐδῂου,
1511 4676 1600 4726 νῦν
1657 4668 1713 4727 δὲ
1770 4669 1903 4746 ἄχρι

259 4766 668 4840 ΙΙροικοννήσου
745 4766 845 4835 τήν
911 4760 1179 4840 παράλιον
1237 4762 1459 4817 ἅπασαν.
1511 4762 1793 4836 Ἐγένοντο
1849 4759 1908 4816 δὲ

263 4854 356 4910 καὶ
411 4852 597 4910 κλόνοι
659 4861 765 4930 γῆς
820 4850 1267 4932 φρικωδέστατοι.
1333 4852 1427 4911 Εἷς
1456 4848 1512 4905 δὲ
1570 4853 1598 4905 ὁ
1633 4850 1905 4926 μέγιστος,

263 4945 384 5008 καθ’
430 4944 496 5014 ἢν
528 4943 737 5018 ἡμέραν
767 4946 802 5012 ἡ
855 4947 952 4998 τοῦ
1008 4942 1206 5016 Κυρίου
1263 4939 1538 5014 ἀνάληψις
1595 4941 1907 5017 ἑορτάζεται

262 5031 365 5101 τὴν
394 5032 495 5105 γῆν
528 5029 872 5101 κατασείσας,
900 5029 962 5085 τό
1002 5049 1060 5084 τε
1108 5028 1248 5083 κατά
1276 5028 1337 5082 τὸ
1372 5026 1715 5098 Ἐξωκιόνιον
1772 5029 1908 5102 πρὸς

260 5124 365 5194 γῆν
397 5118 630 5196 ἠδάφισε
657 5124 868 5194 τεῖχος,
928 5119 1016 5172 καὶ
1073 5116 1231 5180 ναοὺς
1290 5116 1572 5191 εὐπρεπεῖς
1603 5117 1693 5172 καὶ
1724 5115 1909 5180 οἷ’κους

2019 4493 2421 4567 efﬂagitarunt
2448 4492 2982 4564 impetraruntque.
3015 4493 3147 4549 Alia
3192 4511 3336 4565 poro
3366 4495 3664 4550 Cretensis

2018 4583 2225 4637 classis
2275 4580 2452 4635 modo
2483 4580 2764 4652 Cycladas
2812 4582 2988 4637 modo
3040 4583 3401 4638 maritimam
3436 4583 3509 4638 ad
3545 4586 3658 4639 Pro

2014 4689 2338 4729 connesum
2365 4688 2553 4744 usque
2576 4672 2875 4727 infestavit
2894 4674 3218 4745 regionem.
3248 4676 3439 4730 Terrae
3465 4680 3659 4730 motus

2014 4778 2250 4834 quoque
2282 4778 2351 4817 ea
2381 4766 2729 4833 tempestate
2774 4762 3042 4834 apprime
3072 4763 3354 4819 horrendi
3397 4765 3658 4819 fuerunt.

2017 4854 2230 4907 Horum
2253 4867 2409 4905 unus
2432 4851 2728 4906 maximus
2750 4851 2844 4905 die
2867 4852 3081 4907 Christi
3104 4852 3164 4906 in
3187 4853 3399 4908 calum
3424 4855 3661 4907 Assum-

2018 4942 2242 5013 ptionis
2272 4940 2424 4996 festo
2457 4940 2804 5012 accidit,qui
2836 4941 2959 4997 solo
2990 4959 3278 4998 concusso
3311 4957 3545 4997 murum
3571 4942 3670 5011 qui

2020 5036 2110 5087 est
2158 5030 2232 5086 ad
2262 5031 2648 5085 Exocionium
2678 5030 3016 5101 prostravit,
3050 5031 3389 5102 templaque
3422 5029 3672 5100 pulchra

2022 5125 2082 5175 et
2102 5120 2309 5175 domos
2328 5117 2675 5190 splendidas
2705 5122 2763 5172 et
2788 5118 3106 5174 Victoriam
3136 5118 3210 5173 ad
3234 5123 3486 5173 Auream
3508 5117 3674 5173 urbis

264 5206 572 5282 λαμπροὺς
602 5207 693 5263 καὶ
718 5210 822 5278 τὴν
850 5207 989 5262 κατὰ
1016 5208 1119 5276 τήν
1179 5207 1403 5283 Χρυσῆν
1463 5203 1646 5276 πελην
1697 5212 1800 5276 τῆς
1854 5228 1894 5262 π

2019 5213 2211 5264 ortam
2236 5207 2613 5262 collocatam
2642 5206 3016 5275 subvertit,et
3041 5223 3174 5277 quae
3208 5207 3270 5261 in
3307 5208 3561 5262 Deutero
3594 5206 3667 5261 ad

1471 5361 1831 5417 XYLANDRI
1868 5365 1954 5417 ET
2004 5363 2219 5417 GOAllI
2259 5361 2477 5416 ΝΟΓιΕ.

340 5491 454 5561 (50)
486 5489 814 5563 Improprie
837 5492 1118 5561 princeps,
1151 5487 1388 5559 proprie
1415 5488 1667 5557 superior
1695 5494 1747 5541 et
1769 5503 1922 5557 prae-

270 5564 502 5632 positus.
538 5562 710 5619 Gom.

340 5634 456 5704 (51)
488 5635 558 5688 Ει
589 5633 674 5689 sic
704 5649 885 5706 supra
913 5647 1171 5704 quoque,
1203 5631 1305 5687 ubi
1365 5631 1438 5687 de
1496 5629 1923 5688 summovendo

2034 5488 2367 5542 Theoctisto
2392 5485 2609 5541 Bardas
2640 5485 2858 5541 dicitur
2887 5486 3196 5558 cogitasse.
3231 5487 3445 5543 Filium
3476 5489 3686 5544 habuit

2036 5559 2254 5614 Bardas
2305 5558 2663 5631 Antigonum
2711 5558 3101 5613 domesticum
3148 5560 3508 5616 scholarum.
3542 5562 3679 5617 XvL.
