4054 6286
291 360 448 422 1050

1649 343 1970 410 GEORGII
2013 338 2355 404 CEDRENI

3547 342 3703 406 1060

288 493 446 548 Dives
471 493 654 546 Annae
679 487 933 552 stabant,
957 487 1159 560 pagias
1183 483 1648 556 deonssit.Cujus
1661 497 1802 537 casu
1817 480 1928 535 Leo

2049 470 2190 534 λεως
2251 467 2541 560 ἱδρυμένην
2583 468 2762 560 ,νίκην
3021 469 3114 525 καὶ
3170 470 3266 536 τὰς
3320 469 3376 526 ἐν
3431 475 3512 544 τῷ
3568 481 3702 532 Aw.

288 581 679 652 philosophus
701 576 976 649 praedixit
1003 579 1206 646 aperte
1229 573 1524 646 designari
1553 572 1778 628 obitum
1811 570 1940 641 ejus

289 671 390 742 qui
421 669 494 725 ab
525 669 884 738 imperatore
935 672 1094 722 esset
1121 665 1392 738 potentia
1429 663 1756 736 proximus.
1789 659 1941 725 Quin

287 765 347 814 et
376 758 536 814 ﬂuvii
561 757 876 828 fontesque
901 762 1262 812 exaruerunt
1289 771 1393 827 per
1418 753 1478 808 id
1501 759 1757 824 tempus,
1785 749 1938 806 alia-

289 865 404 920 que
437 848 658 920 passim
690 847 880 902 multa
908 851 1185 918 portenta
1214 845 1582 900 exstiterunt.
1613 843 1694 896 De
1725 839 1941 911 quibus

286 937 568 993 omnibus
609 953 745 991 cum
793 935 1179 992 inaudivisset
1225 935 1732 1005 imperator,totus
1762 945 1939 1000 eque-

287 1027 508 1082 stribus
557 1026 984 1082 certaminibus
1027 1023 1592 1080 914incumbebat
1629 1021 1702 1076 ad
1731 1019 1940 1075 fanum

284 1117 407 1173 Divi
463 1115 742 1186 martyris
795 1114 1127 1179 Mamantis,
1163 1112 1324 1184 quod
1373 1112 1432 1166 in
1480 1112 1654 1166 Steno
1685 1114 1810 1164 erat
1841 1124 1937 1163 ex-

285 1211 595 1263 structum.
618 1207 823 1278 Operm
845 1205 1101 1276 pretium
1125 1209 1324 1259 autem
1344 1208 1434 1258 est
1458 1201 1518 1256 id
1549 1216 1786 1272 quoque
1811 1199 1940 1269 ejus

285 1296 589 1351 decretum
612 1295 852 1350 silentio
883 1311 1004 1349 non
1037 1293 1362 1366 praeterire,
1379 1291 1538 1362 quod
1560 1289 1749 1360 ipsius
1771 1287 1937 1344 stoli-

287 1385 533 1440 ditatem
569 1390 629 1440 et
683 1384 1058 1455 superiorum
1107 1383 1536 1454 imperatorum
1584 1377 1939 1434 industriam

285 1473 674 1529 demonstrat.
1320 1519 1323 1522 .

358 1561 424 1616 Hi
457 1562 914 1617 Sarracenorum
961 1559 1023 1614 in
1055 1561 1348 1615 Romanas
1389 1558 1644 1613 ditiones
1675 1555 1938 1611 volentes

283 1665 661 1721 nequaquam
692 1649 950 1722 ignorari
985 1649 1378 1714 incursiones,
1403 1665 1476 1703 ne
1509 1663 1583 1702 ex
1615 1644 1936 1717 improviso

283 1739 580 1794 irruentes
603 1739 642 1793 ii
671 1739 940 1812 regiones
973 1743 1324 1800 evastarent,
1354 1737 1566 1792 incolis
1597 1735 1659 1790 in
1689 1735 1852 1806 pagis
1881 1738 1940 1788 et

283 1829 440 1898 agris
471 1827 878 1899 deprehensis,
911 1827 1221 1884 castellum
1252 1825 1552 1898 quoddam
1583 1827 1760 1880 Tarso
1791 1822 1933 1877 vici-
1971 1835 2012 1900 Β

283 1917 601 1973 nissimum
649 1917 1056 1972 excelsissimo
1089 1923 1147 1972 et
1193 1922 1409 1972 natura
1438 1913 1840 1970 munitissimo
1871 1912 1935 1966 in

281 2005 433 2061 colle
465 2005 906 2061 aedificaverant
964 2005 1172 2060 Lulum
1205 2005 1471 2072 nomine,
1505 2003 1566 2058 in
1612 2019 1728 2073 quo
1758 2000 1936 2056 collo-

284 2095 399 2152 cati
449 2094 748 2160 custodes,
780 2094 880 2149 ubi
929 2095 1252 2150 Saracenos
1299 2093 1704 2148 incursionem
1736 2089 1936 2144 moliri

283 2182 784 2254 sentiebant,igne
812 2198 1098 2238 succenso
1119 2183 1354 2255 signum
1385 2181 1623 2237 dabant.
1659 2181 1780 2244 Quo
1800 2178 1934 2250 igne

281 2277 601 2344 conspecto
653 2271 692 2325 ii
740 2271 841 2342 qui
873 2273 935 2326 in
967 2273 1172 2342 Argeo
1194 2271 1344 2326 colle
1375 2268 1742 2326 excubabant
1773 2267 1933 2322 idem

279 2361 596 2423 faciebant.
636 2363 747 2415 Eos
771 2361 1146 2431 excipiebant
1165 2361 1265 2430 qui
1288 2361 1349 2415 in
1371 2361 1562 2414 [samo
1595 2357 1765 2422 colle,
1799 2360 1935 2428 post

280 2449 389 2504 hos
421 2449 522 2519 qui
573 2449 646 2505 ad
697 2449 1006 2520 lEgialum,
1040 2455 1099 2503 et
1146 2447 1473 2503 secundum
1503 2447 1612 2504 hos
1643 2445 1746 2516 qui
1777 2443 1933 2514 apud

283 2539 659 2605 Mamantem,
693 2536 831 2591 inde
875 2537 977 2607 qui
1007 2537 1068 2592 in
1096 2537 1467 2606 Circo,atque
1498 2534 1571 2590 ab
1601 2534 1694 2588 his
1725 2533 1826 2604 qui
1857 2532 1934 2587 ad

281 2626 606 2692 Mocillum,
638 2626 895 2696 denique
941 2630 1076 2696 post
1116 2626 1224 2681 hos
1273 2625 1374 2696 qui
1407 2625 1468 2678 in
1500 2623 1626 2678 Divi
1651 2620 1932 2676 Auxentii

279 2715 433 2770 colle
468 2715 787 2770 stationem
817 2714 1276 2787 habebantigne
1299 2714 1457 2770 edito
1489 2710 1934 2768 excubitoribus

277 2803 477 2876 magni
509 2802 712 2876 palatii
761 2803 1167 2858 incursionem
1198 2803 1458 2858 hostium
1493 2799 1928 2874 signiﬁcabant.

279 2892 398 2946 Hoc
430 2892 658 2963 ignium
689 2891 898 2948 ordine
947 2908 1076 2947 sese
1117 2891 1563 2962 insequentium
1623 2887 1842 2944 indicio
1873 2892 1934 2942 et

278 2970 949 3054 imperatorimomento
981 2983 1267 3054 temporis
1318 2982 1388 3036 de
1421 2981 1682 3036 hostium
1713 2985 1930 3034 conatu

277 3072 497 3127 certior
516 3071 962 3141 reddebatur,et
983 3072 1192 3127 rustici
1209 3071 1418 3126 nuntio
1441 3076 1718 3141 percepto
1741 3068 1930 3124 muris

276 3177 362 3225 se,
393 3161 750 3216 claudebant
779 3166 838 3217 et
863 3161 1152 3232 impetum
1185 3161 1445 3215 hostium
1465 3159 1782 3214 evitabant.
1809 3157 1927 3212 Hao

276 3249 584 3306 obtinente
615 3250 1045 3306 consuetudine
1074 3249 1290 3305 accidit
1316 3248 1639 3320 aliquando
1671 3252 1756 3311 ut,
1781 3247 1926 3302 dum

275 3338 598 3394 Michaelus
625 3339 796 3409 equis
827 3338 903 3394 ad
933 3339 1138 3393 fanum
1168 3338 1480 3393 Mamantis
1509 3335 1750 3408 agendis
1795 3351 1925 3390 sese

271 3429 538 3500 parabat,
575 3431 729 3502 ignis
759 3447 795 3486 a
813 3431 1000 3502 pharo
1023 3430 1320 3484 ederetur.
1355 3429 1540 3494 Quem
1567 3433 1632 3482 ut
1647 3427 1793 3482 vidit
1812 3427 1928 3481 im-

269 3525 528 3590 perator,
563 3521 782 3575 timens
811 3537 886 3575 ne
919 3519 1205 3591 aurigatio
1229 3535 1336 3574 sua
1357 3535 1477 3572 non
1507 3518 1658 3574 975
1695 3519 1926 3587 specta-

270 3613 437 3664 retur
457 3608 796 3680 diligenter,
819 3609 1038 3664 animis
1061 3613 1458 3679 spectatorum
1483 3607 1728 3662 adverso
1759 3604 1924 3659 indi-

274 3695 365 3749 cio
395 3695 706 3767 perculsis,
737 3696 800 3750 in
843 3701 1074 3751 tantum
1113 3695 1273 3749 venit
1314 3699 1538 3748 metum
1571 3696 1831 3764 quantus
1862 3691 1924 3745 in

276 3780 540 3850 periculo
554 3780 625 3836 de
641 3781 755 3836 vita
767 3781 1119 3836 constitutos
1131 3779 1407 3834 invadere
1431 3783 1630 3850 posset
1653 3793 1666 3830 :
1691 3781 1922 3831 tantum

272 3869 463 3924 abfuit
489 3876 556 3924 ut
583 3887 720 3925 eum
747 3871 809 3926 in
843 3870 1074 3926 theatro
1118 3883 1248 3924 sese
1278 3867 1617 3924 ostentandi
1651 3865 1919 3937 puderet.

267 3959 460 4028 Atque
512 3958 685 4028 adeo,
719 3975 793 4014 ne
853 3975 972 4030 quo
1031 3957 1408 4016 adversarum
1469 3971 1670 4012 rerum
1701 3954 1920 4012 indicio

267 4045 454 4101 animi
511 4047 822 4104 hominum
860 4047 934 4104 ad
997 4047 1388 4118 spectandum
1423 4046 1634 4102 ﬂerent
1689 4043 1920 4117 languio

273 4133 696 4205 diores,ignem
728 4153 800 4192 ex
831 4136 1088 4208 speculis
1117 4135 1252 4192 urbi
1283 4135 1495 4191 vicinis
1525 4134 1587 4190 in
1616 4138 1922 4206 posterum

271 4223 365 4278 edi
396 4224 598 4282 vetuit.

343 4390 570 4444 Rursus
600 4392 860 4461 (Oportet
889 4388 1048 4444 enim
1069 4387 1405 4444 vecordiam
1422 4387 1552 4460 ejus
1572 4386 1759 4460 magis
1779 4385 1919 4441 illu-

271 4477 482 4550 strare)
505 4495 637 4534 cum
667 4478 784 4534 alio
809 4483 1075 4548 tempore
1097 4478 1159 4534 in
1181 4493 1360 4534 curru
1381 4475 1751 4532 consedisset
1765 4475 1917 4546 jam-

268 4582 384 4636 que
418 4567 555 4637 equi
587 4573 791 4622 essent
815 4565 1152 4622 carceribus
1169 4565 1478 4621 emittendi
1503 4568 1654 4633 (erat
1673 4565 1801 4636 ipse
1824 4581 1918 4619 ve-
1951 4585 1995 4649 ο

267 4659 472 4710 netum
504 4655 772 4711 habitum
804 4655 1385 4727 indutus.prasinum
1409 4654 1708 4726 logotheta
1727 4653 1918 4710 dromi

274 4743 720 4810 Constantinus,
752 4744 950 4800 album
1011 4744 1263 4811 Cheilas,
1298 4750 1357 4800 et
1393 4760 1636 4799 ruseum
1665 4743 1918 4810 Crasas),

263 4831 516 4888 nuntius
570 4831 786 4889 allatus
831 4833 947 4888 fuit
992 4836 1270 4888 Amerem
1323 4831 1613 4886 Melitenas
1655 4847 1920 4886 ameram

265 4921 523 4994 graviter
551 4912 823 4995 populari
854 4921 1080 4990 Asiam,
1102 4922 1349 4992 jamque
1381 4920 1456 4976 ad
1477 4919 1766 4992 Malagina
1793 4936 1924 4992 per-

2039 561 2184 635 τὲρῳ
2214 560 2327 632 (53)
2357 558 2498 616 κατὰ
2537 559 2637 626 τὴν
2669 557 2829 632 ἁγίαν
2885 559 3076 617 ’Λνναν
3136 559 3334 636 παγίας
3401 560 3696 634 ἱσταμένας

2041 650 2365 715 κατέσεισεν,
2408 649 2474 716 ἧς
2529 647 2628 716 τήν
2692 649 2895 702 πτῶσιν
2939 647 2968 702 6
3023 644 3328 730 φιλόσοφος
3386 647 3535 706 Λέων
3556 671 3697 724 προ-

2043 735 2326 811 σημαίνειν
2357 735 2543 790 ἀνεῖπε
2583 739 2822 812 φανερῶς
2853 735 2952 802 τήν
2991 739 3090 790 τοῦ
3151 739 3288 810 μετᾶ
3341 737 3572 812 βασιλέα,
3600 735 3698 794 δυ-

2045 827 2242 881 νάστου
2327 825 2724 900 καταστροφήν.
2806 823 3088 899 Ἐγένοντο
3151 821 3210 880 δὲ
3269 825 3362 880 καὶ
3427 832 3692 900 ποταμῶν

2042 915 2292 991 ἀφάνειαι
2320 912 2408 968 καὶ
2443 917 2663 989 πηγῶν,
2693 909 2781 966 καῖ
2835 911 2961 968 ἄλλ’
3021 911 3151 968 ἅττα
3197 917 3494 989 παθήματα
3558 917 3698 972 κατὰ

2045 1008 2215 1060 πᾶσαν
2247 1004 2454 1082 χώραν.
2499 1003 2568 1059 Ἀ
2600 1002 2773 1057 πάντα
2811 1004 3304 1076 κατενωτισάμενος
3357 1005 3385 1060 6
3440 1003 3700 1079 βασιλεὺς

2043 1091 2174 1154 ὅλος
2201 1089 2386 1170 εἷ’χετο
2413 1096 2521 1146 τῶν
2552 1089 2790 1146 ἱππικῶν
2823 1088 3048 1165 ἀγώνων
3103 1091 3240 1150 κατὰ
3294 1093 3385 1148 τὸν
3415 1093 3466 1148 ἐν
3523 1099 3699 1167 Στενῷ

2041 1179 2477 1258 ἀνεγηγερμὲνον
2505 1179 2627 1234 ναὸν
2682 1183 2780 1236 τοῦ
2837 1180 2998 1254 ἁγίου
3056 1181 3328 1256 μάρτυρος
3374 1177 3698 1256 Μάμαντος.

2041 1273 2226 1340 ’Ἄξιον
2260 1268 2314 1326 δὲ
2344 1270 2434 1326 καὶ
2471 1267 2597 1325 τόδε
2635 1271 2712 1344 μή
2763 1267 3092 1344 παραλιπεῖν
3149 1271 3212 1328 τὸ
3271 1269 3462 1350 λόγιον
3519 1294 3701 1347 παρα-

2044 1359 2292 1444 στατικὸκν
2385 1359 2659 1438 τυγχάνον
2715 1365 2816 1427 τῆς
2874 1379 2934 1414 τε
2990 1361 3213 1416 τουτουί
3267 1366 3366 1416 τοῦ
3429 1360 3702 1438 βασιλέως

2043 1444 2373 1524 ἀϐελτηρίας
2403 1447 2493 1504 καὶ
2521 1454 2623 1517 τῆς
2680 1451 2787 1504 τῶν
2847 1447 3319 1523 προηγησαμένων
3361 1449 3701 1523 ἐπιμελείας.

2113 1539 2222 1598 Τὰς
2283 1541 2390 1593 τῶν
2452 1540 2787 1611 Σαρακηνῶν
2869 1538 3010 1592 κατὰ
3075 1544 3176 1607 τῆς
3233 1543 3340 1592 τῶν
3403 1539 3700 1612 Ῥωμαίων

2045 1627 2234 1702 χώρας
2265 1623 2572 1700 ἐπιδρομὰς
2605 1627 2658 1680 οἱ
2687 1623 2858 1680 πάλαι
2894 1625 3137 1700 βασιλεῖς
3189 1625 3484 1700 διαδήλους
3515 1634 3701 1686 ποιεῖν

2044 1715 2340 1785 ἐθέλοντες,
2376 1713 2468 1770 ἵνα
2525 1716 2600 1788 μή
2643 1711 2910 1789 αἰφνίδιοι
2963 1714 3315 1774 εἶσπίπτωσιν
3357 1715 3702 1794 ἐκπορθοῦν-

2043 1825 2130 1868 τες
2157 1805 2252 1868 τὰς
2284 1805 2475 1880 χώρας
2506 1803 2596 1858 καὶ
2627 1802 2679 1857 ἐν
2734 1809 2854 1865 ταῖς
2909 1805 3124 1878 κώμαις
3177 1805 3268 1862 καὶ
3317 1811 3438 1869 τοῖς
3503 1807 3702 1883 ἀγροῖς

2043 1895 2175 1957 τοὺς
2225 1893 2568 1955 ἐνοικοῦντας
2625 1888 3161 1967 καταλαμϐάνοντες,
3215 1894 3474 1974 φρούριόν
3530 1917 3586 1952 τι
3632 1899 3705 1970 τῇ

2047 1985 2248 2057 Ταρσῷ
2278 1983 2580 2060 ἀγχίθυρον
2617 1980 2710 2037 ἐπί
2764 2003 2912 2044 τινος
2968 1981 3318 2056 ὑψηλοτάτου
3378 1985 3551 2064 λόφου
3608 1986 3704 2040 καὶ

2046 2072 2284 2148 ἰρυμνοῦ
2314 2067 2678 2146 ἒδομήσαντοο
2714 2072 2928 2128 Λοῦλον
2977 2079 3056 2146 τῷ
3089 2073 3336 2149 φρουρίῳ
3387 2076 3452 2130 τὸ
3502 2075 3704 2150 ὄνομα.

2045 2164 2112 2221 Οἱ
2147 2163 2200 2218 ἐν
2234 2161 2414 2235 τούτῳ
2453 2161 2634 2218 τοίνυν
2695 2165 2920 2241 φρουροὶ
2989 2170 3088 2234 τῆς
3145 2161 3420 2238 ἐκδρομῆς
3478 2161 3707 2239 λαμϐά-

2041 2272 2222 2314 νοντες
2251 2250 2506 2322 αἶ’σθησιν
2531 2253 2736 2326 πυρσὸν
2779 2251 3039 2322 ἀνῆπτον,
3088 2252 3144 2308 ὅν
3209 2251 3503 2328 βλέποντες
3537 2255 3590 2310 οἳ
3647 2254 3707 2310 ἐν

2040 2345 2122 2413 τῷ
2161 2339 2405 2416 Ἀργαίῳ
2432 2345 2810 2403 κατοικοῦντες
2847 2343 3022 2415 βουνῷ
3060 2340 3232 2398 ἄλλον
3288 2342 3550 2413 ἀνῆπτον,
3605 2344 3702 2399 καὶ

2042 2427 2110 2484 αὖ
2143 2431 2195 2484 οἱ
2255 2431 2397 2486 κατᾶ
2454 2429 2546 2485 τὸν
2601 2431 2828 2504 ’Ἰσαμον
2900 2432 3116 2507 βουνόν.
3167 2433 3366 2490 Τοῦτόν
3423 2453 3483 2490 τε
3538 2433 3710 2490 πάλιν

2042 2519 2272 2592 ὁρῶντες
2323 2519 2376 2574 οἱ
2428 2519 2566 2574 κατὰ
2619 2520 2712 2576 τὸν
2773 2519 3047 2594 Αἰγιαλὸν
3114 2516 3293 2577 ἔκαιον
3348 2518 3554 2596 ἕτερον,
3609 2523 3706 2578 καὶ

2040 2604 2195 2670 αὖθις
2226 2608 2278 2662 οἱ
2318 2607 2456 2664 κατὰ
2485 2607 2578 2662 τὸν
2634 2606 2942 2682 λεγόμενον
2983 2610 3268 2684 Μάμαντα.
3324 2611 3458 2668 Εἶτα
3509 2615 3704 2667 τοῦτον

2041 2697 2068 2750 ὁ
2101 2695 2306 2770 Κίρκος
2337 2693 2758 2776 διαδεχόμενος,
2793 2697 2884 2752 καὶ
2923 2702 3116 2754 τοῦτον
3176 2697 3344 2756 πάλιν
3403 2700 3430 2754 ὁ
3487 2699 3706 2758 Μόκιλ-

2041 2783 2162 2854 λος,
2195 2784 2400 2841 ἐκεῖνον
2430 2783 2476 2840 δ’
2512 2787 2662 2850 αὗθις
2723 2787 2752 2840 ὁ
2810 2791 2907 2843 τοῦ
2966 2787 3119 2862 ἁγίου
3176 2789 3461 2861 Αὐξεντίου
3500 2789 3704 2863 βουνὸς

2016 2879 2155 2936 -τοῖς
2189 2873 2242 2929 ἐν
2283 2879 2364 2946 τῷ
2425 2873 2650 2948 μεγάλῳ
2707 2873 2960 2948 παλατίῳ
3017 2874 3106 2931 ἐπὶ
3161 2881 3323 2934 τοῦτο
3377 2876 3704 2956 ἀφωρισμέ-

2037 2983 2148 3024 νοις
2181 2966 2292 3037 (54)
2325 2963 2652 3040 διαιταρίοις
2683 2962 2863 3035 δήλην
2897 2963 3060 3030 ἐτίθει
3115 2969 3214 3037 τὴν
3252 2971 3559 3041 προνομήν.
3593 2969 3700 3024 Καὶ

2039 3053 2211 3116 οὕτως
2248 3053 2384 3110 κατᾶ
2432 3049 2702 3129 διαδοχὴν
2743 3055 3101 3128 πυρσεύοντες
3142 3061 3342 3133 γνῶσιν
3395 3056 3448 3112 ἐν
3503 3058 3697 3131 ἀκαρεῖ

2037 3146 2302 3216 παρεῖχον
2348 3142 2427 3214 τῷ
2491 3141 2727 3218 βασιλεῖ,
2785 3141 2876 3198 καὶ
2929 3144 2980 3198 οἱ
3035 3149 3142 3200 τῶν
3194 3150 3396 3220 χωρῶν
3445 3147 3696 3202 aninmo:

1965 3206 2008 3272 Ο
2036 3206 2430 3302 πυνθανόμενοι
2487 3206 2769 3304 τειχήρεις
2817 3230 3052 3305 ἐγίνοντο
3117 3206 3235 3287 καίν
3263 3206 3358 3296 τὰς
3409 3231 3693 3307 ἐπδρομᾶς

2031 3315 2423 3394 διεδίδρασκον.
2513 3317 2790 3388 Τοιαύτης
2877 3317 2937 3374 δὲ
3020 3320 3304 3391 συνηθείας
3357 3323 3692 3396 κρατούσης,

2030 3401 2224 3477 συνέϐη
2279 3407 2412 3462 ποτε
2467 3411 2564 3462 τοῦ
2621 3406 2851 3483 Μιχαήλ
2900 3409 3039 3466 κατὰ
3091 3411 3182 3464 τὸν
3241 3413 3338 3466 τοῦ
3411 3411 3692 3486 μάρτυρος

2030 3495 2324 3568 Μάμαντος
2355 3496 2479 3550 ναὸν
2513 3493 2812 3570 μέλλοντος
2842 3499 3147 3576 ἠνιοχῆσαι
3189 3499 3282 3553 τὸν
3334 3497 3396 3554 ἐκ
3454 3502 3553 3554 τοῦ
3583 3501 3686 3574 φά-

2031 3603 2128 3658 ρου
2159 3583 2460 3662 ἀναφθῆναι
2491 3584 2716 3656 πυρσόνο
2760 3585 2818 3640 ’ὀν
2853 3583 3013 3648 οὗτος
3075 3587 3400 3658 θεασάμενος
3430 3587 3505 3652 εἰς
3563 3609 3686 3643 τοσ-

2031 3676 2188 3728 οῦτον
2221 3671 2434 3727 ἐνέπεσε
2463 3667 2656 3749 φόϐον,
2727 3670 2836 3728 δέει
2883 3678 2980 3729 τοῦ
3040 3677 3118 3748 μὴ
3185 3683 3529 3754 παροφθῆναι
3581 3678 3684 3746 τήν

2028 3761 2201 3816 αὐτοῦ
2231 3761 2514 3836 ἡνιοχείαν
2573 3761 2676 3816 ὑπὸ
2733 3765 2841 3816 τῶν
2901 3769 3103 3826 θεατῶν
3139 3761 3228 3818 διὰ
3271 3765 3372 3834 τὴν
3431 3763 3684 3820 ἀπαίσιον

2029 3847 2312 3924 ἀγγελίαν,
2345 3849 2420 3912 εἰς
2455 3849 2580 3904 ὅσον
2614 3848 2789 3912 ἄλλος
2826 3871 2912 3914 τις
2967 3851 3108 3922 ἦλθε
3160 3849 3488 3908 κινδυνεύων
3549 3855 3685 3928 ὑπὲρ

2029 3943 2242 4014 ψυχῆς·
2285 3937 2458 4000 οὕτως
2499 3936 2702 4002 ἐκεῖνος
2763 3941 3182 4016 θεατριζόμενος
3236 3943 3336 4000 οὐκ
3390 3941 3688 4022 ᾐσχύνετο.

2026 4028 2141 4084 Ἳνα
2171 4025 2229 4083 δὲ
2267 4029 2344 4101 μή
2402 4049 2455 4084 τι
2511 4033 2619 4084 τῶν
2677 4031 3132 4104 προσπιπτόντων
3186 4030 3416 4106 ἀνιαρῶν
3475 4030 3688 4102 δηλού-

2031 4136 2194 4189 μενον
2238 4113 2666 4191 μαλακωτέρους
2719 4120 2928 4193 ποιήσῃ
2987 4117 3114 4182 τοὺς
3163 4121 3250 4194 [Ρ.
3303 4122 3434 4194 553]
3489 4120 3684 4184 θεατὰς

2025 4205 2319 4282 προσέταξε
2353 4209 2548 4282 μηκέτι
2599 4208 2826 4286 ἐνεργεῖν
2879 4209 3008 4274 τοὺς
3063 4215 3132 4285 τῇ
3194 4209 3436 4286 βασιλίδι
3499 4233 3682 4288 γειτο-

2027 4301 2246 4361 νοῦντας
2277 4296 2534 4373 πυρσούς.

2099 4385 2342 4444 ’Ἀλλοτε
2398 4384 2565 4442 πάλιν
2634 4383 2740 4459 (δεῖ
2801 4389 2901 4462 γὰρ
2984 4387 3442 4469 ἔκφαντικωτέραν
3499 4389 3685 4458 θέσθαι

2022 4477 2126 4546 τὴν
2154 4479 2252 4530 τοῦ
2283 4472 2479 4550 ἀνδρὸς
2508 4476 2828 4550 παράνοιαν)
2885 4475 2967 4557 ἐφ’
3023 4476 3265 4554 ἅρματος
3305 4480 3476 4536 αὐτοῦ
3529 4481 3684 4536 ἱστα-

2030 4562 2194 4636 μένου
2233 4563 2326 4618 καὶ
2379 4571 2480 4633 τῆς
2511 4560 2796 4642 ὕσπληγος
2841 4563 3156 4642 μελλούσης
3214 4566 3455 4645 αἴρεσθαι
3485 4566 3679 4639 (ἐνεδε-

2030 4649 2158 4708 δυτο
2191 4649 2248 4705 δὲ
2276 4651 2338 4708 τὸ
2374 4651 2581 4725 βὲνετον
2615 4654 2743 4724 (55),
2776 4652 2865 4708 καὶ
2892 4655 3152 4730 πράσινος
3199 4657 3267 4726 ἦν
3297 4658 3325 4713 6
3383 4655 3684 4731 ληοθέτης

2027 4743 2124 4796 τοῦ
2183 4737 2394 4816 δρόμου
2433 4744 2861 4814 Κωνσταντῖνος,
2890 4741 3086 4806 λευκὸς
3117 4743 3174 4802 δὶ
3222 4746 3249 4800 6
3309 4747 3536 4813 ΧειΛᾶς,
3589 4745 3683 4801 καὶ

2031 4829 2249 4904 ῥούσιος
2281 4830 2309 4884 6
2340 4829 2576 4904 Κρασᾶς)
2627 4827 2858 4905 ἀγγελία
2904 4832 3228 4910 πεφοίτηκεν
3287 4835 3363 4898 ὡς
3417 4840 3596 4909 ’Άμερ
3653 4837 3683 4890 6

2028 4925 2128 4990 τῆς
2160 4917 2474 4988 Μελιτηνῆς
2507 4918 2725 4993 ἀμηρᾶς
2775 4917 2966 4983 δεινῶς
3008 4920 3270 4994 λεηλατεῖ
3334 4925 3438 4994 τήν
3495 4923 3680 4981 Ἀσίαν

1475 5071 1840 5128 XYLANDRI
1869 5071 1956 5128 ET
1985 5071 2203 5128 GOARI
2241 5071 2461 5128 ΝΟΤιΕ.

335 5203 452 5275 (52)
481 5204 546 5258 In
583 5201 814 5275 eadem
858 5205 1050 5275 porta_
1084 5199 1338 5275 labores
1374 5198 1640 5275 Herculis
1698 5197 1914 5271 sculpti

264 5271 455 5344 usque
484 5273 660 5344 hodie
694 5271 979 5330 visuntur.
1008 5271 1458 5344 (Leunclavius.)
1491 5272 1666 5344 GpAp.

339 5341 458 5411 (53)
486 5343 741 5416 Δεύτερον
770 5345 886 5400 loci
937 5341 1155 5399 nomen
1198 5349 1307 5413 est,
1343 5347 1407 5397 ut
1432 5347 1492 5397 et
1521 5341 1914 5416 Hebdomum.

270 5416 580 5494 Secundum
635 5411 1013 5494 verteres,_ut
1028 5422 1117 5494 “et
1173 5411 1438 5482 Stenum,
1466 5411 1625 5494 quod
1657 5430 1792 5494 mox
1823 5432 1916 5470 se~

273 5485 496 5554 quitur,
527 5487 842 5557 Angustias,
875 5487 990 5557 nisi
1022 5485 1294 5542 Grascum
1324 5485 1630 5557 proprium
1659 5486 1920 5542 retinere

272 5559 600 5679 Braastaret.
651 5556 874 5639 Πάγιαι.
909 5556 1060 5614 forte
1113 5562 1253 5614 sunt
1305 5556 1592 5632 πήγμᾱτα.
1652 5557 1800 5640 ΧΗ...
1852 5587 1920 5598 -

322 5623 528 5679 behscn
561 5632 619 5679 et
647 5627 985 5679 nvramides
1013 5627 1088 5679 ad
1110 5629 1406 5679 Deuteron
1428 5628 1920 5679 erectaLencon

322 5622 528 5680 belisci
561 5632 619 5682 et
646 5622 985 5701 pyramides
1013 5627 1088 5683 ad
1110 5622 1920 5685 Deuteroh'érectaaLexicon

2021 5215 2134 5258 ms.
2167 5197 2508 5278 biblLReg"
2540 5197 2712 5272 Πάγοι
2741 5200 2797 5256 αἱ
2821 5201 3012 5276 εξοχαί
3059 5205 3168 5260 τῶν
3225 5203 3370 5278 ὁρῶν
3419 5203 3510 5260 καὶ
3560 5211 3671 5261 τῶν

2025 5272 2255 5342 πετρῶν.
2292 5268 2472 5342 Goan.

2237 5341 2515 5422 Emcubias
2536 5349 2836 5422 perpetuas
2878 5345 3184 5422 agentibus.
3206 5347 3388 5422 904m.

2098 5409 2211 5484 (55)
2240 5411 2324 5491 _En
2354 5409 2463 5466 tibi
2494 5409 2751 5491 quatuor
2776 5409 3102 5491 factionum
3124 5417 3278 5474 ludis
3300 5419 3361 5474 in
3391 5420 3678 5491 equestri-

2025 5483 2137 5565 bus
2167 5483 3172 5565 coloresfaeruleusﬁiridislalbus,
3189 5495 3249 5545 et
3275 5483 3504 5565 roseus,
3529 5505 3679 5562 quos

2026 5555 2158 5626 aliis
2187 5555 2532 5626 nominibus
2563 5555 2904 5626 Simocatta,
2936 5555 3190 5616 Zonaras
3243 5565 3302 5617 et
3341 5559 3438 5619 alii
3468 5555 3684 5619 vocant

2025 5625 2304 5700 ὴιράνεον,
2335 5621 2596 5700 χλοάζον,
2628 5621 2944 5705 πορφυρῶν
2972 5627 3061 5686 καὶ
3099 5627 3327 5704 ὓστερον.
3358 5634 3532 5690 (ἔθη.
