4054 6286
304 368 455 429 1061

1424 366 1792 429 HISTORIA
1806 365 1967 425 RUM
2018 364 2537 444 COMPENDIUM
2551 413 2565 426 .

3557 380 3716 441 1062

298 498 388 555 καὶ
411 495 518 567 ήδη
553 497 693 570 πρὸς
736 503 854 562 τοῖς
884 496 1224 574 Μαλαγίνοις
1282 497 1392 554 ὶστὶ
1449 498 1539 554 καὶ
1595 493 1948 571 προσδοκῶν-

2070 498 2320 567 venisse,
2353 506 2410 554 et
2440 500 2756 558 imminere
2784 520 3067 577 magnum
3102 508 3344 565 malum.
3382 510 3528 567 Eum
3558 530 3716 569 nun-

296 608 382 643 ται
414 587 537 641 ὅσον
595 585 750 641 οὕπω
810 583 976 644 δεινά.
1036 588 1132 641 Ἤν
1188 586 1493 659 πυθόμενος
1534 584 1945 660 ὁπρωτονοτά-

300 696 415 751 ριος
474 679 590 748 (56)
644 673 897 731 ἀπελθὼν
971 677 1103 749 μετὰ
1154 677 1454 754 κατηφείας
1510 673 1818 748 ἀπήγγειλε
1868 678 1947 744 τῷ

302 765 538 839 βασιλεῖ,
570 764 661 819 καὶ
691 764 804 839 ἅμα
836 765 923 821 ἐπὶ
954 771 1143 840 χεῖρας
1200 764 1347 839 ἔχων
1404 765 1469 819 τὰ
1494 769 1589 819 τοῦ
1621 761 1947 835 δομεστικοῦ

296 859 405 908 τῶν
464 853 686 927 σχολῶν
725 854 1022 928 γράμματα
1079 852 1348 911 ἐπεδίδου.
1398 859 1452 908 Ὁ
1482 851 1539 908 δὲ
1575 851 1841 928 βλοσυρὸν
1870 849 1947 912 εἷς

298 941 456 997 αὐτὸν
486 941 675 998 ἐνιδὼν
704 944 795 998 καὶ
836 941 1144 1009 τιτανῶδες,
1206 968 1234 997 ι(
1263 943 1363 998 Καὶ
1393 948 1509 1002 πῶς
1539 941 1871 1014 ἐτόλμησας,
1905 943 1949 994 ὦ

298 1032 439 1100 κακῆ
470 1031 704 1109 κεφαλή,
764 1025 889 1109 ἔφη,
946 1033 1082 1087 κατὰ
1132 1032 1223 1087 τὸν
1282 1034 1570 1108 ἀναγκαῖον
1613 1031 1792 1105 ἀγῶνα
1819 1050 1950 1083 του·-

296 1120 416 1174 τονὶ
474 1120 597 1194 περὶ
649 1118 913 1175 τοιούτων
993 1141 1084 1192 μοι
1151 1117 1541 1196 διαλέγεσθαι,
1601 1116 1745 1173 ούδὶκ
1804 1115 1945 1171 ἄλλο

303 1204 662 1276 σπουδάζοντι
692 1206 727 1277 ἢ
763 1209 840 1281 μὴ
887 1208 977 1262 τὸν
1037 1209 1198 1281 μέσον
1257 1207 1555 1280 εὐωνύμων
1608 1204 1740 1261 ἰδεῖν
1772 1224 1948 1278 παρα-

294 1298 688 1370 ’τετραμμένον,
724 1298 856 1371 ὑπὲρ
880 1299 942 1353 οὗ
978 1320 1075 1371 μοι
1105 1304 1209 1360 πᾶς
1241 1300 1269 1353 ὁ
1302 1298 1444 1373 ἀγὼν
1483 1317 1497 1366 ;
1527 1322 1556 1348 ››
1589 1300 1851 1357 Τοιοῦτος
1881 1295 1947 1362 ἧν

297 1380 528 1463 ἔκφορος
556 1388 648 1442 καὶ
675 1388 768 1442 τὸν
809 1385 1083 1463 λογισμὸν
1108 1388 1635 1463 παρακεκινημένος.

369 1477 473 1532 Καὶ
508 1476 636 1551 οὐχὶ
665 1477 846 1548 τούτῳ
907 1477 1001 1549 μὲν
1053 1482 1135 1548 τῷ
1190 1478 1347 1548 πόθῳ
1377 1474 1412 1544 ἢ
1443 1476 1600 1538 πάθει
1660 1473 1946 1544 ἡλίσκετο,

294 1569 403 1619 τῶν
436 1562 495 1619 δὲ
524 1564 712 1621 ἄλλων
762 1571 870 1621 τῶν
928 1564 1338 1641 ἀπρεπεστέρων
1399 1564 1680 1639 ἀπείχετο,
1711 1563 1857 1618 ἀλλὰ
1885 1563 1946 1617 τὸ

301 1656 522 1728 μὲτριον
575 1656 723 1729 τάχα
778 1654 1033 1729 ἀμέτρως
1099 1656 1232 1725 ἦθος
1293 1652 1643 1727 μεταδιώκων
1702 1652 1948 1721 ἐξέπιπτε

297 1748 395 1798 τοῦ
429 1745 798 1817 προσήκοντος
847 1744 937 1799 καὶ
987 1750 1088 1813 τῆς
1137 1742 1428 1818 βασιλικῆς
1461 1741 1609 1812 ἀξίας
1637 1741 1808 1810 ἀξίου.
1846 1738 1948 1796 Καί

296 1853 431 1887 ποτε
456 1833 659 1907 γυναίῳ
708 1835 1037 1903 συναντήσας
1089 1832 1149 1887 ἐκ
1209 1830 1500 1907 βαλανείου
1558 1831 1832 1885 ἐπανιόντι
1855 1829 1942 1883 καὶ
1982 1870 2023 1933 Β

351 1920 389 1933 η
554 1922 566 1933 .
620 1921 633 1933 .
739 1928 759 1933 _
890 1918 914 1933 ς,
1129 1915 1169 1933 ,υ
1339 1918 1379 1933 ..ι
1467 1920 1479 1933 .
1623 1920 1637 1933 ,
1858 1915 1907 1933 ,α

296 1920 517 1992 κάλπην
549 1921 636 1976 ἐπὶ
669 1928 855 1996 χεῖρας
888 1918 1072 2000 ἔχοντι
1122 1915 1305 1995 (ἔτυχε
1335 1918 1391 1976 δὲ
1419 1920 1510 1975 τόν
1542 1920 1745 1989 ταύτης
1777 1915 1945 1974 παὶδα

299 2009 359 2065 ἐκ
413 2014 509 2065 τοῦ
549 2012 694 2065 θείου
748 2009 983 2085 λουτροῦ
1036 2010 1516 2083 υἱοθετησάμενος)
1547 2055 1564 2080 ,
1621 2012 1719 2064 τοῦ
1769 2006 1945 2062 ’ίππου

297 2094 507 2161 ἀποϐὰς
549 2102 674 2161 τοὺς
731 2102 824 2173 μὶν
878 2100 1296 2174 συγκλητικοὺς,
1348 2097 1465 2153 ὅσοι
1520 2097 1698 2169 τούτῳ
1751 2095 1945 2169 παρείο

298 2210 487 2259 ποντο,
548 2190 682 2246 κατὰ
729 2190 795 2245 τὰ
850 2188 1025 2245 ἐκεῖσε
1081 2190 1348 2264 ἀνάκτορα
1392 2186 1787 2259 ἐξαπέστειλεν,
1827 2188 1859 2241 ἃ
1890 2184 1947 2243 δὲ

294 2280 757 2353 προσηταιρίσατο
813 2281 904 2334 καὶ
966 2277 1292 2354 παρέτρεψεν
1345 2277 1622 2333 ἀκόλαστα
1679 2277 1770 2331 καὶ
1807 2296 1942 2349 πορ⁸

291 2369 412 2423 νικά
439 2368 703 2443 ἀνδράρια
757 2364 1092 2443 παραλαϐὼν
1148 2370 1312 2442 ἀπῃει
1374 2369 1510 2441 μετά
1536 2370 1636 2432 τῆς
1668 2366 1947 2440 γυναικὸς,

291 2460 380 2516 καὶ
412 2462 512 2528 τὴν
569 2458 786 2528 κάλπην
841 2463 951 2513 τῶν
1011 2457 1224 2528 ἐκείνης
1283 2462 1488 2533 χειρῶν
1542 2454 1818 2533 ἀφείλετο,
1859 2454 1950 2510 καὶ

297 2572 324 2601 ‹‹
356 2553 487 2623 ’Ἀγε
515 2545 675 2617 δῆτα,
707 2547 752 2602 ὦ
783 2549 963 2622 γύναι,
1025 2549 1162 2615 εἷπε,
1196 2546 1468 2621 Θαρῥοῢσα
1524 2542 1667 2616 δέξαι
1703 2566 1770 2617 με
1798 2544 1851 2598 ἐν
1881 2548 1948 2617 τῇ

296 2637 443 2708 οἱκίᾳ
471 2658 587 2692 σου.
619 2641 818 2711 ψωμοῦ
848 2640 957 2709 (57)
1016 2632 1359 2709 πιτυρώδους
1419 2629 1598 2712 ἔφεσιν
1628 2628 1829 2708 ἔχοντα
1860 2639 1951 2690 καὶ

295 2720 696 2800 ἀτϐεστοτύρου
754 2729 887 2797 (58).
927 2750 953 2776 ι)
1003 2728 1093 2786 Ὠς
1126 2723 1170 2778 δ’
1210 2723 1465 2799 ἀπεπάγη
1499 2723 1634 2798 πρὸς
1664 2725 1755 2776 τὸν
1786 2721 1952 2794 λόγον

296 2817 331 2884 ἡ
384 2816 522 2888 γυνή
577 2812 811 2886 μηδενὸς
870 2814 1174 2885 εὐποροῦσα
1223 2817 1330 2868 τῶν
1393 2813 1529 2887 πρὸς
1581 2808 1892 2888 ὑποδοχήν,
1925 2810 1952 2862 ὁ

299 2902 536 2978 Μιχαὴλ
588 2907 776 2967 θᾶττον
817 2902 852 2971 ἢ
887 2901 1057 2976 λόγος
1100 2899 1318 2957 σινδόνα
1378 2895 1587 2969 λαϐὼν,
1638 2899 1706 2967 ἢν
1759 2895 1955 2971 ἤνεγκε

295 2992 360 3046 τὸ
415 2992 638 3065 γύναιον
695 2992 754 3046 ἐκ
802 2996 899 3045 τοῦ
953 2990 1241 3065 βαλανείου
1296 2988 1376 3045 ἔτι
1433 2984 1731 3064 διάϐροχον
1761 2987 1951 3053 οὖσαν,

297 3077 413 3132 ἀντὶ
474 3085 574 3147 τῆς
639 3078 1017 3152 ὑπηρετούσης
1074 3082 1142 3151 τῇ
1201 3077 1438 3151 τραπέζῃ
1513 3077 1709 3146 ὀθόνης
1769 3072 1954 3143 ἥπλου

295 3166 385 3223 ἰπὶ
415 3172 511 3223 τοῦ
556 3166 806 3244 ἐδάφους,
863 3168 956 3222 καὶ
1006 3169 1108 3236 τὴν
1168 3164 1364 3221 κλεῖδα
1411 3168 1510 3234 τήν
1568 3172 1668 3234 τῆς
1699 3162 1953 3238 γυναικὸς

2058 589 2213 644 tium
2275 593 2715 660 protonotarius
2780 602 3024 652 mmstus
3068 599 3412 671 imperatori
3465 602 3708 673 indicat,

2060 677 2240 732 simul
2266 678 2491 735 litteras
2517 681 2825 739 domestici
2850 686 3186 744 scholarum
3220 690 3526 747 exhibens.
3560 694 3705 748 Tum

2058 766 2381 837 imperator
2428 775 2588 825 torvo
2638 788 2773 828 eum
2830 780 2888 829 et
2931 775 3172 832 titanico
3222 779 3470 835 intuitus
3514 781 3704 850 vultu,

2059 877 2087 905 «
2110 855 2437 924 Quomodo,
2462 859 2672 929 inquit,
2693 878 2872 918 ausus
2897 881 2981 931 es,
3006 866 3435 937 sceleste,mihi
3460 877 3577 926 tam
3604 889 3708 928 ne-

2058 948 2314 1000 cessario
2354 949 2674 1005 certamine
2707 960 2991 1024 occupato
3024 957 3152 1011 istis
3183 958 3254 1012 de
3285 959 3461 1015 rebus
3512 962 3700 1017 inter-

2058 1035 2316 1103 turbare,
2352 1054 2488 1093 cum
2537 1040 2599 1093 in
2637 1041 2750 1096 hoc
2793 1059 2980 1099 unum
3028 1047 3434 1105 incumberem
3468 1058 3531 1105 ut
3563 1070 3697 1107 eum

2059 1125 2160 1194 qui
2190 1125 2453 1182 medium
2487 1134 2664 1197 tenet,
2699 1131 2762 1187 in
2804 1132 3010 1189 lasvam
3040 1142 3269 1206 partem
3313 1146 3590 1207 avertam,
3628 1143 3700 1196 de

2059 1230 2176 1284 quo
2205 1215 2349 1271 mihi
2373 1221 2562 1273 totum
2584 1219 2694 1275 hoc
2711 1226 3013 1278 certamen
3038 1230 3125 1279 est
3144 1226 3172 1279 ‘?
3198 1247 3225 1276 ››
3246 1228 3427 1284 Tanta
3445 1230 3555 1285 fuit
3577 1231 3703 1303 ejus

2059 1303 2378 1360 dementia.

2129 1468 2327 1537 Neque
2359 1483 2492 1521 vero
2524 1468 2635 1524 hoc
2678 1475 2909 1526 tantum
2959 1473 3096 1528 vitio
3141 1475 3420 1533 laborans
3450 1479 3522 1533 ab
3571 1480 3705 1536 aliis

2064 1554 2362 1611 indecoris
2394 1556 2570 1612 rebus
2600 1557 2908 1626 abstinuit,
2940 1562 3043 1616 sed
3082 1569 3370 1633 praeterea
3412 1567 3706 1624 immode-

2059 1648 2183 1697 rate
2240 1645 2591 1702 modestiam
2642 1654 2874 1704 sectans
2908 1655 2965 1705 et
3002 1651 3378 1722 imperatoris
3434 1673 3703 1726 personaa

2058 1732 2213 1786 076
2247 1735 2633 1790 conveniente
2680 1739 2961 1807 gravitate
3017 1741 3253 1797 excidit.
3298 1745 3567 1799 Occurrit
3596 1747 3701 1801 ali-

2059 1822 2295 1891 quando
2330 1824 2692 1880 mulierculaa
2724 1829 2894 1897 cujus
2924 1828 3114 1884 ﬁlium
3147 1847 3215 1885 ex
3247 1849 3412 1886 sacro
3435 1850 3708 1906 suscepe-

2054 1916 2147 1965 rat
2176 1911 2426 1978 lavacro,
2454 1929 2484 1967 a
2519 1912 2728 1968 balneo
2762 1916 3034 1970 redeunti
3068 1922 3125 1969 et
3156 1918 3397 1974 situlam
3427 1921 3703 1977 manibus

2055 2001 2329 2071 gestanti.
2362 2001 2447 2056 Ibi
2476 2018 2627 2072 equo
2659 2004 3027 2059 descendens
3059 2009 3370 2063 senatorias
3402 2009 3702 2081 dignitatis

2057 2090 2218 2144 viros
2249 2090 2349 2160 qui
2380 2091 2838 2157 comitabantur,
2873 2092 2947 2148 ad
2977 2093 3264 2164 palatium
3295 2097 3490 2152 arbire
3510 2099 3702 2169 jubet.

2055 2179 2185 2248 Ipse
2242 2196 2377 2233 cum
2427 2180 2677 2251 impuris
2716 2186 2775 2236 et
2819 2182 3155 2239 libidinosis
3202 2186 3704 2242 homuncionibus

2056 2284 2204 2339 quos
2236 2267 2347 2322 sibi
2387 2269 2694 2335 asciverat,
2744 2271 3156 2327 mulierculam
3197 2280 3435 2330 secutus
3466 2276 3705 2331 situlam

2059 2373 2090 2412 e
2121 2357 2400 2412 manibus
2429 2358 2559 2429 ejus
2586 2358 2798 2429 aufert,
2821 2365 2893 2427 et.
2927 2382 2953 2410 «
2982 2362 3160 2423 Bono.
3192 2364 3294 2426 ait,
3328 2364 3528 2419 animo
3561 2365 3704 2432 sis,o

2058 2447 2292 2515 mulier,
2325 2463 2538 2517 meque
2569 2447 2742 2502 domo
2777 2453 2875 2504 tua
2904 2451 3126 2521 accipe,
3159 2451 3258 2521 qui
3303 2451 3705 2508 furfuruceum

2053 2535 2154 2606 jus
2183 2541 2395 2607 appeto
2429 2543 2489 2591 et
2515 2538 2971 2609 asbestotyrum.
3015 2560 3039 2588 ι
3093 2541 3237 2594 Cum
3270 2539 3345 2594 ad
3380 2541 3504 2597 haec
3533 2543 3710 2598 verba

2060 2621 2405 2694 diriguisset
2456 2622 2831 2685 muliercula.
2862 2630 2927 2678 ut
2958 2625 3051 2679 cui
3081 2625 3157 2679 ad
3194 2627 3525 2682 convivium
3556 2628 3708 2683 nihil

2060 2717 2217 2767 esset
2246 2712 2784 2783 parati,Michaelus
2806 2713 2962 2767 dicto
2985 2714 3158 2768 citius
3186 2714 3707 2786 sindonem,quam

2062 2817 2091 2855 e
2123 2800 2331 2855 balnes
2353 2800 2547 2855 adhuc
2570 2801 2905 2856 madentem
2931 2802 3033 2857 illa
3054 2803 3299 2863 ferebat.
3325 2821 3554 2875 mappa:
3576 2805 3703 2859 loco

2060 2890 2123 2945 in
2154 2891 2277 2945 solo
2314 2889 2533 2953 stravit,
2567 2896 2885 2961 ereptaque
2918 2890 3152 2946 mulieri
3185 2892 3344 2948 clave
3382 2895 3709 2965 imperator

2061 2982 2188 3053 ipse
2220 2982 2630 3049 convivatoris,
2655 2982 2849 3051 coqui,
2878 2999 3145 3039 mensam
3168 2986 3445 3056 ponentis
3472 2993 3529 3040 et
3559 2992 3706 3041 stru-

2063 3071 2242 3127 ctoris
2292 3087 2509 3126 munus
2557 3070 2754 3125 obivit.
2809 3073 3052 3126 Peracto
3105 3089 3172 3128 eo
3213 3075 3501 3142 convivio,
3530 3076 3711 3147 pedes

2065 3161 2226 3215 lento
2248 3161 2484 3216 incessu
2526 3160 2813 3230 palatium
2844 3161 3332 3235 repetiit,magnaa
3365 3164 3709 3219 stoliditatis

294 3255 509 3334 ἀφελὼν
542 3238 703 3318 αύτίές
763 3257 828 3325 ἦν
866 3254 1121 3332 βασιλεὺς
1178 3256 1465 3328 ἑστιάτωρ,
1511 3258 1795 3328 μάγειρος,
1826 3271 1950 3326 τρα-

2070 3256 2123 3306 et
2150 3251 2334 3306 fastus
2356 3249 2649 3304 damnans
2670 3249 2899 3319 priores
2922 3249 3331 3321 imperatores,
3347 3253 3447 3323 qui
3482 3253 3717 3326 elegan-

291 3347 606 3417 πεζοποιὸς,
667 3343 968 3419 δαιτυμὼν.
1027 3342 1435 3414 Ξυνδειπνήσας
1499 3341 1556 3398 δὲ
1611 3342 1679 3415 τῇ
1732 3341 1949 3415 γυναικὶ

289 3436 453 3504 πεζὸς
510 3434 599 3489 καὶ
661 3432 834 3509 βάδην
890 3434 1122 3507 πρὸςτά
1180 3433 1450 3507 ἀνάκτορα
1506 3431 1694 3505 ἀπῄει,
1726 3428 1949 3498 πολλῆς

292 3523 544 3594 εὐηθείας
602 3524 1026 3600 καταγινώσκων
1083 3522 1174 3578 καὶ
1230 3522 1402 3601 τύφου
1454 3525 1562 3576 τῶν
1622 3520 1728 3591 πρὸ
1788 3518 1952 3574 αὐτοῦ

2067 3341 2160 3395 tiae
2191 3339 2575 3394 studuissent.
2601 3338 2737 3394 Haec
2760 3338 2940 3409 igitur
2954 3341 3158 3396 omnia
3174 3357 3306 3396 eum
3341 3342 3597 3396 invisum
3628 3344 3718 3397 fa—

2064 3428 2320 3494 ciebant,
2355 3432 2679 3497 contraque
2713 3427 2976 3499 seipsum
3010 3430 3289 3485 omnibus
3320 3433 3533 3487 merito
3561 3432 3720 3487 indi-

2064 3518 2409 3590 gnationem
2442 3516 2736 3573 movebat.

301 3611 570 3689 βασιλέων
599 3613 968 3687 κοσμιότητος
998 3600 1484 3683 ἀντιποιουμένων.
1517 3610 1673 3665 Ταῦτ’
1705 3609 1795 3665 οὖν
1829 3610 2037 3664 ἅπαντα
2072 3605 2301 3678 μισητὸν
2335 3603 2506 3659 ἐποίει
2535 3604 2627 3658 τὸν
2668 3600 2857 3679 ἄνδρα,
2907 3604 2996 3660 καὶ
3026 3609 3145 3661 κατ’
3176 3606 3340 3662 αὐτοῦ
3369 3612 3468 3678 τὴν
3498 3608 3712 3664 πάντων

301 3700 525 3763 δικαίως
559 3702 798 3757 ὑπεκίνει
824 3704 1015 3777 ὀργήν.

375 3792 480 3847 Καὶ
539 3792 602 3849 τὸ
662 3789 728 3861 δὴ
791 3792 1074 3867 χείριστον
1128 3792 1162 3859 ἡ
1192 3793 1299 3844 τῶν
1360 3788 1763 3863 παρεπομένων
1812 3785 1962 3857 αὐτῷ

307 3878 566 3936 κιναίδων
600 3880 798 3959 φατρία
849 3881 939 3936 καὶ
996 3879 1134 3953 πρὸς
1191 3883 1364 3933 πᾶσαν
1419 3876 1808 3952 αἰσχρουργίαν
1843 3875 1963 3930 ἐπι-

306 3967 568 4039 τηδείων,
597 3970 696 4032 οὓς
724 3967 927 4031 ἐκεῖνος
985 3966 1073 4023 διὰ
1123 3974 1293 4042 τιμῆς
1351 3967 1442 4023 καὶ
1474 3964 1663 4027 αἰδοῦς
1696 3967 1866 4041 ἄγων,
1898 3963 1965 4019 τὰ

308 4061 425 4113 θεῖα
491 4055 787 4127 διαπαίζων
856 4080 915 4114 τε
969 4057 1058 4113 καὶ
1138 4060 1246 4132 [Ρ.
1327 4058 1480 4129 554]
1540 4055 1960 4130 ἐξορχουμενος.

309 4148 580 4221 ἱερατικὰς
614 4146 814 4209 στολὰς
855 4152 1191 4226 χρυσοϋφεῖς
1248 4143 1553 4201 ἐνεδίδυσκε
1616 4145 1707 4199 καὶ
1748 4142 1965 4215 ἐπωμί-

309 4232 425 4303 δας,
466 4236 553 4289 καὶ
614 4235 953 4311 ἀσχημόνως
1009 4235 1283 4309 ἠνάγκαζε
1338 4234 1429 4288 καὶ
1486 4231 1728 4306 ἀνάγνως
1785 4230 1964 4287 τελεῖν

2142 3784 2391 3841 Facinus
2415 3800 2551 3839 vero
2581 3782 2990 3853 deterrimum,
3023 3785 3181 3855 quod
3209 3792 3425 3841 cmtum
3465 3786 3724 3844 habebat

2074 3889 2275 3931 secum
2294 3871 2657 3927 cinaedorum
2677 3876 2734 3924 et
2754 3871 2828 3925 ad
2850 3888 3089 3927 omnem
3112 3873 3543 3946 turpitudinem
3560 3892 3724 3946 para-

2076 3965 2270 4015 torum
2294 3957 2639 4021 hominum;
2665 3972 2813 4026 quos
2834 3957 2897 4011 in
2918 3958 3143 4012 honore
3166 3958 3269 4013 ille
3294 3959 3612 4027 habens,ut
3634 3978 3724 4015 re-

2074 4049 2184 4103 bus
2204 4047 2386 4102 sacris
2404 4045 2543 4100 illud
2553 4045 2963 4107 eret,vestibus
2979 4063 3078 4101 eos
3099 4049 3568 4106 sacerdotalibus
3584 4068 3730 4107 aura

2076 4138 2316 4192 intextis
2355 4133 2872 4204 amiciebat,atque
2906 4135 3327 4206 humeralibus,
3360 4140 3454 4194 97
3471 4141 3506 4193 7
3555 4156 3728 4212 coge-

2077 4228 2296 4297 batque
2318 4224 2570 4294 turpiter
2591 4228 2648 4278 et
2670 4223 2902 4295 impure
2926 4241 3123 4281 sacras
3143 4226 3407 4281 actiones
3428 4229 3720 4295 aemulari;

306 4328 371 4381 τὰ
402 4328 519 4383 θεῖά
549 4349 607 4383 τε
636 4328 726 4382 καὶ
779 4328 1038 4402 πανάγια,
1086 4329 1180 4381 τὸν
1240 4321 1471 4405 ἔξαρχον
1529 4324 1739 4380 τούτων
1772 4320 1953 4396 ίΓρύλ⁴

2072 4315 2406 4389 principem
2431 4314 2560 4385 ejus
2585 4318 2769 4368 ccetus
2793 4313 3077 4384 Cyrillum
3105 4315 3455 4385 patriarchae
3480 4317 3723 4373 nomine

310 4415 407 4478 λος
464 4416 613 4486 αύτῷ
669 4412 865 4491 ὄνομα)
923 4417 1272 4491 πατριάρχην
1349 4412 1666 4482 ἀποκαλῶν,
1724 4410 1850 4472 τοὺς
1908 4407 1964 4466 δὶ

310 4504 541 4566 λοιποὺς
576 4502 787 4559 δώδεκα
837 4505 1273 4580 μητροπολίτας.
1328 4505 1524 4559 Ἑτίθει
1559 4500 1615 4557 δὲ
1643 4500 1731 4555 καὶ
1774 4500 1961 4554 ἑαυτὸν

305 4590 399 4649 ἕνα
432 4600 534 4648 τῶν
596 4593 916 4665 θυηπόλων,
975 4595 1065 4650 καὶ
1124 4602 1224 4663 τῆς
1282 4592 1590 4655 Κολωνείας
1647 4589 1961 4661 ὠνομάζετο

305 4680 570 4758 πρόεδρος
631 4686 762 4757 (5
825 4683 977 4739 Ἐπεὶ
1053 4680 1110 4738 δὲ
1166 4680 1312 4753 ᾅδειν
1392 4680 1585 4741 αὐτοὺς
1645 4677 1817 4753 ἒχρῆν
1870 4676 1960 4732 καὶ

302 4771 481 4828 τελεῖν
512 4775 578 4827 τὰ
611 4776 903 4847 μυστήρια,
959 4770 1049 4827 διὰ
1104 4773 1328 4845 κιθάρας
1381 4770 1474 4831 τὰς
1534 4767 1679 4841 ᾦδὰς
1739 4765 1961 4837 ἐξεπλή-

306 4881 458 4937 ρουν,
490 4866 580 4916 νῦν
637 4863 728 4933 μὲν
789 4862 969 4937 ἡρέμα
1022 4866 1140 4923 πῶς
1169 4862 1260 4916 καὶ
1320 4859 1559 4935 λιγυρῶς
1601 4858 1961 4931 ἐπηχοῦντες,

303 4955 396 5005 νῦν
427 4948 485 5006 δὲ
543 4949 898 5027 διαπρυσίως,
954 4949 1136 5026 ὥσπερ
1170 4950 1222 5005 ἐν
1278 4953 1396 5011 ταῖς
1453 4949 1649 5023 ἱερεαῖς
1709 4946 1961 5020 λειτοορ-

2074 4405 2346 4470 ornabat,
2394 4402 2658 4472 reliquos
2706 4401 3017 4457 duodecim
3066 4405 3579 4478 metrOpolitarum
3615 4424 3626 4461 :
3661 4423 3723 4462 se

2075 4497 2270 4568 ipsum
2304 4507 2539 4562 quoque
2569 4507 2755 4545 unum
2789 4491 3137 4561 pontificum
3163 4498 3220 4547 et
3249 4493 3497 4548 coloniae
3529 4496 3733 4565 praesi-

2074 4586 2211 4640 dem
2243 4579 2598 4652 appellabat.
2633 4580 2781 4635 Dum
2814 4582 3173 4637 cantandum
3214 4588 3341 4637 erat
3375 4584 3727 4656 peragendis

2074 4669 2701 4737 sacrtliciis,citharam
2724 4670 3106 4735 adhibebant,
3143 4671 3316 4727 modo
3342 4675 3565 4730 sensim
3599 4691 3731 4730 eam

2073 4766 2383 4834 tangentes
2415 4764 2480 4814 ut
2507 4758 2787 4814 subtilem
2819 4759 3023 4817 ederet
3053 4779 3275 4831 vocem,
3306 4763 3482 4818 modo
3514 4769 3580 4818 ut
3610 4780 3734 4819 ma-

2072 4868 2251 4927 gnum
2285 4849 2545 4905 sonitum
2570 4848 2892 4916 exhiberet,
2920 4850 3072 4905 sicut
3102 4852 3164 4905 in
3197 4853 3502 4908 sacrificiis
3535 4869 3728 4908 sacer-

2075 4943 2243 4998 dotes
2273 4942 2554 4995 contenta
2583 4954 2719 4993 voce
2769 4945 3032 4996 cantant.
3066 4943 3260 4997 Aurea
3291 4942 3467 4997 etiam
3499 4948 3557 4996 et
3586 4942 3732 5000 hac-

1520 5046 1885 5102 XYLANDRI
1922 5044 2007 5097 ET
2044 5040 2262 5097 GOARI
2301 5037 2526 5092 NOTAE].

377 5150 492 5221 (56)
523 5148 1020 5221 Ὑπογοαμματέων
1055 5149 1292 5221 πρῶθος,
1334 5152 1400 5202 ut
1447 5147 1713 5217 loquitur
1746 5146 1961 5199 Dama-

308 5238 524 5296 scenus
559 5223 967 5296 subdiaconus.
1002 5221 1180 5276 GOAR.
1346 5293 1354 5296 _
1578 5289 1588 5296 _
1709 5285 1719 5296 ι
1786 5287 1818 5296 ἡ
1949 5284 1959 5296 ,

379 5292 606 5359 (57)Ab
660 5295 784 5348 haec
841 5294 963 5348 vice
1016 5308 1218 5361 panem
1269 5293 1535 5345 usitatum
1565 5285 1719 5357 ψωμί
1780 5285 1962 5340 Graeci

307 5369 671 5435 nuncupant.
705 5367 802 5419 Jus
833 5364 1147 5435 Xylander.
1183 5362 1286 5418 sed
1310 5361 1559 5435 insulse:
1593 5361 1770 5415 Goan.

378 5433 493 5512 (tif?)
513 5430 775 5491 Caseum
810 5430 929 5512 non
961 5435 1303 5512 extinctum
1336 5433 1406 5488 ad
1428 5430 1682 5512 verbum
1741 5433 1913 5484 sonat
1946 5442 1958 5479 :

307 5505 456 5588 quid
480 5500 571 5561 rei
604 5508 702 5572 sit,
736 5507 893 5588 malo
925 5505 1073 5588 alios
1096 5503 1485 5588 judicare,
1503 5500 1774 5588 "quidet!!!
1789 5516 1963 5588 ορρᾶ-

306 5572 421 5646 ret,
445 5593 686 5634 caseum
712 5580 922 5634 rudem
945 5583 1004 5632 et
1032 5572 1266 5658 minimi
1298 5573 1702 5659 pretiifuisse.
1735 5572 1871 5626 XvL.
1895 5601 1963 5652 τ-

308 5648 616 5704 Coaaulum
647 5652 794 5704 calci
824 5649 1027 5704 dilutae
1057 5648 1322 5704 densiori
1361 5645 1576 5704 simile.
1609 5643 1769 5704 unde
1798 5641 1966 5700 audit

308 5648 616 5718 Coagulum
647 5652 794 5707 calci
824 5649 1027 5705 dilutae
1057 5648 1322 5705 densiori
1361 5648 1576 5711 simile,
1609 5648 1769 5724 unde
1798 5648 1963 5700 audit

308 5710 724 5797 ἆσϐιστότυρον.
762 5721 987 5779 Casmm
1042 5735 1154 5778 non
1210 5720 1514 5777 extinctum
1571 5714 1827 5788 explicat
1843 5712 1963 5786 Xy-

2074 5137 2319 5194 lander:
2354 5150 2430 5188 an
2454 5133 2540 5188 illi
2574 5133 2934 5206 quandoque
2954 5136 3102 5192 arsit
3125 5139 3413 5206 coagulum
3439 5138 3467 5192 ‘I
3488 5138 3723 5193 Utinam

2115 5207 2450 5283 roverbium
2482 5204 2849 5283 perciperet,
2870 5204 3250 5283 νρστιςλέκάην
3279 5207 3355 5268 εἰς
3382 5208 3444 5262 τὸ
3475 5207 3728 5283 ὁξυνόγα-

2115 5228 2450 5263 rovermum
2484 5228 2837 5275 perciperet,
2894 5228 3055 5267 υστις
3086 5228 3250 5276 εκαην
3279 5229 3355 5268 εις
3382 5228 3444 5262 το
3475 5228 3728 5283 οςυνογα-

2073 5228 2190 5343 Rev,
2242 5271 2524 5351 φυσᾷ-καὶ
2576 5272 2639 5326 τὸ
2687 5280 2996 5351 κουρκοῦτι.
3046 5280 3261 5335 Pultem
3306 5284 3589 5350 exsufﬂat,
3631 5282 3731 5351 qui

2072 5331 2304 5422 coagula
2352 5331 2578 5422 adustus
2628 5353 2743 5402 est:
2791 5331 2882 5422 'in_
2928 5331 3373 5421 plianis‘errans
3422 5331 3727 5408 salebrdsa

2072 5420 2193 5480 non
2226 5421 2583 5491 permearet,
2616 5434 2734 5474 uno
2752 5420 2965 5491 verbo,
2999 5428 3251 5491 saperet.
3287 5425 3459 5479 Gesn-

2143 5488 2256 5563 (δεῖ)
2285 5489 2370 5563 Ad
2392 5488 2647 5558 patriam
2667 5489 2970 5563 Coloniam
3002 5488 3154 5548 Asiae
3176 5493 3409 5559 urbem,
3436 5496 3502 5550 68
3529 5495 3725 5551 locum

2073 5560 2247 5636 inter
2276 5561 2654 5636 episcopatus
2685 5560 2841 5636 apud
2890 5563 3177 5619 Codinum
3210 5580 3367 5620 nunc
3401 5571 3727 5636 tenentem,

2072 5629 2377 5695 alludebat
2406 5629 2657 5702 Gryllus.
2704 5629 2877 5686 Goaa.
