4054 6286
457 356 615 417 1063
1843 339 2093 402 GEORG

2209 337 2516 402 CEDBEN
2525 343 2552 402 Ι
3685 353 3819 413 1064

457 495 588 546 cata
625 488 876 562 gemmis
912 501 1051 542 vasa
1091 482 1428 540 habebant:
1461 498 1532 537 ea
1578 483 1744 537 aceto
1793 482 1853 534 et
1906 476 2093 548 sinapi

2219 472 2367 550 γίαις
2424 475 2474 530 οἱ
2535 477 2697 550 ἱερεῖς
2760 479 2857 542 τὰς
2909 477 3243 558 ἐκφωνήσεις
3301 484 3408 555 (60)
3471 489 3674 539 ποιοῦσι
3722 493 3814 542 τῶν

460 578 788 650 implebant
813 581 871 631 et
901 571 1480 630 communicantibus
1520 568 1962 642 impertiebant,
1995 567 2093 621 hoc

2210 564 2390 637 ἱερῶν.
2437 565 2608 640 Εἶχον
2667 564 2726 622 δὲ
2777 568 2867 622 καὶ
2927 569 3088 637 σκεύη
3158 566 3424 644 διάχρυσα
3486 573 3570 626 καὶ
3603 569 3798 640 διάλιθα

456 623 635 724 ωοιίὶο
674 665 986 737 impolluta
1027 663 1368 718 deridentes
1416 623 1717 731 mysteria.
1767 657 1872 712 Hic
1921 623 2093 710 cintus

2263 623 2274 637 I
2509 623 2547 640 r‘.
3004 623 3009 624 ⁷
3077 623 3088 637 Ι
3172 623 3203 624 ⁷⁷
3236 623 3422 644 ind—7'"
3490 623 3569 626 7""
3610 623 3812 644 "wv'vw,

2207 659 2378 708 ταῦτα
2437 651 2493 708 δὲ
2549 653 2888 732 πληροῦντες
2957 659 3113 731 ὃξους
3164 679 3222 714 τε
3277 659 3364 714 καὶ
3417 663 3669 730 σινήπεως
3719 683 3818 728 τοις

457 757 780 828 aliquando
812 755 984 810 beato
1004 753 1354 825 patriarchas
1385 749 1615 805 obviam
1638 753 1728 802 est
1754 747 2093 812 factus,cum

2215 739 2693 816 μεταλαμϐάνουσι
2750 743 3100 818 μετεδίδοσαν
3134 792 3147 817 ,
3203 752 3310 803 τῶν
3366 749 3634 824 ἀχράντων
3694 752 3814 808 οὕτω

2209 832 2630 904 καταπαίζοντες
2680 836 3015 913 μυστηρίων.
3066 841 3276 895 Τοῦτον
3324 839 3415 894 τὸν
3454 843 3637 914 μιαρὸν
3663 842 3815 898 θίασον

2211 916 2408 992 συνέϐη
2439 922 2576 977 ποτὲ
2605 927 2680 993 τῷ
2713 925 2986 999 μακαρίτῃ
3047 933 3372 995 συναντῆσαι
3417 928 3548 982 κατὰ
3591 930 3681 997 τὴν
3709 927 3812 984 ὁδὸν

2206 1011 2548 1085 πατριάρχῃ,
2583 1011 2718 1084 μετὰ
2744 1017 2845 1067 τοῦ
2897 1012 3172 1088 ἷερατικοῦ
3200 1014 3411 1086 κλήρου
3441 1017 3528 1070 καὶ
3555 1020 3648 1082 τῆς
3675 1015 3810 1088 λιτῆς

2209 1095 2570 1174 διερχομένῳ.
2631 1102 2729 1159 ’Όν
2786 1099 2919 1157 ἰδὼν
2951 1104 2980 1157 6
3011 1102 3260 1178 Γρύλλος
3313 1104 3519 1178 ἰταμῶς
3572 1104 3810 1179 ἅγαν,καὶ

2208 1184 2639 1265 ἀνερυϐριάσεως
2685 1189 2856 1264 μηδὲν
2919 1192 3404 1266 ὑποστειλάμενος,
3462 1193 3680 1274 φελόνην
3707 1197 3811 1251 ἆναο

2207 1276 2422 1341 στείλας
2471 1283 2581 1353 (61)
2640 1281 2775 1354 μετᾶ
2830 1282 2938 1336 τῶν
2995 1281 3161 1338 αὐτοῦ
3235 1287 3563 1356 συμμυστῶν
3619 1283 3811 1340 εὐτονω-

455 847 505 901 is
562 843 1012 919 supplicationis
1059 858 1237 897 causa
1300 855 1434 894 cum
1493 837 1844 894 clericorum
1896 849 2107 905 pompa

455 934 822 1008 procederet.
879 935 1062 998 Quem
1093 936 1156 986 ut
1206 927 1518 1000 conspexit
1549 925 1788 990 Grillus,
1824 922 2106 978 audacter

454 1023 776 1080 admodum
807 1028 866 1078 et
893 1021 1273 1093 impudenter
1301 1017 1524 1088 absque
1550 1015 1676 1070 ulla
1705 1012 2102 1078 cunctatione,

455 1113 796 1185 exemplum
827 1127 1002 1166 suum
1032 1108 1276 1180 reliquis
1307 1104 1716 1176 seqnentibus,
1749 1107 1909 1156 veste
1940 1099 2106 1155 didu-

455 1207 550 1258 cta
603 1201 842 1274 pulsare
891 1200 1178 1254 citharam
1223 1195 1564 1252 contentius
1594 1192 1770 1264 cmpit
1797 1196 1855 1245 et
1884 1189 2104 1245 sanctis

454 1291 798 1346 hominibus
828 1289 1101 1344 obscaane
1133 1285 1394 1341 convicia
1424 1283 1635 1338 facere.

522 1556 839 1614 Michaelus
861 1570 1036 1626 porro
1061 1556 1310 1606 matrem
1333 1566 1500 1604 suam
1521 1546 1886 1602 Theodoram
1907 1544 2101 1600 adhuc

449 1653 511 1705 in
537 1647 756 1721 palatio
782 1645 1094 1716 degentem
1124 1639 1444 1712 aliquando
1475 1638 1548 1693 ad
1581 1653 1643 1692 se
1675 1635 2096 1706 vocavit,quasi

449 1741 643 1794 fausta
669 1737 722 1791 ei
744 1739 1056 1807 precaturo
1076 1731 1302 1804 Ignatio
1321 1727 1863 1801 patriarcha,quem
1889 1725 2096 1780 adesse

2203 1368 2382 1440 τέροις
2419 1366 2624 1443 ἐχρῆτο
2682 1375 2799 1431 τοῖς
2827 1369 3120 1444 κρούμασι,
3150 1371 3241 1424 καὶ
3298 1369 3428 1433 τοὺς
3481 1370 3675 1448 εὐαγεῖς
3697 1372 3812 1428 ἐχεί-

2204 1476 2330 1518 νους
2361 1453 2668 1531 λοιδορίαις
2698 1458 2785 1512 καὶ
2819 1455 3088 1513 άναιδέσιν
3119 1453 3321 1515 ἔϐαλλε
3354 1458 3606 1534 ῥήμασιν.

2276 1548 2333 1598 Ὀ
2364 1549 2616 1608 τοιοῦτος
2658 1544 2943 1620 αἴσχιστος
3005 1545 3262 1622 βασιλεὺς
3317 1547 3411 1602 καὶ
3442 1547 3703 1624 Θεοδώραν
3728 1551 3808 1618 τήν

2205 1634 2396 1688 ἑαυτοῦ
2447 1635 2656 1709 μητέρα
2721 1633 2800 1690 ἔτι
2863 1641 2981 1698 τοῖς
3037 1635 3355 1709 ἀνακτόροις
3413 1633 3568 1692 οὖσαν
3621 1658 3812 1710 μετεκα-

2205 1721 2399 1779 λέσατό
2433 1745 2586 1793 ποτε,
2644 1724 3166 1799 εὐλογηθησομένην
3215 1726 3365 1801 τάχα
3421 1727 3562 1800 παρὰ
3601 1729 3688 1779 τοῦ
3725 1746 3813 1780 πα-

452 1829 723 1882 ﬁnxerat.
756 1825 828 1878 Ut
855 1839 991 1894 ergo
1023 1818 1400 1876 sanctissima
1427 1815 1645 1871 mulier
1672 1815 1832 1869 venit
1860 1819 1920 1868 et
1954 1811 2093 1868 reli-

2204 1813 2494 1893 τριάρχου,
2545 1811 2894 1888 πλασάμενος
2949 1819 3142 1870 τοῦτον
3203 1815 3344 1870 εἶναι
3395 1815 3490 1870 τὸν
3548 1815 3812 1890 μακαρίτην

449 1917 610 1989 giose
641 1915 704 1968 in
734 1912 927 1967 solum
967 1927 1030 1965 se
1073 1907 1408 1980 prostravit,
1458 1909 1592 1960 vota
1623 1921 1728 1976 pro
1760 1921 1822 1958 se
1866 1900 2098 1971 concipi

445 2011 674 2077 petens,
707 2007 775 2058 ut
832 2016 962 2071 quaa
1019 1997 1172 2053 nihil
1221 1995 1448 2052 sinistri
1508 1993 1930 2065 suspicaretur,
1963 2005 2098 2046 cum

445 2095 714 2166 impurus
737 2090 953 2146 Grillus
968 2093 1212 2144 eatenus
1230 2085 1478 2141 barbam
1499 2079 2098 2148 occultasset,Grillus

443 2183 599 2238 978
647 2197 894 2252 surgens
925 2177 1216 2248 crepitum
1255 2174 1478 2230 ventris
1508 2171 1707 2227 emisit
1738 2175 1796 2226 et
1826 2167 2097 2240 quaedam

445 2289 547 2329 ore
578 2289 684 2328 suo
736 2271 914 2342 digna
956 2265 1286 2322 blateravit.
1345 2262 1652 2318 Theodora
1702 2259 1933 2315 facinus
1985 2257 2096 2312 hoc

447 2363 754 2435 aegerrime
774 2359 994 2425 ferens,
1027 2356 1317 2410 detestata
1338 2349 1985 2419 ﬁlium,vaticinataque
2008 2353 2097 2402 est

447 2469 582 2511 eum
613 2451 873 2504 divinam
915 2444 1386 2517 indignationem
1415 2441 1576 2497 brevi
1619 2454 1954 2494 sensurum.
1983 2436 2096 2491 Sed

445 2541 577 2598 ﬁeri
607 2555 726 2594 non
756 2540 985 2608 poterat
1012 2539 1080 2589 ut
1109 2531 1294 2587 semel
1322 2547 1357 2586 a
1384 2535 1546 2585 recta
1573 2528 1665 2582 via
1693 2543 1931 2582 aversus
1962 2543 2093 2580 cor-

445 2633 755 2703 rigeretur.
809 2628 1012 2695 Itaque
1061 2628 1119 2676 et
1169 2619 1478 2676 celerrime
1525 2617 1719 2690 periit,
1753 2621 1930 2686 atque
1955 2619 2091 2669 ante

445 2723 642 2793 ipsum
685 2715 891 2778 Barda,
940 2715 1169 2782 hocque
1223 2710 1386 2782 prior
1423 2707 1794 2762 Theoctistus
1841 2703 2092 2760 caniclei

445 2810 730 2882 dignitate
787 2809 1053 2870 ornatus,
1087 2801 1187 2873 qui
1243 2797 1634 2870 indulgebant
1685 2795 1822 2867 ipsi,
1851 2799 1908 2849 et
1957 2811 2091 2849 cum

445 2907 670 2958 tutores
728 2898 914 2970 ipsius
969 2897 1247 2960 essent,a
1299 2889 1492 2961 pravis
1551 2903 1689 2943 eum
1747 2884 2089 2940 abstrahere

2206 1902 2488 1976 Ἰγνάτιον.
2515 1903 2606 1962 Ὧς
2636 1903 2728 1957 οὗν
2787 1901 2930 1977 έξῄει
2993 1905 3108 1976 μετ’
3165 1898 3454 1966 εὐλαϐείας
3485 1906 3520 1970 ἡ
3550 1904 3813 1976 σεμνοτάτη

2203 1993 2334 2066 γυνή
2367 1989 2456 2044 καὶ
2487 1987 2702 2064 ἔρῥιψεν
2746 1993 2941 2059 ἑαυτὴν
3003 1991 3079 2054 είς
3139 1993 3200 2048 τὸ
3254 1990 3456 2067 ἔδαφος
3506 1991 3815 2065 ἐξαιτουμένη

2205 2079 2378 2154 εὐχήν
2412 2076 2581 2152 μηδὲν
2635 2078 2781 2143 ὅλως
2845 2080 3258 2152 ὑποτοπήσασα,
3288 2087 3390 2136 τοῦ
3451 2087 3642 2158 μιαροῦ
3669 2081 3814 2156 Γρύλ-

2204 2185 2306 2226 Λου
2333 2173 2433 2240 τήν
2463 2169 2709 2246 γενειάδα
2746 2173 2884 2236 τέως
2936 2173 3296 2248 κρύπτοντος,
3357 2175 3582 2237 ἀναστὰς
3610 2175 3636 2230 6
3667 2171 3812 2250 Γρύλ-

2203 2261 2300 2322 λος
2359 2259 2625 2334 ἀπέπερδε
2679 2264 2768 2317 καὶ
2827 2261 3046 2338 ῥήματά
3099 2283 3219 2318 τινα
3275 2265 3477 2319 ἀπεῖπε
3517 2268 3612 2319 τοῦ
3639 2262 3812 2317 οἰκείου

2201 2352 2476 2424 στόματος
2503 2351 2642 2423 ἄξια.
2675 2353 2736 2408 ἹΙ
2787 2350 2844 2407 δὲ
2892 2351 2980 2408 ἐπὶ
3009 2357 3091 2426 τῷ
3119 2352 3371 2430 γεγονότι
3427 2351 3811 2422 δεινοπαθήσασα

2199 2441 2354 2514 ἀραῖς
2377 2435 2579 2496 ἔϐαλλε
2632 2442 2725 2496 τὸν
2781 2442 2922 2512 υἱὸν,
2980 2441 3070 2496 καὶ
3101 2449 3202 2512 τῆς
3246 2446 3348 2498 τοῦ
3405 2446 3538 2498 Θεοῦ
3589 2441 3810 2516 προνοίας

2200 2529 2442 2584 ἒκπεσείν
2527 2525 2857 2608 ἀπεφοίϐασε
2935 2535 3289 2607 προφητικῶς
3379 2534 3568 2586 τοῦτον
3620 2529 3708 2584 οὐκ
3752 2529 3814 2592 εἰς

2203 2617 2432 2692 μακράν.
2476 2615 2634 2674 Ἀλλ’
2699 2617 2798 2672 οὐκ
2846 2618 2914 2687 ἦν
2970 2619 3062 2673 τὸν
3120 2618 3255 2690 ἅπαξ
3310 2620 3711 2695 παρατραπέντα
3734 2621 3816 2682 τῆς

2199 2706 2407 2770 εὐθείας
2466 2703 2595 2762 ὀδοῦ
2683 2707 3020 2780 βελτωθῆναι
3057 2751 3070 2764 .
3149 2708 3307 2763 Ὅθεν
3397 2709 3488 2763 καὶ
3566 2707 3809 2782 ταχυτάτη

2195 2797 2515 2874 κατειλήφει
2573 2799 2766 2851 τοῦτον
2824 2796 3196 2874 καταστροφὴ,
3254 2797 3344 2851 καὶ
3399 2797 3508 2869 πρὸ
3562 2795 3709 2851 αὐτοῦ
3737 2796 3813 2868 μὲν

2197 2886 2288 2940 τὸν
2343 2882 2573 2959 Βάρδαν,
2604 2885 2696 2940 καὶ
2755 2885 2863 2951 πρὸ
2907 2884 3116 2940 ἐκείνου
3147 2885 3240 2940 τὸν
3266 2884 3579 2940 κανικλείου
3625 2883 3810 2940 Θεόκτι·

2197 2995 2338 3044 στον,
2369 2975 2498 3036 τοὺς
2555 2971 2953 3048 χαριζομένους
3001 2973 3146 3046 αὐτῷ
3201 2973 3290 3029 καὶ
3347 2975 3424 3048 μὴ
3457 2979 3562 3030 τῶν
3591 2977 3810 3044 πονηρῶν

2195 3064 2512 3120 ἀνακόπτειν
2555 3062 2912 3134 ἐθελήσαντας
2972 3061 3318 3138 διδαγμάτων
3370 3064 3446 3126 ὡς
3498 3063 3807 3138 ἐπιτρόπους.

2199 3153 2303 3208 Καὶ
2359 3153 2508 3215 ὅπως
2570 3153 2664 3226 μὲν
2720 3153 2748 3206 6
2805 3153 3123 3213 Θεόκτιστος
3181 3146 3362 3208 ὤλετο
3395 3196 3411 3223 ,
3468 3146 3741 3227 προλαϐὼν
3785 3149 3809 3203 ὁ

2197 3239 2360 3318 λόγος
2416 3238 2702 3312 ἐδήλωσε,
2763 3244 2966 3314 σημεῖα
3021 3237 3078 3295 δὲ
3134 3241 3224 3295 τὸν
3285 3235 3513 3317 ὄλεθρον
3568 3237 3806 3310 δηλοῦντα

2189 3334 2284 3385 τοῦ
2342 3327 2524 3404 Βάρδα
2579 3331 2937 3404 προηγήσατο
3017 3327 3163 3384 τάδε’
3239 3327 3496 3386 ἐπιτολαὶ
3551 3331 3802 3402 κομητῶν,

2191 3415 2342 3493 ὄψεις
2371 3418 2658 3493 ὀνειράτων
2710 3416 3030 3478 ἀλλόκοτοι.
3092 3415 3282 3488 Ἔδοξε
3340 3420 3444 3494 γὰρ
3501 3419 3612 3473 καθ’
3639 3416 3811 3474 ὕπνους

2189 3508 2347 3570 οὗτος
2373 3507 2507 3583 πρὸς
2537 3508 2636 3577 τὴν
2668 3505 2929 3584 Μεγάλην
2963 3503 3258 3578 ἔκκλησίαν
3293 3507 3432 3580 μετά
3482 3509 3577 3562 τοῦ
3606 3499 3809 3582 Μιχαὴλ

2187 3597 2436 3652 ἀπελθεῖν
2502 3597 2580 3659 ὡς
2636 3597 2782 3672 τάχα
2821 3597 3176 3670 πανηγύρεως
3233 3597 3428 3668 οὕσης.
3473 3598 3561 3658 Ὧς
3612 3593 3696 3649 οὗν
3726 3592 3809 3664 ἀφ-

2191 3684 2363 3740 ίκοντο
2393 3683 2482 3740 καὶ
2514 3684 2845 3760 προσωτέρω
2897 3682 3136 3758 ἐγίνοντο
3166 3688 3263 3739 τοῦ
3321 3685 3472 3748 θείου
3525 3687 3670 3750 ναοῦ,
3699 3680 3808 3753 ὁρᾷν

2185 3771 2359 3828 ἐδόκει
2441 3773 2811 3852 Αευκοφόρους
2891 3773 3043 3835 τινὰς
3109 3775 3590 3848 προηγουμένους,
3640 3768 3806 3826 οἵτινες

2131 3948 2150 3956 ρ
2185 3861 2508 3937 ὁδηγοῦντες
2539 3862 2699 3917 αὐτὸν
2754 3859 2948 3937 ἄγουσι
3003 3862 3142 3938 πρὸς
3174 3861 3270 3924 τὰς
3300 3859 3593 3939 κιγκλίδας
3619 3863 3708 3914 τοῦ
3730 3860 3808 3911 θυ-

2183 3952 2504 4026 σιαστηρίου
2537 3954 2673 4024 (62),
2726 3951 2816 4005 καὶ
2871 3949 3063 4026 βλέπει
3110 3951 3208 4022 μὶν
3237 3949 3384 4006 ἄλλο
3417 3948 3592 4020 οὐδὲν,
3621 3947 3732 4020 περὶ
3759 3941 3804 3998 δὲ

2181 4041 2275 4096 τὸν
2331 4039 2522 4114 θρόνον
2575 4044 2672 4095 τοῦ
2721 4042 3068 4119 πατριάρχου
3097 4039 3411 4112 καθήμενόν
3444 4061 3564 4095 τινα
3605 4035 3802 4112 γηραιὸν

447 2991 656 3047 studiis
708 2987 1012 3050 nolebant.
1045 2978 1350 3048 Quomodo
1399 2976 1644 3049 perierit
1694 2975 2086 3039 Theoctistus,

440 3097 621 3153 snpra
633 3082 720 3134 est
733 3068 1407 3148 expositum.lnteritum
1419 3066 1623 3122 Bardm
1637 3067 2090 3120 antecesserunt

441 3152 629 3243 signa,
675 3169 1042 3223 cometarum
1069 3174 1286 3230 nempe
1331 3161 1567 3212 exortus
1598 3159 1657 3210 et
1707 3152 1964 3208 absurda
1992 3152 2082 3206 in-
2116 3171 2159 3238 ρ

437 3241 689 3315 somnia.
722 3257 985 3324 Namque
1016 3250 1066 3304 is
1109 3264 1217 3318 per
1255 3245 1519 3316 quietem
1566 3243 1678 3298 sibi
1733 3241 2088 3314 imaginatus

426 3347 546 3402 fuit
567 3363 630 3400 se
652 3359 787 3400 curn
819 3337 1103 3396 Michaelo
1133 3335 1208 3391 ad
1239 3333 1565 3389 solemnem
1590 3331 1909 3402 quamdam
1921 3329 2088 3384 festi-

427 3438 672 3492 vitatem
717 3435 780 3487 in
828 3432 1100 3500 Magnum
1139 3423 1450 3494 Templum
1499 3424 1625 3486 ire;
1653 3437 1770 3492 quo
1801 3436 1937 3474 cum
1961 3419 2087 3489 jam

429 3521 1034 3598 appropinquassent,
1067 3511 1358 3585 quosdam
1388 3510 1600 3582 prmire
1650 3509 1800 3564 albis
1839 3508 2088 3563 amictos

424 3595 713 3676 vestibus,
746 3613 807 3664 et
838 3622 899 3662 se
931 3604 1008 3660 ab
1049 3602 1120 3656 iis
1167 3599 1381 3655 deduci
1434 3597 1509 3654 ad
1551 3597 1854 3652 cancellos
1896 3595 2086 3650 tribu-

428 3702 606 3766 nalis,
639 3697 842 3769 ibique
872 3712 934 3750 se
984 3691 1138 3746 nihil
1168 3688 1369 3744 videre
1400 3687 1564 3742 aliud
1594 3703 1775 3757 quam
1809 3685 1958 3742 solio
1990 3701 2088 3756 pa-

423 3791 699 3848 triarchae
729 3784 1094 3842 residentem
1129 3794 1334 3835 senem
1369 3775 1712 3847 quemdam,
1745 3793 1924 3846 quem
1957 3775 2084 3846 ipse

422 3886 660 3954 putaret
689 3881 932 3934 Petrum
962 3888 1092 3928 esse
1125 3867 1531 3941 apostolorum
1556 3867 1937 3937 coryphaeum
1963 3881 1976 3919 :
2009 3865 2084 3920 ad

424 3969 607 4042 pedes
633 3968 764 4039 ejus
784 3961 1034 4019 volutari
1057 3959 1440 4032 Ignatium,et
1461 3954 1816 4027 injuriarum
1837 3970 2081 4008 suarum

423 4057 714 4113 ultionem
773 4053 1057 4124 ﬂagitare.
1121 4050 1305 4103 Porro
1374 4046 1616 4099 Petrum
1677 4042 1916 4114 quidam
1985 4042 2084 4098 ad-

427 4146 712 4202 stantium
758 4158 961 4198 ensem
998 4137 1253 4201 tradere,
1289 4139 1346 4190 et
1396 4133 1680 4188 mandare
1711 4137 1775 4186 ut
1803 4131 2083 4203 Theorgi-

2199 4131 2412 4204 Πέτρον
2443 4127 2625 4185 εἴκασε
2655 4133 2846 4185 τοῦτον
2879 4130 3011 4184 εἶναι
3059 4129 3151 4184 τὸν
3209 4135 3513 4208 κορυφαῖον
3560 4133 3659 4182 τῶν
3687 4125 3799 4179 ἀπο-

426 4241 582 4292 stum
617 4233 725 4306 (sic
755 4230 1088 4304 appellasse
1145 4242 1280 4281 eum
1322 4224 1636 4286 Caesarem,
1666 4220 1834 4291 quasi
1868 4219 2079 4274 divinas

2199 4218 2439 4292 πόλων),
2490 4217 2553 4274 οὗ
2609 4220 2746 4293 πρὸς
2803 4223 2920 4306 τοῖς
2980 4217 3138 4274 ποσὶν
3193 4219 3222 4272 6
3285 4217 3589 4292 μακαρίτης
3618 4211 3800 4270 ἐκυλιν-

423 4327 525 4382 iraa
552 4323 895 4394 obnoxium)
917 4321 1077 4376 inter
1109 4334 1210 4373 eos
1231 4315 1332 4386 qui
1363 4330 1398 4368 a
1431 4311 1684 4368 sinistris
1716 4315 1875 4364 stant
1904 4309 2081 4364 collo-

2199 4307 2330 4364 ἴεῖτο
2393 4310 2652 4384 Ἰγνάτιος
2735 4304 3010 4378 ἐκδίκησιν
3096 4306 3315 4380 ἐξαιτῶν
3405 4309 3478 4362 ὧν
3559 4298 3812 4363 ἐπεπόνθει

423 4421 535 4484 cet,
587 4430 774 4486 eoque
808 4427 948 4468 ense
997 4404 1377 4464 membratim
1413 4399 1708 4465 concidat,
1759 4399 2081 4454 Asebotec-

2199 4397 2389 4453 Ξεινῶν.
2420 4400 2532 4486 *[Ρ.
2595 4399 2720 4469 555]
2775 4397 2882 4453 Τὸν
2940 4393 2996 4451 δὲ
3054 4395 3132 4452 ἐνὶ
3181 4400 3288 4450 τῶν
3343 4395 3694 4470 παρεστώτων
3722 4389 3807 4462 μά-

419 4521 564 4560 num
591 4509 789 4558 autem
811 4501 949 4572 (hoc
970 4496 1212 4552 nomine
1235 4508 1368 4548 eum
1392 4491 1814 4562 imperatorem
1837 4493 2074 4543 notasse

2199 4507 2382 4566 (σιραν
2417 4483 2602 4540 δοῦναι
2631 4484 2719 4540 καὶ
2752 4484 2942 4540 εἰπεῖν’
2975 4485 3162 4559 Ταύτῃ
3195 4484 3286 4540 τὸν
3331 4485 3639 4562 θεόργιστον
3666 4477 3803 4553 (οὕτω

421 4599 488 4649 ut
517 4593 768 4664 impium
816 4565 1034 4657 iilium)
1075 4585 1232 4638 inter
1258 4579 1410 4636 019
1467 4577 1704 4634 dextros
1751 4577 2076 4632 constituat

2199 4577 2274 4630 τὸν
2306 4575 2554 4649 Καίσαρα
2583 4573 3049 4646 κατονομάσαντα)
3079 4578 3148 4648 τῇ
3201 4578 3311 4628 τῶν
3355 4572 3644 4645 εὐωνύμων
3670 4565 3802 4641 χώρᾳ

421 4653 682 4752 quidem.
717 4677 822 4733 sed
866 4653 1062 4731 simile
1107 4678 1307 4728 tamen
1339 4667 1697 4740 supplicium
1740 4665 2071 4722 denuntiet.

2199 4666 2584 4738 ἐγκαταστήσας
2625 4660 2863 4736 μεληδὸν
2921 4659 3192 4735 διάτεμνε·
3250 4662 3342 4716 τὸν
3387 4659 3446 4716 δὲ
3490 4653 3800 4715 ἃσεὸότεκνον

423 4764 982 4838 Comprobaveritne
1015 4761 1212 4817 exitus
1241 4760 1354 4814 hoc
1396 4753 1784 4821 insomnium,
1817 4770 2071 4823 sequen-

2207 4751 2295 4808 διὰ
2323 4757 2419 4808 τοῦ
2447 4752 2700 4808 τοιούτου
2731 4753 2942 4826 προσρή
2956 4771 3121 4824 ματος
3153 4751 3244 4805 τὸν
3281 4745 3511 4824 βασιλέα
3531 4743 3798 4818 δηλοποιή·

423 4859 510 4914 tia
540 4830 877 4912 ostendent.

2199 4850 2366 4912 ταντα)
2427 4840 2693 4918 κατάλεγε
2753 4841 2844 4914 μὲν
2925 4845 3041 4902 τοῖς
3091 4837 3308 4909 δεξιοῖς,
3377 4841 3477 4907 τήν
3533 4835 3577 4892 δ’
3629 4830 3795 4907 ὁμοίαν

421 4945 580 5002 δίκην
636 4939 1034 5020 ἀπεκδέχεσθαι
1090 4937 1352 5011 πρόσειπε
1386 4976 1398 4988 .
1477 4931 1576 4986 Καὶ
1633 4930 1661 4984 ὁ
1707 4929 1800 5002 μὲν
1875 4928 2079 5004 ὄνειρος
2140 4932 2316 4994 οὗτος·
2377 4933 2422 4986 εἱ
2490 4929 2548 4986 δὲ
2600 4917 2690 4985 καὶ
2747 4925 2923 5000 ἀπέϐη
2985 4931 3050 4984 τά
3106 4929 3400 4995 θεαθέντα,
3467 4925 3692 4998 δηλώσει
3743 4917 3798 4973 τὶ

468 5057 560 5093 ετα
584 5054 773 5090 ταυτα.

468 5059 560 5093 ετα
584 5059 773 5090 ταυτα.

424 5059 464 5112 μ
493 5127 844 5184 Moliebatur
873 5119 1092 5177 Bardas
1113 5133 1235 5174 una
1261 5131 1396 5172 cum
1417 5110 1710 5168 Michaelo
1752 5110 2080 5182 expeditio-

2259 5115 2419 5182 Ἃρτι
2449 5110 2584 5164 κατὰ
2639 5115 2748 5165 τῶν
2802 5113 3032 5184 Κρητῶν
3061 5108 3090 5162 ὁ
3121 5104 3330 5181 Βάρδας
3385 5102 3651 5178 πανδημεὶ
3683 5095 3798 5174 μετά

1599 5229 1964 5285 XYLANDRI
2017 5232 2105 5284 ET
2161 5231 2376 5286 GOARI
2429 5231 2654 5287 ΝΟΤᾸΞ.

491 5363 600 5432 (60)
650 5359 1050 5432 Orationibus,
1083 5371 1221 5426 qvas
1266 5351 1516 5432 collectas
1562 5361 1860 5411 vocamus,
1921 5345 2073 5432 ξορα·
2187 5351 2373 5432 totum
2406 5347 2668 5401 hminem
2711 5345 3074 5402 ambientem
3121 5346 3177 5399 in
3206 5343 3434 5400 brachia
3483 5346 3794 5406 retorquens.

419 5417 606 5488 missa
632 5417 772 5488 voce
803 5417 1118 5504 perlectis;
1133 5423 1546 5504 conclusiones
1571 5435 1789 5504 sonora
1814 5417 2076 5504 modula-
2185 5419 2360 5504 Goaa.

421 5486 602 5573 taque
655 5486 866 5559 voce‘av
889 5486 1195 5558 sacerdote
1252 5494 1495 5566 prolatae
1532 5495 1670 5546 sunt
1707 5486 2064 5564 ἐκφωνήσεις.
2183 5560 2198 5573 1
2253 5491 2366 5560 (62)
2397 5490 3036 5573 Septum_can‘cellatum,
3068 5488 3185 5544 sive
3230 5495 3353 5573 rete‘
3374 5487 3609 5573 {igneum
3627 5491 3792 5573 ροριι·

421 5553 594 5629 (ἶολιι.
924 5553 1039 5557 ΜΡ
1114 5553 1117 5554 ν
1253 5553 1268 5566 ³
1781 5553 1792 5564 ’
1913 5553 1921 5557 ⁷

2199 5553 2308 5616 .uin
2341 5553 2375 5616 a
2423 5553 2679 5616 sacrario
2735 5553 3044 5628 dirimens,
3077 5566 3214 5616 sunt
3240 5553 3484 5617 κικλίδές
3506 5556 3600 5608 τοῦ
3627 5553 3791 5604 θυσια-

488 5644 603 5717 (61)
635 5644 898 5700 Obscura
925 5642 1094 5698 mihi.
1134 5641 1273 5694 XYL.
1301 5667 1368 5676 —
1399 5633 1656 5690 Casulam
1683 5631 2070 5686 sacerdotalem
2181 5630 2426 5707 στηρίου.
2468 5632 2780 5700 (Allatius.)
2812 5633 2986 5688 Goaa.
