4054 6286
281 336 433 396 1063

1395 337 1937 401 HISTORIAHUM
1981 338 2550 407 COMPENDIUM.

3556 356 3679 416 106

280 469 372 521 τοῦ
400 463 633 540 Μιχαὴλ
664 465 1066 536 καθωπλίζετο,
1094 467 1185 523 καὶ
1216 467 1352 542 πρὸς
1378 468 1470 524 τὸν
1502 474 1603 539 τῆς
1653 470 1922 525 Θεοτόκου

2040 487 2181 528 nem
2210 491 2345 530 cum
2390 478 2667 534 omnibus
2713 480 2901 551 copiis
2924 481 2986 537 in
3016 483 3346 539 Cretenses.
3380 485 3582 556 Itaque
3614 484 3692 541 ad

278 556 400 610 ναὸν
430 558 537 609 τῶν
586 552 840 630 Ὁδηγῶν
899 557 1164 632 φοιτήσας
1214 555 1382 631 εἰσῄει
1437 557 1571 629 μετὰ
1618 555 1927 631 λαμπάδων

276 646 363 698 τὶν
401 645 788 718 συντακτήριον
824 643 1118 719 ἐκπληρῶν
1168 649 1301 718 (63).
1349 646 1437 708 Ὦς
1489 644 1581 700 οὖν
1625 650 1742 711 τοῖς
1790 642 1928 702 ἆδῦ-

275 754 387 796 τοις
416 734 809 808 προσήγγισεν,
842 732 994 813 ἄφνω
1030 739 1139 789 τῶν
1199 732 1363 789 αὐτοῦ
1420 731 1589 807 ὤμων
1630 737 1666 804 ἡ
1697 733 1922 810 χλαμὺς

277 823 612 894 ὀλισθήσασα
645 822 918 887 αἰσθέσθαι
948 827 1137 879 τοῦτον
1189 820 1502 900 δεινοτέρων
1554 820 1743 878 δεινῶν
1778 845 1926 899 παρ-

277 914 542 972 εσκεύασε.
586 914 689 970 Καὶ
739 913 900 975 αὐτὸς
932 910 989 967 δὲ
1043 913 1150 988 πρὸ
1208 917 1332 982 μιᾶς
1392 911 1604 988 ἡμέρας
1662 917 1759 968 τοῦ
1793 911 1930 985 μὲλ-

278 1001 387 1059 λειν
446 1001 691 1072 ἀπαίρειν
752 1001 858 1057 ἀπὸ
912 1008 1011 1071 τῆς
1066 1000 1305 1066 πόλεως,
1391 999 1491 1057 εἴτ’
1550 1002 1639 1079 ἀφ’
1699 1002 1927 1056 ἓασυτοῦ

278 1090 383 1148 εἴτε
431 1093 521 1147 καὶ
586 1090 776 1152 ἄλλως
835 1090 938 1145 ὑπὸ
1011 1096 1112 1147 τοῦ
1175 1089 1478 1163 μέλλοντος
1535 1088 1924 1164 ἐλαυνόμενος,

276 1180 589 1255 συναγαγὼν
633 1179 710 1242 εἰς
766 1179 932 1234 ταυτὸ
988 1178 1114 1241 τοὺς
1174 1178 1370 1258 φίλους
1402 1178 1491 1233 καὶ
1550 1179 1926 1252 ωμποσιάσκς

280 1270 586 1345 μεμνῆσθαί
677 1291 737 1326 τε
826 1277 927 1339 τῆς
1020 1270 1185 1325 αὐτοῦ
1275 1268 1503 1345 παρῂνει
1579 1268 1767 1348 φιλίας
1833 1271 1921 1324 καὶ

276 1359 521 1437 λεγάτα,
582 1382 657 1424 ως
719 1364 817 1414 τοῦ
876 1360 999 1435 βίου
1058 1355 1166 1429 ἤδη
1252 1352 1353 1432 ἔξω
1427 1358 1731 1433 γινόμενος,
1780 1377 1920 1434 παρ-

276 1451 486 1524 ἐσχετο.
518 1454 603 1511 Ὠς
656 1449 747 1505 οὗν
807 1450 940 1504 κατά
995 1455 1095 1518 τῆς
1154 1451 1377 1523 Κρήτης
1438 1446 1656 1522 ἐξῄεσαν
1712 1449 1802 1503 καὶ
1848 1452 1927 1520 τῷ

276 1538 467 1612 θέματι
523 1543 629 1594 τῶν
708 1538 1030 1613 Θρᾳκησίων
1102 1532 1415 1607 ἐπέϐησαν,
1472 1537 1565 1591 καὶ
1620 1537 1755 1591 κατᾶ
1806 1557 1927 1590 τινα

276 1632 465 1704 Χῶρον
499 1630 613 1702 (64)
642 1627 812 1682 τόπον
856 1626 998 1682 οὕτω
1050 1625 1341 1703 λεγόμενον
1402 1627 1453 1680 οἱ
1510 1625 1689 1697 τούτῳ
1717 1627 1926 1700 ὑπηρε-

275 1721 492 1779 τοῦντες
567 1710 1082 1790 προκαταλαϐόντες
1142 1715 1238 1776 τὰς
1297 1714 1493 1785 σκηνὰς
1551 1717 1923 1792 κατεπήγνυον

2033 561 2301 633 Deiparas
2322 565 2527 621 fanum
2551 568 2708 639 quod
2738 570 3015 644 Hodegon
3038 571 3535 646 dicebatur,quod
3556 591 3691 631 eam

2037 650 2149 705 sibi
2199 653 2435 709 itineris
2485 655 2813 712 ductricem
2843 660 2992 714 votis
3045 662 3307 717 solerent
3349 664 3692 735 conciliare,

2034 745 2302 811 accessit,
2338 750 2397 800 et
2441 745 2669 803 facibus
2718 750 3182 820 praelucentibus
3233 755 3491 824 intravit,
3524 761 3591 811 ut
3630 772 3692 811 se

2035 846 2259 903 suaque
2291 835 2556 906 Deiparaa
2606 839 3072 895 commendaret.
3119 844 3263 898 Cum
3297 860 3431 914 ergo
3455 844 3584 916 jam
3616 845 3692 900 ad

2033 924 2363 996 penetralia
2404 925 2612 997 templi
2662 929 3041 998 perrexisset,
3076 930 3269 986 subito
3321 934 3586 1005 chlamys
3615 933 3689 989 de

2034 1013 2298 1068 humeris
2344 1014 2533 1085 ipsius
2564 1015 2841 1087 prolapsa
2872 1019 3162 1074 malorum
3203 1020 3256 1075 ei
3290 1023 3687 1078 maximorum

2033 1101 2388 1173 praesagium
2419 1102 2600 1158 dedit.
2641 1103 2804 1158 idem
2843 1105 3060 1160 Bardas
3091 1107 3280 1177 pridie
3328 1126 3507 1180 quam
3537 1110 3687 1167 urbe

2035 1194 2160 1244 erat
2189 1190 2579 1261 discessurus,
2614 1192 2734 1247 sive
2765 1193 2921 1248 ultro
2946 1194 3065 1250 sive
3089 1194 3301 1251 futuraa
3323 1199 3406 1253 rei
3439 1205 3687 1272 urgente

2030 1279 2172 1348 fato,
2206 1280 2413 1335 amicis
2444 1281 2503 1334 in
2535 1298 2721 1336 unum
2770 1283 3080 1339 conductis
3134 1285 3325 1357 legata
3362 1287 3684 1359 distribuit,

2032 1368 2210 1423 veluti
2242 1369 2341 1439 qui
2364 1370 2491 1441 jam
2524 1370 2641 1425 vita
2681 1371 3010 1427 excederet.
3054 1373 3206 1429 Inita
3264 1391 3399 1448 ergo
3450 1377 3693 1447 expedi-

2035 1458 2215 1525 tione,
2247 1457 2405 1512 utin
2448 1458 2875 1515 Thracensium
2924 1463 3289 1532 provinciam
3338 1470 3691 1535 perventum

2034 1553 2125 1603 est
2154 1547 2228 1602 ad
2260 1548 2456 1603 locum
2482 1549 2800 1618 quemdam
2830 1550 2926 1606 cui
2957 1551 3146 1606 Choro
3168 1568 3407 1623 nomen,
3432 1554 3693 1609 ministri

2032 1635 2238 1692 Bardas
2286 1636 2536 1707 reliquis
2582 1638 2833 1709 priores,
2866 1639 3008 1694 dum
3059 1643 3331 1697 certatim
3380 1644 3693 1714 festinant,

2033 1723 2483 1779 tabernaculum
2515 1724 2762 1780 Caesaris
2819 1726 2939 1781 sive
2970 1725 3171 1783 dedita
3217 1745 3398 1799 opera
3427 1728 3544 1785 sive
3577 1730 3690 1785 im-

274 1804 488 1879 ἆμιλλη
523 1806 807 1881 χρώμενοι
860 1804 949 1860 καὶ
1006 1802 1240 1878 σπουδῇ,
1274 1803 1497 1868 ἐνταῦθά
1553 1824 1680 1874 που,
1714 1801 1822 1858 εἷ’τε
1853 1800 1919 1872 δή

2031 1816 2355 1888 prudentes
2386 1817 2449 1870 in
2483 1816 2639 1872 edito
2693 1818 2949 1889 quodam
2982 1820 3130 1875 colle
3176 1821 3382 1893 ﬁgunt,
3430 1823 3686 1879 tentorio
3758 1851 3764 1858 -

272 1896 410 1951 κατὰ
455 1895 714 1971 πρόνοιαν
755 1893 864 1949 εἴτε
904 1895 992 1949 καὶ
1030 1893 1216 1955 ἄλλως
1247 1895 1362 1948 κατ’
1395 1892 1638 1967 ἄγνοιαν,
1673 1894 1771 1963 τὴν
1826 1894 1920 1967 μὲν

271 1988 368 2040 τοῦ
405 1980 672 2061 βασιλέως
704 1982 791 2038 ἐπὶ
848 1980 1069 2037 πεδινοῦ
1102 1981 1314 2057 χωρίου
1373 1981 1600 2038 αὐλαίαν
1633 1982 1918 2054 ἐπήξαντο,

276 2071 351 2136 εἷ’ς
376 2095 493 2129 τινα
550 2071 608 2129 δὲ
666 2072 834 2150 λόφον
899 2071 1367 2149 ὑπερανεστηκότα
1418 2073 1517 2141 τὴν
1574 2075 1671 2127 τοῦ
1720 2072 1922 2128 Καίσα-

275 2186 370 2240 ρος
437 2163 789 2219 ἀνεπέτασαν.
842 2164 1016 2233 Ὀπερ
1086 2161 1161 2225 ὡς
1191 2159 1414 2237 ἕρμαιον
1475 2156 1732 2224 λαϐόντες
1756 2163 1811 2215 οἱ
1840 2165 1920 2234 τῷ

276 2251 507 2333 Μιχαὴλ
539 2251 927 2328 προσκείμενοι
976 2251 1063 2307 καὶ
1117 2249 1735 2326 προσπολεμοῦντεςτῷ
1786 2251 1920 2307 Καί-

274 2364 398 2417 σαρι
454 2345 791 2416 κατῃτιῶντο
850 2342 913 2396 τὸ
967 2340 1187 2417 γεγονὸς
1245 2339 1334 2394 καὶ
1390 2339 1485 2401 τὰς
1542 2340 1660 2394 κατ’
1713 2338 1918 2394 ἐκείνου

273 2432 511 2503 ἐξέκαιον
561 2425 898 2504 συμϐουλὰς·
958 2430 1275 2504 Ὑπὲθραττε
1306 2425 1352 2482 δ’
1385 2427 1537 2501 ὅμως
1590 2428 1781 2491 αὐτοὺς
1830 2428 1918 2484 καὶ

269 2522 637 2597 νωθροτέρους
682 2519 856 2575 ἐποίει
910 2518 1048 2595 πρὸς
1098 2519 1197 2586 τὴν
1258 2517 1627 2594 ἐγχείρησινή
1658 2522 1751 2572 τοῦ
1785 2517 1921 2575 Καί-

273 2630 437 2684 σαρος
496 2609 851 2683 κραταιοτέρα
909 2607 1093 2686 ἰσχύς·
1133 2607 1233 2675 τήν
1262 2627 1320 2662 τε
1349 2606 1455 2680 γὰρ
1506 2611 1607 2660 τοῦ
1665 2604 1921 2679 δομεστί-

270 2722 367 2756 κου
414 2705 514 2756 τῶν
559 2699 781 2779 σχολῶν
833 2700 1009 2774 ἀρχὴν
1060 2700 1087 2753 6
1126 2698 1319 2754 τούτου
1348 2698 1499 2777 εἶχεν
1531 2698 1647 2761 υίὸς
1671 2699 1919 2771 Ἀντίγο-

269 2812 385 2862 νος,
413 2790 504 2845 καὶ
535 2790 587 2845 οἱ
619 2788 808 2846 λοιποὶ
873 2787 1165 2863 στρατηγοὶ
1222 2786 1368 2859 αὖτῷ
1424 2786 1801 2866 ἐπειθάρχουν,
1831 2787 1922 2841 καὶ

270 2874 584 2953 Συμϐάτιος
617 2879 644 2933 6
668 2876 970 2955 λογοθέτης
1019 2879 1117 2931 τοῦ
1166 2873 1397 2951 δρόμου,
1441 2871 1691 2951 γαμϐρὸς
1721 2875 1809 2931 ἐπὶ
1848 2878 1916 2949 τῇ

270 2967 494 3043 θυγατρὶ
542 2967 709 3022 αὑτοῦ
772 2964 1059 3041 τογχάνων
1088 3009 1102 3034 ,
1152 2963 1555 3040 ἆναντιρῥήτως
1600 2965 1667 3019 τὰ
1714 2964 1917 3021 ἐκείνου

270 3059 488 3132 φρονεῖν
546 3053 879 3114 ἐπιστεύετο.
935 3052 1092 3110 Ἀλλ’
1142 3049 1325 3108 ἔλαθεν
1368 3054 1396 3107 6
1444 3048 1756 3125 Συμϐάτιος
1813 3054 1915 3109 ὑπὸ

265 3150 363 3200 τοῦ
397 3143 665 3218 βασιλέως
711 3142 941 3204 κλαπεὶς
997 3141 1087 3196 καὶ
1134 3142 1226 3196 τὸν
1286 3142 1448 3219 φόνον
1504 3146 1602 3197 τοῦ
1658 3144 1916 3218 πενθεροῦ

267 3193 633 3310 ἐργαισάμενος
665 3233 850 3300 αὐτὸς,
906 3232 993 3288 καὶ
1044 3229 1141 3286 οὐκ
1198 3193 1367 3293 ἄλλος
1412 3229 1662 3305 σύνθημα
1689 3236 1786 3287 τοῦ
1816 3193 1914 3309 ἐρό-
1951 3193 1994 3260 C

263 3345 358 3379 νου
424 3321 814 3398 εὗτρεπισθείς.
876 3322 1035 3397 Ἀρτι
1096 3320 1198 3396 γὰρ
1258 3320 1401 3394 ἐξῄει
1474 3320 1570 3382 τὰς
1636 3321 1913 3399 ἀναφορὰς

263 3411 545 3487 ἀναγκοῦς,
587 3412 678 3467 καὶ
723 3412 786 3466 τὸ
845 3414 1072 3484 σημεῖον
1140 3406 1320 3464 ἐδίδου
1375 3409 1472 3465 τοῦ
1529 3409 1714 3488 φόνου,
1750 3431 1918 3466 σταυ-

265 3504 360 3581 ρὸν
392 3503 467 3566 εἷς
497 3503 560 3558 τὸ
604 3502 797 3557 ἑαυτοῦ
822 3499 1113 3575 πρόσωπον
1143 3497 1461 3573 ἐγχαράξας.
1515 3494 1914 3558 Ἀνεϐάλλοντο

189 3650 193 3654 _
263 3591 312 3649 δ’
341 3591 493 3667 ὅμως
536 3593 587 3646 οἱ
637 3588 972 3663 συνωμόται,
1027 3591 1129 3658 τήν
1187 3588 1449 3662 ἑταιρείαν
1509 3588 1913 3664 παρισταμένην

261 3689 496 3760 ὁρῶντες
531 3686 630 3738 τοῦ
682 3681 966 3753 Καίσαρος.
1015 3681 1187 3753 Ὃπερ
1218 3681 1245 3734 ὁ
1288 3679 1519 3755 Μιχαὴλ
1568 3675 1915 3754 εὐλαϐηθείς,

276 3776 353 3847 μή
397 3794 517 3835 πως
545 3771 865 3847 κατάφωρος
918 3768 1207 3845 γεοόμενος
1264 3769 1384 3833 καθ’
1442 3770 1633 3824 ἑαυτοῦ
1679 3771 1777 3839 τήν
1812 3771 1919 3843 μά-

275 3882 472 3938 χᾳιραν
523 3859 926 3930 ἐπισπάσηται,
985 3855 1074 3912 διὰ
1130 3862 1325 3913 πιστοῦ
1380 3858 1527 3919 τίνος
1579 3858 1919 3935 ἐθαρσοποίει

267 3949 397 4011 τοῦς
448 3947 644 4025 ἄνδρας
690 3953 809 4008 ταῖς
870 3947 1214 4022 ὑποσχέσεσι.
1248 3948 1350 4003 Καὶ
1390 3946 1670 4021 παρῆλθεν
1730 3948 1789 4003 ἂν
1826 3949 1917 4003 τὸν

263 4035 515 4095 κίνδυνον
547 4038 639 4093 καὶ
688 4035 1099 4112 παρεκρούσατο
1149 4036 1177 4089 ὁ
1226 4038 1436 4110 Καῖσαρ
1482 4040 1563 4108 τῷ
1612 4033 1719 4091 δὲει
1760 4058 1920 4092 καταο

272 4125 676 4200 πλησσομένων
731 4125 819 4180 καὶ
897 4124 1324 4202 κατεπτηχότων
1367 4130 1476 4179 τῶν
1565 4130 1919 4198 συνωμοτῶν,

276 4216 323 4271 εἰ
385 4218 462 4291 μή
518 4214 803 4276 Βασίλειος
861 4214 889 4268 6
946 4213 1078 4287 μετὰ
1123 4218 1288 4268 ταῦτα
1344 4216 1422 4287 [Ρ.
1459 4216 1583 4286 556]
1640 4214 1919 4287 βασιλεὺς,

270 4307 772 4381 παρακοιμώμενος
821 4308 931 4376 (65)
983 4301 1081 4370 ὥν,
1115 4300 1362 4373 διανέστη
1412 4304 1548 4379 πρὸς
1596 4305 1697 4372 τήν
1730 4301 1921 4383 ἐγχεί-

276 4414 457 4469 ρησιν·
515 4391 670 4456 οὗτος
729 4394 833 4468 γὰρ
891 4388 1194 4466 ἀπορρῖψαί
1249 4411 1307 4446 τε
1343 4392 1517 4456 πείθει
1554 4393 1618 4448 τὸ
1649 4389 1769 4456 δέος
1793 4391 1924 4457 τοὺς

273 4484 592 4558 συνωμότας
637 4482 728 4537 καὶ
776 4482 912 4557 πρός
960 4480 1062 4549 τήν
1109 4480 1300 4555 πρᾶξιν
1348 4478 1684 4554 ἐπιρωννύει.
1738 4485 1923 4558 Ξιφή-

2038 1902 2224 1974 ipsius
2247 1904 2627 1976 imperatoris
2650 1905 2709 1959 in
2731 1906 2980 1978 planitie
3010 1924 3290 1980 expanso.
3326 1910 3443 1965 Hoc
3465 1908 3687 1965 factum

2031 1992 2072 2046 ii
2093 1993 2195 2063 qui
2210 1993 2564 2049 Michaelum
2578 1999 2786 2050 contra
2804 1995 3049 2051 Bardam
3076 1999 3374 2053 concitare
3389 1998 3683 2065 solebant,

2031 2085 2095 2136 ut
2118 2082 2341 2153 optimo
2354 2100 2496 2138 casu
2522 2083 2784 2139 oblatam
2808 2086 3291 2141 commoditatem
3306 2087 3683 2159 arripientes,

2030 2170 2566 2238 calumniabantur,
2601 2177 2659 2227 et
2705 2173 2952 2229 consilia
2998 2180 3207 2231 contra
3259 2190 3395 2231 eum
3435 2176 3583 2232 inita
3620 2182 3688 2232 ut

2031 2266 2453 2330 exsequeretur
2482 2261 2807 2333 imperator
2826 2262 3459 2335 instigabantﬂaasaris
3485 2269 3687 2321 tamen

2030 2349 2295 2418 potentia
2328 2349 2535 2421 ingens
2580 2350 2857 2406 inimicos
2889 2351 3163 2407 turbabat
3193 2358 3251 2407 et
3277 2353 3434 2408 980
3474 2354 3547 2409 ad
3578 2371 3687 2410 au-

2028 2435 2290 2493 dendum
2306 2437 2536 2493 facinus
2556 2439 2859 2511 segniores
2871 2440 3176 2496 reddebat.
3200 2441 3426 2513 Quippe
3445 2447 3504 2497 et
3526 2442 3686 2499 filius

2031 2525 2160 2597 ejus
2183 2525 2491 2582 domestici
2509 2526 2847 2583 scholarum
2868 2545 3078 2601 gerens
3116 2546 3335 2584 munus
3356 2531 3685 2603 Antigonus

2031 2615 2295 2687 reliquos
2326 2617 2693 2672 exercituum
2724 2617 2905 2673 duces
2937 2618 3048 2673 sibi
3077 2617 3335 2674 habebat
3354 2619 3685 2691 obsequen-

2031 2712 2158 2772 tes;
2222 2710 2280 2759 et
2309 2705 2644 2777 Symbatius
2676 2706 2866 2761 dromi
2899 2707 3197 2780 logotheta
3242 2707 3443 2763 Bardas
3500 2725 3684 2779 gener

2029 2792 2188 2847 haud
2220 2792 2397 2847 dubie
2429 2793 2501 2848 ab
2550 2794 2736 2865 ipsius
2784 2799 2937 2850 stare
2992 2795 3257 2866 partibus
3304 2796 3679 2853 credebatur.

2026 2881 2173 2935 Nam
2218 2881 2571 2953 ignorabant
2615 2898 2752 2937 eum
2800 2899 2835 2938 a
2881 2882 3162 2939 Michaelo
3216 2884 3419 2940 Bardas
3473 2884 3681 2940 furtim

2028 2970 2327 3026 sublatum
2374 2970 2522 3026 adeo
2570 2988 2776 3027 socero
2832 2988 3040 3027 necem
3096 2973 3315 3041 moliri,
3347 2979 3413 3029 ut
3450 2974 3681 3030 nemini

2027 3060 2197 3116 alteri
2243 3076 2421 3131 quam
2489 3060 2602 3132 ipsi
2661 3065 2888 3117 tessera
2954 3061 3238 3118 facinoris
3295 3062 3372 3118 sit
3428 3064 3675 3119 credita.

2027 3149 2282 3205 Proinde
2315 3149 2650 3220 Symbatius
2680 3150 2860 3205 simul
2888 3156 2948 3205 et
2976 3156 3107 3207 acta
3135 3151 3357 3218 retulit,
3382 3157 3442 3207 et
3468 3152 3683 3208 faciem

2023 3255 2193 3294 suam
2215 3254 2388 3294 cruce
2413 3240 2653 3311 signans
2676 3239 3002 3295 inferendae
3023 3240 3226 3296 Bardas
3240 3240 3420 3296 caadis
3438 3242 3676 3314 signum

2024 3327 2205 3383 dedit.
2229 3328 2373 3383 Cum
2397 3332 2594 3383 autem
2617 3328 3046 3400 conjurationis
3068 3329 3212 3385 socii
3235 3335 3679 3398 cunctarentur,

2023 3416 2162 3487 quia
2209 3421 2529 3471 sectatores
2575 3416 2780 3472 Bardas
2843 3433 3045 3473 coram
3088 3417 3325 3474 adstare
3372 3419 3676 3487 videbant,

2024 3505 2345 3561 Michaelus
2374 3510 2648 3562 metuens
2680 3523 2756 3562 ne
2786 3506 2905 3562 illis
2931 3507 3456 3579 tergiversantibus
3486 3524 3551 3563 re
3572 3508 3675 3563 de-

2024 3599 2179 3650 tecta
2226 3595 2287 3648 in
2334 3611 2396 3649 se
2442 3594 2620 3666 gladii
2681 3596 3132 3667 stringerentur,
3184 3597 3367 3651 misso
3427 3612 3670 3652 suorum

2026 3683 2293 3738 fidelium
2315 3682 3130 3753 quodam,pollicitationibus
3152 3701 3253 3739 eos
3276 3685 3667 3739 conﬁrmavit.

2025 3772 2422 3827 Nihilominus
2437 3776 2634 3826 tamen
2648 3772 3307 3838 evasissetCzesar,adeo
3331 3778 3673 3845 conjuratos

2026 3865 2220 3921 metus
2269 3859 2640 3915 deterruerat
2665 3876 2700 3915 a
2726 3859 3010 3930 facinore,
3044 3860 3159 3915 nisi
3202 3860 3456 3916 Basilius
3486 3862 3681 3933 impe-

2026 3949 2239 4004 ratoris
2275 3948 2369 4004 cui
2420 3948 2706 4004 successit
2761 3948 2996 4019 deinde,
3056 3947 3457 4005 cubicularius
3496 3949 3571 4005 ad
3618 3949 3682 4004 id

2027 4036 2431 4110 peragendum
2482 4053 2544 4091 se
2593 4037 3005 4108 proripuisset,
3039 4054 3295 4109 suosque
3344 4038 3686 4095 cohortatus

2030 4132 2186 4181 esset
2213 4130 2279 4180 ut
2308 4125 2540 4196 abjecto
2572 4128 2737 4181 metu
2782 4126 3153 4198 propositum
3193 4134 3683 4198 exsequerentur.

2028 4215 2248 4271 Bardas
2277 4230 2413 4269 cum
2443 4230 2546 4269 eos
2576 4214 2797 4270 strictis
2819 4214 3029 4285 gladiis
3050 4216 3112 4269 in
3134 4232 3197 4272 se
3220 4232 3393 4271 ruere
3416 4221 3691 4271 cerneret

2029 4310 2405 4375 mortemque
2449 4303 2563 4359 sibi
2594 4303 2958 4375 impendere,
2990 4303 3066 4359 ad
3095 4304 3474 4376 imperatoris
3504 4304 3686 4375 pedes

2031 4412 2094 4451 se
2123 4395 2346 4467 abjicit.
2397 4393 2561 4450 Unde
2592 4394 2955 4450 abstractum
2997 4394 3039 4448 ii
3071 4394 3449 4450 membratim
3483 4395 3687 4449 conci-

2030 4485 2201 4551 dunt,
2216 4489 2275 4538 et
2297 4482 2579 4555 genitalia
2602 4483 2730 4555 ejus
2742 4488 2916 4539 conto
2948 4483 3190 4555 praefixa
3218 4499 3325 4554 per
3353 4482 3683 4540 ludibrium

270 4593 385 4650 ρεις
418 4570 511 4628 οῦν
539 4572 665 4633 τοὺς
694 4567 890 4643 ἄνδρας
939 4565 1069 4623 ἰδὼν
1103 4570 1131 4624 6
1162 4564 1375 4645 Βάρδας
1420 4567 1668 4633 ἐπιόντας
1706 4571 1919 4646 ἀθρόως

2031 4578 2351 4630 ostentant.
2399 4573 2607 4629 Ortum
2648 4589 2719 4629 ex
2746 4589 2817 4629 eo
2865 4572 3190 4629 tumultum
3222 4570 3544 4645 ingentem,
3579 4574 3683 4645 qui

1472 4687 1836 4745 XYLANDRI
1865 4692 1953 4747 ET
1990 4691 2206 4747 GOARI
2244 4690 2466 4745 NOTAE.

343 4817 452 4887 (631
484 4818 736 4871 Zonaras
765 4817 838 4886 τῇ
880 4813 1192 4887 Θεομήτορι
1233 4809 1643 4887 -συνναξόμενος,
1694 4814 1930 4873 clarius.

274 4883 386 4943 Sed
417 4902 598 4959 supra
626 4888 691 4941 D.
726 4883 1041 4959 Gregorius
1069 4883 1398 4959 Theologus
1427 4883 1776 4959 perhibetur
1806 4904 1928 4944 ora-

270 4960 434 5031 tione
462 4954 824 5031 s'yntacteria
848 4954 1085 5031 'habita
1140 4954 1513 5031 discessisse
1545 4954 1616 5010 ab
1647 4958 1926 5031 Ecclesia;

271 5025 701 5102 gubernatione
728 5045 741 5095 ;
771 5045 901 5100 qua)
932 5025 1569 5102 videtur_de‘Eccles_i_m
1614 5030 1934 5087 concordia

273 5096 332 5156 ἐι
362 5101 771 5157 incolumitate
788 5096 1225 5154 constituenda
1252 5096 1458 5153 fuisse.
1490 5097 1626 5155 XYL.

346 5172 459 5245 (64)
490 5174 688 5245 Χῶρον
722 5171 880 5245 idem
927 5171 1049 5225 fere
1105 5169 1401 5245 significat
1429 5169 1603 5245 quod
1619 5171 1807 5245 locus,
1838 5170 1927 5225 τό-

273 5241 398 5303 πος.
435 5241 547 5299 Sed
579 5241 781 5299 tamen
810 5243 1088 5314 hocﬁnogn
1119 5246 1240 5295 tam
1287 5241 1479 5296 visum
1523 5241 1635 5295 fuit
1663 5243 1931 5314 accipere

277 5332 384 5387 pro
416 5316 654 5386 proprio
686 5330 866 5386 quam
915 5312 1084 5368 illud.
1119 5317 1252 5369 XYL.
1792 5312 1811 5314 “

281 5386 471 5458 “(65L
487 5387 545 5458 _Is
577 5391 667 5458 est
696 5386 797 5458 qui
850 5383 1258 5458 superioribus
1318 5383 1549 5438 saeculis
1607 5383 1786 5458 κόμης
1817 5388 1926 5440 τῶν

276 5450 607 5536 ἐξῇουϐίτιρν
638 5450 966 5536 dicebatur,
999 5456 1175 5536 cujus
1188 5471 1415 5536 nempe
1463 5450 1705 5536 nomine
1735 5450 1931 5536 Graeco

267 5528 504 5584 reddito
535 5531 799 5585 Romana
850 5528 978 5598 ejus
1008 5526 1329 5598 appellatio
1378 5526 1608 5580 destitit
1656 5528 1717 5580 in
1768 5530 1935 5585 curia

267 5546 504 5584 reuuuo
538 5546 799 5585 uomana
850 5546 879 5581 e
909 5546 978 5582 us
1008 5546 1329 5598 appeuauo
1378 5546 1608 5580 desum
1656 5546 1717 5580 Πι
1768 5546 1927 5585 cuna

264 5600 371 5655 ΟΡ.
410 5600 597 5671 Hujus
626 5600 782 5676 vices
811 5546 900 5676 ad]
916 5598 1175 5676 tuendum
1220 5598 1927 5676 palatium__tytqndamque

266 5687 385 5727 rem
406 5667 693 5743 privatam
724 5669 1119 5741 Luitprandus
1162 5684 1291 5723 esse
1317 5667 1463 5723 dicit
1488 5668 1590 5739 ΙΙΙ,
1618 5673 1668 5726 7.
1702 5671 1778 5726 At
1804 5667 1927 5730 rion

550 5788 819 5850 Panos.
868 5788 978 5849 Gs.
1025 5784 1233 5846 CXXI.

2036 4816 2095 4872 id
2126 4821 2555 4887 exsequeretur
2584 4816 2699 4870 nisi
2725 4820 3047 4886 perpetuus
3079 4815 3283 4886 palatii
3313 4815 3468 4871 foret
3505 4831 3685 4870 excu—

2039 4889 2194 4944 bitor
2235 4887 2324 4942 vel
2375 4887 2783 4943 excubitorum
2858 4888 3170 4958 raacipuus.
3206 4890 3295 4942 An
3325 4904 3460 4941 vero
3491 4892 3556 4940 ut
3586 4902 3688 4939 ex-

2039 4959 2291 5011 cubitor.
2326 4959 2409 5011 sic
2456 4974 2690 5011 auoaue
2735 4904 3133 5011 cuEicularius
3164 4957 3520 5011 asserendus
3549 4971 3686 5011 cum

2039 4959 2291 5025 cubitor,
2326 4959 2409 5014 sic
2456 4974 2690 5029 quoque
2735 4957 3133 5029 cubicularius
3164 4957 3520 5012 asserendus
3549 4971 3686 5011 cum

2037 5030 2382 5103 Xylandrofl
2410 5028 2529 5084 non
2560 5045 2794 5084 censeo.
2829 5028 3436 5103 Cubiculariietenim
3466 5033 3690 5103 postre-

2039 5093 2154 5157 niis
2185 5100 2419 5157 saeculis
2458 5115 2694 5170 semper
2724 5100 3001 5170 eunuchi,
3034 5098 3281 5154 Basilius
3308 5093 3685 5170 ﬂagitati;sz

2043 5191 2202 5242 μεΛος
2221 5174 2309 5226 vir
2324 5172 2563 5242 integer
2588 5165 2949 5242 exstititllle
2971 5165 3032 5224 in
3054 5165 3686 5242 penetralibu§,hic_ad

2039 5232 2197 5299 iores
2228 5241 2421 5297 stabat
2462 5232 2563 5297 illi
2623 5240 2878 5311 denique
2924 5232 3263 5307 κοιτῶνῖται,
3321 5232 3684 5311 κουϐικουλάτ

2042 5314 2271 5387 ριοιγγθι
2299 5312 2416 5367 alio
2438 5313 2643 5387 quovis
2669 5310 2913 5387 nomine
2944 5312 3083 5387 dicti
3110 5328 3132 5387 ;_
3156 5311 3335 5387 hujus
3360 5327 3579 5387 nomen
3599 5310 3688 5365 nil

2041 5381 2237 5443 simile
2288 5381 2477 5439 sonat}
2528 5383 2682 5454 Quin
2733 5384 2929 5454 potius
2961 5383 3013 5437 ei
3045 5381 3266 5438 subditi
3314 5382 3686 5438 excubitores

2038 5462 2106 5513 ut
2130 5456 2350 5511 variam
2371 5453 2830 5526 appellationem
2858 5454 2941 5509 sic
2966 5454 3265 5526 diversum
3288 5470 3505 5509 munus
3526 5454 3687 5509 nacti

2041 5524 2466 5585 ostenduntur?
2488 5524 2736 5599 inferius
2769 5541 2826 5595 p.
2857 5526 2983 5599 5367,
3018 5525 3157 5599 quia
3205 5525 3686 5599 dicuntur_1rapag-

2038 5603 2217 5656 κοῖται
2249 5604 2307 5678 et
2334 5594 2817 5678 ποιακοιμωμένου
2840 5594 3055 5678 οἰκεῖοι,
3079 5597 3404 5678 familiares
3444 5594 3687 5663 addidi,

2039 5689 2160 5729 uno
2189 5669 2365 5727 verbo
2389 5667 2495 5725 sub
2528 5667 2656 5741 ejus
2687 5667 3095 5740 dispositione.
3128 5670 3302 5725 Gosa.

3443 5786 3520 5845 34
