4056 6276
336 393 491 458 1069

1478 400 2016 467 HISTORIARUM
2065 408 2593 474 COMPENDIUM

3578 416 3733 475 1070

331 547 429 588 σας
488 525 548 581 o6
607 528 940 586 παντάπασιν
999 532 1277 607 ἠμοίρησε
1332 539 1439 590 τῶν
1497 533 1808 591 ἐπαινετῶν·
1889 533 1968 591 δι-

2087 542 2380 614 poterium
2415 545 2650 611 dicitur,
2671 550 2728 600 et
2750 545 3140 620 polycandela
3168 545 3425 617 plurimo
3448 553 3729 617 praestan-

328 618 686 692 σιοποτγίριον
722 620 834 693 (68)
865 623 970 697 γάρ
998 625 1331 697 προσήνεγκε
1372 629 1439 699 τῇ
1483 625 1707 704 Μεγάλῃ
1738 624 1972 696 Ἐκκλη-

330 706 442 778 σία,
475 707 565 762 καὶ
597 707 992 781 πολυκάνδηλα
1025 715 1135 785 (69)
1172 711 1238 768 τὰ
1286 714 1476 788 πρώην
1532 712 1654 770 λίαν
1707 714 1971 790 ὑπερελά-

331 816 516 854 σαντα.

404 886 800 958 Ἀναιρεθέντος
865 888 925 957 δ’,
984 890 1056 952 ὡς
1117 889 1362 966 εἴπομεν,
1447 897 1543 946 τοῖ’)
1601 891 1852 968 Μιχαὴλ,
1911 894 1972 947 τὸ

330 975 431 1041 τῆς
462 974 740 1049 βασιλείας
800 975 1092 1047 ἀνεδήσατο
1142 981 1337 1054 κράτος
1372 981 1398 1033 6
1433 979 1736 1042 Βασίλειος.
1786 984 1970 1042 Ὅστις

330 1059 389 1116 δὲ
439 1061 595 1126 οὗτος
653 1065 883 1132 ἦνίκαῖ
942 1067 1059 1121 ὅθεν
1111 1066 1364 1143 ὥρμητο,
1422 1069 1524 1124 κάκ
1579 1069 1737 1130 ποίας
1798 1069 1970 1130 αἰτίας

329 1149 406 1212 εἷς
433 1153 531 1221 τὴν
588 1153 862 1228 βασίλειον
924 1156 1073 1228 ἀνῄει
1121 1159 1404 1230 περιωπῆν
1464 1157 1522 1213 ἐκ
1578 1163 1834 1223 ταπεινῆς
1883 1158 1972 1212 καὶ

328 1239 620 1313 ἀλαμποῦς
655 1245 975 1317 ὁρμώμενος
1003 1247 1208 1326 τύχης,
1263 1248 1460 1303 ἄνωθεν
1505 1243 1779 1303 διαλαϐὼν
1815 1251 1842 1302 ὁ
1874 1247 1973 1302 λό-

328 1351 428 1404 γος
485 1329 861 1406 διατρανώσει.
925 1335 1148 1410 Ἥνεγκε
1177 1335 1352 1392 τοίνυν
1395 1339 1430 1405 ἡ
1485 1342 1592 1392 τῶν
1647 1335 1972 1394 Μακεδόνων

329 1419 491 1496 χώρα
529 1420 713 1491 αὐτὸν,
746 1421 889 1477 εἷλκε
921 1421 976 1478 δὲ
1005 1425 1066 1478 τὸ
1094 1423 1245 1500 γένος
1279 1425 1326 1496 ἐξ
1371 1430 1562 1500 Ἀρμει
1583 1425 1698 1495 ίων,
1749 1425 1807 1482 ἐκ
1837 1425 1970 1481 πάνυ

335 1505 593 1584 λαμπρᾶς
624 1513 997 1586 καταγόμενος
1029 1521 1129 1583 τῆς
1155 1519 1264 1569 τῶν
1296 1513 1634 1589 Ἀρσακιδῶν
1687 1520 1887 1589 σειρᾶς,
1921 1513 1969 1583 ἐξ

327 1597 394 1664 ἧς
430 1599 602 1669 μόνης
631 1601 802 1672 νόμος
831 1603 895 1670 ἦν
929 1601 1308 1676 βασιλεύεσθαι
1344 1607 1575 1677 Πάρθοις
1623 1603 1712 1658 καὶ
1765 1601 1973 1673 Μήδοις

327 1686 416 1738 καὶ
448 1687 756 1760 Ἀρμενίοις
789 1687 878 1744 διὰ
908 1691 968 1745 τὸ
1002 1689 1164 1754 κλέος
1196 1691 1292 1746 τοῦ
1325 1694 1548 1767 πρώτου
1579 1692 1840 1766 Ἀρσάκου
1869 1695 1970 1746 τοῦ

325 1773 769 1851 ἀνακτησαμένου
793 1785 908 1842 τοῖς
938 1780 1166 1854 Πάρθοις
1186 1783 1284 1851 τήν
1313 1781 1590 1856 βασιλείαν
1619 1783 1719 1836 ὑπὸ
1753 1786 1967 1857 Περσῶν

325 1864 797 1941 ἐσφετεηεισμένην.
843 1869 934 1925 Καὶ
971 1866 1161 1942 συνέϐη
1210 1870 1377 1946 μέχρι
1432 1871 1646 1927 πολλοῦ
1698 1871 1822 1932 τοὺς
1871 1875 1967 1925 τοῦ
2006 1908 2047 1970 Β

326 1955 596 2028 Ἀρσάκου
643 1955 950 2033 ἀπογόνους
1001 1957 1306 2035 βασιλεύειν
1366 1964 1471 2015 τῶν
1533 1959 1830 2033 εἰρημένων
1882 1959 1965 2013 ἐθ-

325 2048 457 2102 νῶν.
492 2044 763 2121 Ἔσχατος
818 2044 876 2101 δὲ
926 2054 1026 2116 τῆς
1091 2048 1365 2123 βασιλείας
1416 2049 1652 2104 ἐκπεσὼν
1702 2046 1967 2124 Ἀρτάϐα-

330 2152 419 2193 νος
463 2138 565 2202 τῆς
621 2142 977 2212 προγονικῆς,
1028 2139 1116 2190 καὶ
1146 2139 1173 2191 6
1205 2138 1398 2192 τούτου
1450 2134 1682 2215 ἀδελφὸς
1732 2136 1969 2208 Κλιὲνης

331 2218 562 2298 φυγάδες
619 2222 694 2285 εἷς
771 2225 832 2279 τὸ
891 2227 1174 2294 Βυζάντιον
1246 2226 1653 2300 παραγίνονται·
1733 2228 1882 2280 Λὲων
1943 2228 1970 2280 6

334 2310 502 2386 μέγας
540 2311 664 2365 τότε
693 2313 791 2380 τὴν
824 2319 929 2368 τῶν
972 2315 1262 2388 Ῥωμαίων
1305 2315 1452 2369 ’ἰθυνε
1509 2315 1809 2387 βασιλείαν,
1862 2313 1970 2371 Οὖ-

327 2420 422 2460 τος
455 2401 546 2454 οὗν
589 2401 717 2463 τοὺς
778 2400 973 2475 ἄνδρας
1034 2401 1428 2478 ὑποδεξάμενος
1481 2405 1567 2458 κεί
1631 2403 1970 2478 ἀξιοπρεπῶς

323 2491 561 2560 τιμήσας
618 2488 830 2562 οἷ’κησιν
891 2494 991 2560 τήν
1052 2500 1432 2566 προσήκουσαν
1493 2491 1544 2546 ἐν
1609 2497 1676 2566 τῇ
1731 2489 1971 2567 βασιλίδι

324 2577 633 2652 ἀπένειμεν.
693 2581 869 2656 ’Όπερ
930 2581 1114 2653 μαθὼν
1179 2584 1205 2636 6
1269 2587 1376 2636 τῶν
1437 2587 1652 2655 Περσῶν
1719 2582 1973 2656 βασιλεὺς

327 2669 640 2742 γράμμασιν
692 2668 889 2730 αὐτοὺς
981 2668 1350 2743 μετεκαλεῖτο,
1420 2669 1496 2730 εἷς
1563 2671 1660 2736 τὴν
1717 2671 1970 2743 πατρῴαν

327 2755 765 2838 ὑπισχνούμενος
823 2759 1116 2832 ἡγεμονίαν
1177 2757 1592 2840 ἐγκαταστῆσαι.
1667 2760 1971 2831 Δεξαμενων

326 2841 378 2898 δ’
430 2845 643 2900 ἐκείνων
699 2847 764 2900 τὰ
823 2848 1124 2922 γράμματα
1179 2846 1268 2901 καὶ
1356 2847 1477 2921 περὶ
1553 2850 1649 2902 τοῦ
1705 2848 1974 2919 πρακτὲου

327 2931 831 3009 διασκοπουμένων,
866 2937 1129 3009 μηνύεται
1155 2934 1242 2991 διὰ
1271 2957 1413 2996 τινος
1444 2941 1552 2990 τῶν
1598 2935 1974 3010 ὑπηρετουμέο

329 3047 436 3079 νων
457 3026 641 3088 αὐτοῖς
673 3027 845 3082 πάντα
875 3031 952 3099 τῷ
989 3024 1258 3103 βασιλεῖς,
1289 3027 1378 3082 καὶ
1413 3026 1494 3081 ὅτι
1518 3027 1570 3080 οἱ
1595 3025 1863 3095 πλανῆται
1888 3023 1975 3079 οὗ·

328 3135 414 3168 τοι
456 3115 546 3170 καὶ
579 3115 851 3186 ἐπήλυδες
880 3122 988 3171 τῶν
1018 3115 1426 3191 ἐπισημοτὲρων
1452 3116 1571 3171 εἰσί.
1607 3115 1704 3172 Καὶ
1737 3115 1812 3177 εἷς
1860 3137 1977 3174 τινα

331 3201 605 3278 πολίχνην
625 3211 724 3274 τῆς
757 3203 1092 3266 Μακεδονίας
1143 3205 1313 3275 Νίκην
1371 3203 1783 3277 ὀνομαζομένην
1842 3205 1977 3278 μετά

334 3297 603 3368 γυναικῶν
652 3294 740 3347 καὶ
780 3292 976 3348 τὲκνων
1033 3293 1227 3354 αὐτοὺς
1258 3294 1574 3363 κατοικίζει.
1627 3293 1757 3350 Εἶτα
1806 3291 1972 3348 πάλιν
2005 3269 2057 3335 C

332 3387 431 3448 τῆς
467 3387 682 3458 Περσῶν
718 3382 998 3462 βασιλείας
1041 3385 1142 3438 ὑπὸ
1201 3389 1307 3438 τῶν
1365 3387 1692 3454 Σαρακηνῶν
1738 3382 1970 3458 ἀνατραο

330 3469 544 3540 πείσης,
604 3471 669 3526 τὰ
733 3469 1087 3542 παραπλήσια
1143 3472 1233 3526 καὶ
1279 3471 1630 3541 ὁτηνικαῦτα
1689 3472 1974 3547 ἀμερμουο

334 3565 474 3631 μνῆς
507 3556 846 3635 διεπράξατο,
883 3561 972 3615 καὶ
1006 3561 1290 3638 γράμμασι
1350 3559 1698 3634 μετεκαλεϊτο
1746 3562 1872 3623 τοὺς
1925 3560 1976 3616 ἐν

326 3648 630 3722 Μακεδονίᾳ
667 3655 776 3705 τῶν
836 3649 1175 3728 ’Λρσακιδῶν
1233 3651 1558 3725 ἀπογόνους.
1621 3653 1973 3727 Φωραθέντος

328 3731 502 3790 δὲκαὶ
534 3736 728 3792 τούτου
773 3743 869 3792 τοῦ
929 3736 1204 3812 δράματος
1251 3738 1556 3812 Ἡρακλείῳ
1603 3744 1683 3811 τῷ
1739 3739 1974 3814 βασιλεῖ⁹

327 3825 414 3878 καὶ
471 3825 554 3880 ὅτι
601 3825 700 3880 οὐκ
756 3827 940 3899 εὐνοίᾳ
993 3833 1062 3903 τῇ
1095 3828 1232 3903 πρὸς
1286 3828 1484 3888 αὐτοὺς
1537 3830 1571 3897 ἡ
1640 3827 1975 3902 μετάκλησις

330 3913 560 3986 γίνεται,
593 3913 722 3970 ἀλλ’
754 3910 893 3971 ὥστε
923 3913 993 3970 δι’
1029 3916 1204 3972 αὐτῶν
1256 3917 1318 3972 τὸ
1360 3922 1467 3972 τῶν
1531 3917 1828 3991 Ἀρμενίων
1887 3917 1975 3971 καὶ

342 4003 566 4076 Πάρθων
627 4005 782 4077 γένος
847 4007 1090 4074 ὒπήκοον
1179 4007 1444 4081 γενέσθαι,
1527 4005 1602 4070 είς
1663 4005 1975 4070 Φιλίππους

333 4090 529 4152 αὐτοὺς
561 4091 682 4164 (μία
714 4089 771 4147 δὲ
801 4094 936 4163 αὓτη
968 4100 1076 4152 τῶν
1134 4092 1518 4150 Μακεδονικῶν
1565 4093 1804 4166 πόλεων)
1858 4115 1976 4166 μετ-

333 4177 548 4249 οικίζει,
583 4182 700 4234 εἶτα
754 4178 918 4235 πάλιν
965 4179 1162 4238 ἐκεῖθεν
1221 4183 1296 4244 εἷς
1357 4181 1826 4256 Ἀδριανούπολιν.
1875 4183 1980 4238 Εὗ-

334 4265 489 4322 Θέτου
523 4267 580 4322 δὶ
616 4273 713 4324 τοῦ
742 4269 914 4324 τόπου
946 4271 1198 4348 φανέντος
1231 4275 1349 4332 τοῖς
1398 4269 1587 4341 ξένοις,
1640 4270 1714 4332 εἰς
1763 4269 1978 4340 πλῆθος

332 4355 684 4428 κατέστησαν,
718 4358 1024 4440 ἆσῦγχυτον
1081 4359 1144 4416 τὸ
1197 4359 1351 4434 γένος
1390 4357 1773 4434 φυλάσσοντες.
1823 4361 1976 4436 Χρό-

331 4465 451 4508 νοις
483 4443 540 4501 δὲ
571 4447 812 4523 ὕστερον,
843 4449 1008 4518 ἡνίκα
1045 4454 1450 4510 Κωνσταντῖνος
1511 4446 1601 4502 σὺν
1651 4448 1861 4525 Εἰρήνῃ
1908 4452 1977 4523 τῇ

339 4535 506 4610 μητρί
571 4531 937 4605 ἐϐασίλευσεν,
997 4537 1135 4611 ἀνήρ
1167 4559 1251 4599 τις
1311 4534 1559 4606 Μαίκτης
1590 4534 1858 4612 τοῦνομα,
1901 4538 1977 4600 εἷς

2086 633 2254 689 tiora.

2158 891 2474 947 Interfecto
2506 892 2811 957 Michaelo,
2843 893 3090 949 Basilius
3134 893 3450 966 imperium
3476 894 3724 964 accepit.

2084 981 2135 1034 ls
2167 981 2324 1036 unde
2356 987 2590 1053 sumpto
2635 983 2804 1036 initio
2855 999 3088 1053 quaque
3127 999 3269 1037 usus
3317 983 3626 1038 occasione
3658 999 3728 1037 ex

2083 1069 2294 1125 humili
2328 1075 2385 1125 et
2415 1071 2665 1126 obscuro
2701 1071 2829 1125 loco
2862 1071 2933 1126 ad
2984 1071 3220 1125 culmen
3250 1071 3483 1141 imperii
3515 1088 3727 1126 ascen-

2082 1160 2255 1229 derit,
2287 1159 2466 1218 altius
2497 1161 2745 1231 repetita
2776 1178 2838 1214 re
2871 1166 2960 1215 est
2991 1160 3428 1231 explicandum.
3455 1161 3586 1214 Fuit
3617 1163 3726 1216 Ba-

2083 1248 2252 1304 silius
2283 1250 2472 1320 patria
2501 1250 2654 1306 988
2701 1250 2955 1316 Macedo,
2991 1250 3232 1304 natione
3282 1250 3618 1316 Armenius,
3653 1269 3723 1307 ex

2080 1337 2299 1392 illustri
2351 1339 2761 1393 Arsasidarum
2811 1339 3015 1409 stirpe,
3068 1355 3136 1392 ex
3185 1354 3300 1409 qua
3351 1337 3528 1392 unica
3566 1337 3725 1410 leges

2081 1426 2359 1481 sinebant
2410 1429 2783 1496 Parthorum,
2835 1427 3134 1483 Medorum
3187 1427 3724 1499 Armeniorumque

2080 1533 2248 1586 reges
2275 1515 2469 1587 deligi.
2506 1516 2578 1570 ob
2609 1516 2856 1587 gloriam
2882 1516 3054 1587 primi
3089 1515 3344 1579 Arsacis,
3367 1517 3464 1586 qui
3491 1517 3724 1572 Parthis

2081 1622 2324 1675 regnum
2376 1623 2409 1659 a
2459 1605 2649 1660 Persis
2703 1611 3039 1676 surreptum
3097 1611 3565 1677 recuperaverat.
3616 1605 3726 1659 Diu

2079 1693 2396 1747 admodum
2433 1693 2610 1763 hujus
2643 1695 2876 1748 Arsacis
2903 1695 3215 1766 progenies
3248 1694 3421 1748 dictis
3451 1693 3724 1764 gentibus

2080 1781 2409 1852 imperavit.
2446 1782 2696 1836 Ultimus
2728 1783 3058 1838 Artabanus
3090 1783 3334 1854 ejusque
3367 1782 3547 1836 frater
3575 1782 3725 1836 Clie-

2078 1889 2206 1935 nes,
2239 1874 2390 1927 avito
2424 1873 2712 1927 exturbati
2739 1890 2939 1944 regno,
2968 1874 3307 1944 Byzantium
3338 1872 3569 1927 exsules
3600 1889 3726 1945 per-

2078 1963 2582 2027 venerunt,Leone
2608 1979 2816 2034 magno
2836 1968 2958 2016 tum
2984 1965 3383 2017 Romanorum
3408 1961 3723 2033 imperium

2077 2058 2338 2123 gerente.
2369 2052 2422 2106 Is
2444 2053 2598 2105 viros
2628 2052 2773 2106 istos
2797 2051 3046 2122 excepit,
3063 2051 3504 2120 honoribusque
3529 2049 3721 2122 dignis

2078 2141 2343 2197 afﬁciens
2391 2141 2818 2196 habitationem
2869 2141 2928 2194 in
2960 2141 3103 2195 urbe
3152 2141 3223 2194 iis
3273 2139 3722 2194 convenientem

2079 2230 2419 2302 assignavit.
2472 2231 2784 2284 Persarum
2832 2246 2934 2282 rex
2985 2234 3218 2301 cognita
3266 2229 3376 2283 hac
3426 2245 3488 2282 re
3535 2227 3734 2282 missis

2079 2317 2296 2372 litteris
2329 2336 2428 2373 eos
2460 2318 2768 2380 revocavit,
2791 2317 3202 2371 restituturum
3237 2332 3296 2370 se
3330 2317 3387 2368 in
3419 2319 3735 2385 paternum

2083 2422 2336 2475 regnum
2387 2406 2761 2482 promittens.
2800 2411 2944 2458 Dum
2997 2405 3055 2457 hi
3109 2404 3322 2457 litteris
3367 2402 3438 2455 iis
3477 2401 3735 2470 acceptis

2087 2493 2230 2566 quid
2263 2495 2414 2548 facto
2467 2511 2611 2548 usus
2664 2494 2740 2547 sit
2790 2493 3144 2558 deliberant,
3178 2491 3418 2562 quidam
3471 2491 3732 2559 ipsorum

2087 2585 2346 2639 famulus
2383 2590 2568 2638 totum
2601 2583 2902 2655 negotium
2936 2581 3196 2653 exponit,
3230 2579 3550 2634 ostendens
3580 2595 3736 2632 erro-

2087 2691 2193 2726 nes
2225 2673 2334 2727 hos
2387 2680 2563 2742 atque
2595 2672 2850 2727 advenas
2901 2688 3029 2726 esse
3061 2688 3134 2726 ex
3179 2668 3593 2723 illustrissimis
3625 2668 3733 2719 ho-

2085 2761 2368 2816 minibus.
2405 2763 2605 2830 Itaque
2662 2762 2770 2814 Leo
2805 2777 2904 2814 eos
2944 2776 3078 2813 cum
3127 2757 3408 2812 uxoribus
3441 2762 3498 2808 et
3529 2753 3733 2808 liberis

2081 2851 2281 2906 Nicam
2334 2849 2637 2919 (oppidum
2699 2854 2789 2902 est
2837 2847 2946 2902 hoc
3005 2846 3383 2913 Macedoniae)
3430 2845 3729 2898 transfert.

2084 2941 2334 2995 Rursum
2352 2945 2554 3008 postea
2570 2939 2878 2991 Persarum
2898 2953 3078 3009 regno
3092 2953 3125 2990 a
3143 2934 3480 2991 Sarracenis
3504 2949 3726 2999 everso,

2085 3028 2212 3100 ejus
2247 3027 2526 3098 temporis
2558 3041 2997 3080 amermumnes
3025 3025 3229 3078 itidem
3262 3021 3476 3076 litteris
3506 3021 3733 3076 Arsaci-

2083 3117 2188 3171 das
2220 3116 2280 3170 in
2333 3114 2670 3169 Macedonia
2718 3113 2994 3185 degentes
3042 3112 3349 3167 revocavit.
3385 3109 3549 3174 Quod
3591 3125 3726 3164 cum

2084 3204 2389 3261 Heraclius
2415 3209 2535 3259 tum
2560 3206 2883 3275 imperator
2903 3201 3414 3274 deprehendisset,
3439 3198 3730 3269 intellige-

2085 3302 2291 3369 retqne
2325 3311 2457 3348 eum
2491 3311 2609 3348 non
2641 3293 3054 3348 benevolentia
3085 3290 3409 3362 impulsum
3441 3289 3600 3359 ipsos
3631 3303 3729 3342 ac-

2083 3398 2335 3450 cersere,
2369 3382 2470 3436 sed
2507 3381 2662 3452 quod
2695 3385 2960 3452 speraret
2990 3395 3195 3435 eorum
3221 3395 3401 3449 opera
3432 3391 3493 3430 se
3523 3377 3729 3430 Arme-

2084 3474 2214 3528 nios
2235 3471 2390 3526 984
2407 3488 2580 3543 posse
2605 3477 2661 3524 et
2683 3470 2930 3524 Parthos
2950 3468 3061 3523 sibi
3085 3467 3399 3538 subjicere,
3430 3465 3731 3536 Philippos

2080 3562 2244 3631 (urbs
2277 3568 2334 3615 et
2362 3561 2488 3616 haec
2511 3569 2600 3616 est
2622 3560 2998 3628 Macedoniae)
3021 3575 3121 3612 eos
3146 3561 3530 3627 transportat,
3554 3560 3730 3623 atque

2083 3651 2219 3705 inde
2252 3649 2696 3720 Adrianopolin.
2734 3649 2842 3712 Qui
2876 3649 3039 3702 locus
3088 3663 3220 3700 cum
3258 3645 3404 3715 ipsis
3447 3648 3732 3712 opportu-

2082 3755 2192 3794 nus
2219 3737 2536 3803 videretur,
2570 3743 2860 3792 auxerunt
2890 3736 2969 3790 ibi
3003 3750 3086 3802 se,
3113 3750 3301 3805 genus
3330 3748 3502 3786 suum
3534 3745 3731 3784 secre-

2080 3831 2207 3882 tum
2241 3826 2312 3881 ab
2359 3825 2491 3881 aliis
2543 3833 2865 3880 servantes.
2900 3823 3219 3892 Aliquanto
3267 3826 3399 3891 post
3437 3826 3724 3889 tempore,

2082 3915 2468 3971 Constantino
2495 3931 2626 3970 cum
2662 3918 2848 3968 matre
2896 3913 3066 3966 Irena
3111 3910 3431 3980 imperium
3461 3911 3726 3977 gerente,

2082 4005 2391 4060 Arsacides
2421 4003 2660 4076 quidam
2686 4003 2928 4056 nomine
2961 4001 3195 4055 Maictes
3215 3997 3586 4054 necessitatis
3606 4013 3726 4051 sua;

2083 4111 2260 4150 causa
2291 4093 2497 4165 Cpolin
2530 4092 2706 4160 venit,
2751 4090 3077 4160 inciditque
3126 4089 3187 4143 in
3241 4086 3522 4160 gentilem
3553 4101 3727 4142 suum

2085 4185 2362 4243 Leonem,
2395 4188 2452 4236 et
2501 4180 2897 4236 arctissimam
2947 4194 3082 4234 cum
3115 4194 3182 4232 eo
3236 4176 3558 4231 amicitiam
3587 4191 3730 4228 con-

2084 4273 2283 4328 traxit.
2319 4272 2426 4338 Qui
2461 4287 2586 4327 cum
2616 4271 2808 4343 ipsum
2857 4265 3239 4339 Adrianopoli
3289 4265 3531 4336 quidem
3562 4263 3731 4318 habi-

2084 4367 2229 4431 tare,
2250 4378 2436 4434 genus
2459 4367 2656 4416 autem
2681 4359 2750 4415 ab
2776 4358 3071 4414 Arsacidis
3091 4357 3329 4413 trahere
3352 4353 3732 4426 intelligeret,

2084 4453 2343 4508 alienum
2369 4451 2556 4506 solum
2581 4449 2785 4522 patrias
2805 4449 2877 4503 ob
2901 4447 3006 4502 viri
3024 4445 3428 4519 praestantiam
3449 4442 3732 4516 praetulit,

2083 4557 2382 4611 unamque
2417 4556 2487 4594 ex
2533 4539 2661 4610 ejus
2711 4537 2945 4592 ﬁliabus
2989 4551 3235 4591 uxorem
3285 4534 3470 4589 duxit.
3505 4533 3624 4588 Hoc
3663 4548 3734 4587 ex

329 4622 393 4676 16
424 4628 532 4678 τῶν
565 4620 903 4698 Ἀρσακιδῶν
937 4623 1214 4698 ἀναφέρων
1243 4619 1420 4698 γένος,
1450 4623 1584 4678 κατά
1612 4645 1731 4678 τινα
1790 4623 1975 4699 χρείαν

2089 4630 2362 4701 conjugio
2383 4634 2558 4684 natus
2582 4632 2672 4683 est
2693 4625 2886 4682 Basilii
2909 4630 3097 4697 pater,
3131 4624 3351 4679 viribus
3384 4628 3443 4678 et
3472 4621 3736 4694 corporis

334 4711 608 4785 εἶσῂειεΐς
639 4713 738 4781 τὴν
787 4712 1196 4788 βασιλεύουσαν,
1258 4715 1340 4786 [Ρ.
1405 4713 1529 4786 558]
1571 4713 1630 4773 ὅς
1685 4710 1837 4788 ἀνδρὶ
1885 4734 1981 4768 πε-

337 4803 644 4878 ριτυγχάνει
714 4803 958 4882 τυχαίως
1017 4805 1271 4877 ὁμογενεῖ
1330 4804 1523 4858 Λέοντι
1573 4803 1839 4880 τοϐνομα,
1892 4801 1984 4859 καί

337 4889 415 4951 εἷς
445 4890 670 4963 ὁμιλίαν
730 4892 880 4964 αὖτῷ
937 4891 1202 4955 καταστάς
1242 4890 1371 4952 ὅλος
1425 4898 1524 4960 τῆς
1560 4890 1759 4946 τούτου
1797 4889 1981 4959 φιλίας

338 4976 566 5055 ἐγένετο.
600 4980 684 5041 Ὡς
721 4975 780 5033 δὲ
822 4979 1114 5051 κατενόησε
1169 4979 1258 5035 καὶ
1315 4979 1475 5035 αὐτὸν
1533 4984 1629 5034 τοῦ
1684 4986 1792 5035 τῶν
1849 4983 1980 5057 Ἀρ-

337 5065 574 5122 σακιδῶν
603 5064 832 5140 αἳματος
881 5072 1040 5141 εἶναι,
1101 5067 1152 5123 ἓν
1214 5066 1661 5144 Ἀδριανουπόλει
1711 5068 1979 5142 οἰκοῦντα,

2090 4718 2296 4773 habitu
2344 4723 2671 4790 praestans;
2716 4716 2810 4772 cui
2857 4713 3079 4771 nobilis
3122 4712 3394 4785 quaedam
3439 4717 3732 4780 matrona,

2091 4825 2220 4878 quae
2265 4825 2299 4864 a
2345 4825 2558 4881 magno
2606 4806 2992 4862 Constantino
3039 4804 3268 4860 natales
3321 4819 3460 4858 suos
3499 4801 3734 4856 trahere

2091 4895 2460 4958 credebatur.
2520 4895 2703 4952 filiam
2774 4911 2940 4951 suam
3010 4893 3180 4966 longe
3238 4890 3733 4948 formosissimam

2091 4992 2343 5058 nuptum
2391 4986 2651 5042 tradidit.
2705 4986 2804 5040 His
2852 4983 3196 5056 parentibus
3243 4986 3416 5036 natus
3463 4976 3734 5045 Basilius,

2093 5081 2412 5147 antequam
2434 5079 2798 5141 nasceretur,
2821 5073 3009 5128 multa
3028 5071 3237 5126 habuit
3261 5065 3532 5140 potiundi
3556 5065 3738 5134 impe-

1531 5222 1899 5280 XYLANDRI
1935 5227 2024 5281 ET
2060 5227 2277 5284 GOARI
2316 5229 2536 5284 NOTAE.

407 5366 590 5432 Quale
647 5365 946 5442 poculum
987 5369 1065 5442 sit
1106 5368 1645 5442 __discopoterium,
1715 5386 1840 5442 non
1895 5387 1985 5430 es-

334 5455 556 5511 sequor
587 5443 778 5511 certo.
801 5439 951 5503 Quid
982 5439 1060 5511 sit
1090 5437 1476 5508 discus,alibi
1496 5445 1586 5494 est
1606 5439 1983 5511 explicatum.

332 5512 403 5584 Et
426 5509 822 5581 ’polycandela
854 5510 1125 5584 suspicor
1148 5528 1276 5584 esse
1303 5517 1642 5584 corruptam
1667 5509 1736 5584 ex
1758 5512 1988 5568 semila-

333 5579 461 5636 tina
489 5579 712 5646 vocem,
748 5586 813 5636 ut
844 5579 973 5636 sint
993 5579 1384 5652 πολυκάνδηλα
1417 5579 1773 5638 candelabra
1831 5584 1990 5639 mul-

331 5659 428 5710 tas
483 5653 838 5724 recipientia
891 5653 1191 5712 candelas.
1248 5656 1374 5720 Qua
1419 5655 1764 5725 conjectura
1817 5655 1988 5714 facile

334 5725 530 5798 patiar
551 5725 781 5781 ﬁrmius
799 5725 1027 5797 aliquid
1039 5727 1358 5781 monstrari
1376 5727 1512 5781 Χη.
1528 5757 1586 5767 -
1612 5728 1806 5782 Discus
1822 5744 1988 5798 repo-

2098 5371 2296 5430 nenda
2326 5371 2465 5443 pani
2498 5368 2888 5443 eucharistico
2941 5371 3000 5443 et
3029 5365 3179 5443 calig:
3216 5366 3349 5422 vino
3394 5367 3738 5421 consecrato

2097 5437 2436 5522 recipiendo
2449 5487 2459 5506 ,
2474 5447 2631 5522 _sun_t
2659 5437 3099 5522 δισκοποτήριον.
3133 5439 3310 5522 Bosa.

2167 5505 2279 5584 (69)
2309 5515 2389 5568 Ex
2433 5512 2701 5584 pluribus
2751 5505 3092 5584 auctoribus
3142 5509 3201 5584 in
3248 5505 3744 5584 Euchologio_ad-

2096 5576 2289 5642 ductis
2321 5576 2542 5660 ιδερόῃο
2570 5577 2986 5660 πολυκάνδῃλα.
3020 5580 3240 5660 Funa_le
3287 5580 3468 5660 variis
3510 5576 3743 5660 lychnis

2096 5649 2403 5723 ornatum,
2414 5673 2444 5713 e
2467 5654 2730 5726 laqueari
2749 5653 3014 5726 ecclesiae
3032 5652 3303 5724 pemdens
3324 5669 3394 5710 ac
3413 5649 3740 5710 luminibus

2097 5745 2226 5783 eam
2257 5733 2441 5783 totam
2472 5723 2798 5782 illustrans.
2835 5723 3007 5780 Gn“.
