  <div class='ocr_page' id='page_1' title='image "/cluster/home/n/w/nwhite01/storage/ocr_20150623/121/mdp.39015078384289/543.png"; bbox 0 0 4054 6286; ppageno 0'>
   <div class='ocr_carea' id='block_1_1' title="bbox 444 348 596 412">
    <p class='ocr_par' dir='ltr' id='par_1_1' title="bbox 444 348 596 412">
     <span class='ocr_line' id='line_1_1' title="bbox 444 348 596 412; baseline 0.013 -2"><span class='ocrx_word' id='word_1_1' title='bbox 444 348 596 412; x_wconf 78' lang='lat' dir='ltr'>lO&#39;ll</span> 
     </span>
    </p>
   </div>
   <div class='ocr_carea' id='block_1_2' title="bbox 1804 343 2526 410">
    <p class='ocr_par' dir='ltr' id='par_1_2' title="bbox 1804 343 2526 410">
     <span class='ocr_line' id='line_1_2' title="bbox 1804 343 2526 410; baseline 0.008 -6"><span class='ocrx_word' id='word_1_2' title='bbox 1804 343 2128 405; x_wconf 81' lang='lat' dir='ltr'>GEORGII</span> <span class='ocrx_word' id='word_1_3' title='bbox 2170 344 2526 410; x_wconf 84' lang='lat' dir='ltr'>GEDRENI</span> 
     </span>
    </p>
   </div>
   <div class='ocr_carea' id='block_1_3' title="bbox 3669 358 3806 418">
    <p class='ocr_par' dir='ltr' id='par_1_3' title="bbox 3669 358 3806 418">
     <span class='ocr_line' id='line_1_3' title="bbox 3669 358 3806 418; baseline 0.015 -2"><span class='ocrx_word' id='word_1_4' title='bbox 3669 358 3806 418; x_wconf 76' lang='lat'><strong>1072</strong></span> 
     </span>
    </p>
   </div>
   <div class='ocr_carea' id='block_1_4' title="bbox 438 478 2092 564">
    <p class='ocr_par' dir='ltr' id='par_1_4' title="bbox 438 479 2089 559">
     <span class='ocr_line' id='line_1_4' title="bbox 438 479 2089 559; baseline -0.005 -18"><span class='ocrx_word' id='word_1_5' title='bbox 438 487 514 541; x_wconf 88' lang='lat' dir='ltr'>rii</span> <span class='ocrx_word' id='word_1_6' title='bbox 547 486 734 559; x_wconf 89' lang='lat' dir='ltr'>signa,</span> <span class='ocrx_word' id='word_1_7' title='bbox 767 488 972 555; x_wconf 85' lang='lat' dir='ltr'>estque</span> <span class='ocrx_word' id='word_1_8' title='bbox 1005 482 1333 538; x_wconf 81' lang='lat' dir='ltr'>liberaliter</span> <span class='ocrx_word' id='word_1_9' title='bbox 1379 479 1684 536; x_wconf 82' lang='lat' dir='ltr'>educatus.</span> <span class='ocrx_word' id='word_1_10' title='bbox 1717 479 1840 543; x_wconf 88' lang='lat' dir='ltr'>Quo</span> <span class='ocrx_word' id='word_1_11' title='bbox 1891 482 2089 533; x_wconf 89' lang='lat' dir='ltr'>autem</span> 
     </span>
    </p>
   </div>
   <div class='ocr_carea' id='block_1_5' title="bbox 2199 478 3813 564">
    <p class='ocr_par' dir='ltr' id='par_1_5' title="bbox 2203 478 3813 564">
     <span class='ocr_line' id='line_1_5' title="bbox 2203 478 3813 564; baseline 0.008 -33"><span class='ocrx_word' id='word_1_12' title='bbox 2203 478 2479 564; x_wconf 83' lang='grc' dir='ltr'>προκρίνει</span> <span class='ocrx_word' id='word_1_13' title='bbox 2508 487 2610 552; x_wconf 78' lang='grc' dir='ltr'>τῆς</span> <span class='ocrx_word' id='word_1_14' title='bbox 2643 479 2784 544; x_wconf 74' lang='grc' dir='ltr'>ἲδίας</span> <span class='ocrx_word' id='word_1_15' title='bbox 2817 483 2912 552; x_wconf 83' lang='grc' dir='ltr'>τὴν</span> <span class='ocrx_word' id='word_1_16' title='bbox 2946 481 3244 560; x_wconf 77' lang='grc' dir='ltr'>ἀλλοτρίαν</span> <span class='ocrx_word' id='word_1_17' title='bbox 3279 482 3366 540; x_wconf 80' lang='grc' dir='ltr'>διὰ</span> <span class='ocrx_word' id='word_1_18' title='bbox 3395 486 3493 556; x_wconf 74' lang='grc' dir='ltr'>τήν</span> <span class='ocrx_word' id='word_1_19' title='bbox 3521 507 3612 542; x_wconf 87' lang='grc' dir='ltr'>του</span> <span class='ocrx_word' id='word_1_20' title='bbox 3640 487 3813 564; x_wconf 83' lang='grc' dir='ltr'>ἀνδρὸς</span> 
     </span>
    </p>
   </div>
   <div class='ocr_carea' id='block_1_6' title="bbox 447 566 2095 646">
    <p class='ocr_par' dir='ltr' id='par_1_6' title="bbox 447 566 2095 646">
     <span class='ocr_line' id='line_1_6' title="bbox 447 566 2095 646; baseline -0.007 -16"><span class='ocrx_word' id='word_1_21' title='bbox 447 581 713 646; x_wconf 89' lang='lat' dir='ltr'>tempore</span> <span class='ocrx_word' id='word_1_22' title='bbox 759 575 1009 628; x_wconf 90' lang='lat' dir='ltr'>Crumus</span> <span class='ocrx_word' id='word_1_23' title='bbox 1059 571 1444 644; x_wconf 83' lang='lat' dir='ltr'>Bulgarorum</span> <span class='ocrx_word' id='word_1_24' title='bbox 1494 569 1795 640; x_wconf 86' lang='lat' dir='ltr'>princeps,</span> <span class='ocrx_word' id='word_1_25' title='bbox 1839 566 2095 620; x_wconf 79' lang='lat' dir='ltr'>victoriis</span> 
     </span>
    </p>
   </div>
   <div class='ocr_carea' id='block_1_7' title="bbox 444 655 2094 734">
    <p class='ocr_par' dir='ltr' id='par_1_7' title="bbox 444 655 2094 734">
     <span class='ocr_line' id='line_1_7' title="bbox 444 655 2094 734; baseline -0.007 -15"><span class='ocrx_word' id='word_1_26' title='bbox 444 680 592 734; x_wconf 88' lang='lat' dir='ltr'>quas</span> <span class='ocrx_word' id='word_1_27' title='bbox 625 679 660 718; x_wconf 88' lang='lat' dir='ltr'>a</span> <span class='ocrx_word' id='word_1_28' title='bbox 688 663 969 717; x_wconf 82' lang='lat' dir='ltr'>Romanis</span> <span class='ocrx_word' id='word_1_29' title='bbox 1001 665 1400 732; x_wconf 82' lang='lat' dir='ltr'>reportaverat</span> <span class='ocrx_word' id='word_1_30' title='bbox 1429 658 1690 720; x_wconf 85' lang='lat' dir='ltr'>inﬂatus,</span> <span class='ocrx_word' id='word_1_31' title='bbox 1723 671 1937 727; x_wconf 86' lang='lat' dir='ltr'>magna</span> <span class='ocrx_word' id='word_1_32' title='bbox 1968 655 2094 709; x_wconf 87' lang='lat' dir='ltr'>col-</span> 
     </span>
    </p>
   </div>
   <div class='ocr_carea' id='block_1_8' title="bbox 445 746 2097 821">
    <p class='ocr_par' dir='ltr' id='par_1_8' title="bbox 445 746 2097 821">
     <span class='ocr_line' id='line_1_8' title="bbox 445 746 2097 821; baseline -0.007 -13"><span class='ocrx_word' id='word_1_33' title='bbox 445 753 600 808; x_wconf 94' lang='lat' dir='ltr'>lecto</span> <span class='ocrx_word' id='word_1_34' title='bbox 662 752 928 807; x_wconf 83' lang='lat' dir='ltr'>exercitu</span> <span class='ocrx_word' id='word_1_35' title='bbox 979 749 1406 821; x_wconf 82' lang='lat' dir='ltr'>AdrianOpolin</span> <span class='ocrx_word' id='word_1_36' title='bbox 1481 746 1738 815; x_wconf 87' lang='lat' dir='ltr'>obsedit,</span> <span class='ocrx_word' id='word_1_37' title='bbox 1790 749 2097 814; x_wconf 89' lang='lat' dir='ltr'>tractaque</span> 
     </span>
    </p>
   </div>
   <div class='ocr_carea' id='block_1_9' title="bbox 444 834 2093 913">
    <p class='ocr_par' dir='ltr' id='par_1_9' title="bbox 444 834 2093 913">
     <span class='ocr_line' id='line_1_9' title="bbox 444 834 2093 913; baseline -0.007 -15"><span class='ocrx_word' id='word_1_38' title='bbox 444 842 794 913; x_wconf 83' lang='lat' dir='ltr'>aliquandiu</span> <span class='ocrx_word' id='word_1_39' title='bbox 825 840 1157 908; x_wconf 89' lang='lat' dir='ltr'>obsidione,</span> <span class='ocrx_word' id='word_1_40' title='bbox 1192 855 1326 894; x_wconf 91' lang='lat' dir='ltr'>cum</span> <span class='ocrx_word' id='word_1_41' title='bbox 1359 837 1431 891; x_wconf 93' lang='lat' dir='ltr'>ob</span> <span class='ocrx_word' id='word_1_42' title='bbox 1481 853 1575 890; x_wconf 89' lang='lat' dir='ltr'>res</span> <span class='ocrx_word' id='word_1_43' title='bbox 1607 834 1898 890; x_wconf 90' lang='lat' dir='ltr'>secundas</span> <span class='ocrx_word' id='word_1_44' title='bbox 1931 834 2093 888; x_wconf 86' lang='lat' dir='ltr'><strong>insu-</strong></span> 
     </span>
    </p>
   </div>
   <div class='ocr_carea' id='block_1_10' title="bbox 437 923 2095 1004">
    <p class='ocr_par' dir='ltr' id='par_1_10' title="bbox 437 923 2095 1004">
     <span class='ocr_line' id='line_1_10' title="bbox 437 923 2095 1004; baseline -0.007 -18"><span class='ocrx_word' id='word_1_45' title='bbox 437 931 721 1004; x_wconf 72' lang='lat' dir='ltr'>parabilis</span> <span class='ocrx_word' id='word_1_46' title='bbox 741 931 1042 986; x_wconf 82' lang='lat' dir='ltr'>videretur</span> <span class='ocrx_word' id='word_1_47' title='bbox 1062 945 1256 999; x_wconf 91' lang='lat' dir='ltr'>neque</span> <span class='ocrx_word' id='word_1_48' title='bbox 1281 928 1597 998; x_wconf 87' lang='lat' dir='ltr'><strong>quisquam</strong></span> <span class='ocrx_word' id='word_1_49' title='bbox 1630 941 1692 978; x_wconf 91' lang='lat' dir='ltr'>se</span> <span class='ocrx_word' id='word_1_50' title='bbox 1718 923 1770 977; x_wconf 91' lang='lat' dir='ltr'>ei</span> <span class='ocrx_word' id='word_1_51' title='bbox 1795 938 2095 994; x_wconf 89' lang='lat' dir='ltr'>opponere</span> 
     </span>
    </p>
   </div>
   <div class='ocr_carea' id='block_1_11' title="bbox 443 1010 2090 1087">
    <p class='ocr_par' dir='ltr' id='par_1_11' title="bbox 443 1010 2090 1087">
     <span class='ocr_line' id='line_1_11' title="bbox 443 1010 2090 1087; baseline -0.007 -12"><span class='ocrx_word' id='word_1_52' title='bbox 443 1021 710 1087; x_wconf 84' lang='lat' dir='ltr'>auderet,</span> <span class='ocrx_word' id='word_1_53' title='bbox 745 1036 877 1075; x_wconf 88' lang='lat' dir='ltr'>eam</span> <span class='ocrx_word' id='word_1_54' title='bbox 909 1017 1262 1074; x_wconf 88' lang='lat' dir='ltr'>necessariis</span> <span class='ocrx_word' id='word_1_55' title='bbox 1292 1016 1471 1070; x_wconf 90' lang='lat' dir='ltr'>rebus</span> <span class='ocrx_word' id='word_1_56' title='bbox 1503 1010 1915 1067; x_wconf 79' lang='lat' dir='ltr'>deficientibus</span> <span class='ocrx_word' id='word_1_57' title='bbox 1940 1011 2090 1065; x_wconf 78' lang='lat'>985</span> 
     </span>
    </p>
   </div>
   <div class='ocr_carea' id='block_1_12' title="bbox 438 1099 2093 1179">
    <p class='ocr_par' dir='ltr' id='par_1_12' title="bbox 438 1099 2093 1179">
     <span class='ocr_line' id='line_1_12' title="bbox 438 1099 2093 1179; baseline -0.007 -14"><span class='ocrx_word' id='word_1_58' title='bbox 438 1109 742 1165; x_wconf 89' lang='lat' dir='ltr'>deditione</span> <span class='ocrx_word' id='word_1_59' title='bbox 769 1109 948 1179; x_wconf 87' lang='lat' dir='ltr'>cepit,</span> <span class='ocrx_word' id='word_1_60' title='bbox 991 1121 1318 1176; x_wconf 91' lang='lat' dir='ltr'>omnesque</span> <span class='ocrx_word' id='word_1_61' title='bbox 1365 1104 1426 1157; x_wconf 92' lang='lat' dir='ltr'>in</span> <span class='ocrx_word' id='word_1_62' title='bbox 1475 1119 1545 1157; x_wconf 89' lang='lat' dir='ltr'><strong>ea</strong></span> <span class='ocrx_word' id='word_1_63' title='bbox 1575 1102 1676 1172; x_wconf 90' lang='lat' dir='ltr'>qui</span> <span class='ocrx_word' id='word_1_64' title='bbox 1725 1105 1896 1155; x_wconf 90' lang='lat' dir='ltr'>erant</span> <span class='ocrx_word' id='word_1_65' title='bbox 1925 1099 2093 1166; x_wconf 89' lang='lat' dir='ltr'>urbe,</span> 
     </span>
    </p>
   </div>
   <div class='ocr_carea' id='block_1_13' title="bbox 444 1188 2096 1268">
    <p class='ocr_par' dir='ltr' id='par_1_13' title="bbox 444 1188 2096 1268">
     <span class='ocr_line' id='line_1_13' title="bbox 444 1188 2096 1268; baseline -0.007 -16"><span class='ocrx_word' id='word_1_66' title='bbox 444 1198 606 1252; x_wconf 91' lang='lat' dir='ltr'>inter</span> <span class='ocrx_word' id='word_1_67' title='bbox 633 1215 781 1268; x_wconf 92' lang='lat' dir='ltr'>quos</span> <span class='ocrx_word' id='word_1_68' title='bbox 812 1197 992 1251; x_wconf 89' lang='lat' dir='ltr'>etiam</span> <span class='ocrx_word' id='word_1_69' title='bbox 1019 1193 1328 1251; x_wconf 87' lang='lat' dir='ltr'>Manuelus</span> <span class='ocrx_word' id='word_1_70' title='bbox 1358 1192 1469 1247; x_wconf 88' lang='lat' dir='ltr'>fuit</span> <span class='ocrx_word' id='word_1_71' title='bbox 1499 1192 1831 1262; x_wconf 89' lang='lat' dir='ltr'>episcopus,</span> <span class='ocrx_word' id='word_1_72' title='bbox 1867 1189 1928 1243; x_wconf 90' lang='lat' dir='ltr'><strong>in</strong></span> <span class='ocrx_word' id='word_1_73' title='bbox 1962 1188 2096 1242; x_wconf 92' lang='lat' dir='ltr'>Bul-</span> 
     </span>
    </p>
   </div>
   <div class='ocr_carea' id='block_1_14' title="bbox 445 1282 2094 1359">
    <p class='ocr_par' dir='ltr' id='par_1_14' title="bbox 445 1282 2094 1359">
     <span class='ocr_line' id='line_1_14' title="bbox 445 1282 2094 1359; baseline -0.007 -17"><span class='ocrx_word' id='word_1_74' title='bbox 445 1287 671 1359; x_wconf 83' lang='lat' dir='ltr'>gariam</span> <span class='ocrx_word' id='word_1_75' title='bbox 711 1285 1060 1358; x_wconf 86' lang='lat' dir='ltr'>deportavit,</span> <span class='ocrx_word' id='word_1_76' title='bbox 1107 1282 1309 1338; x_wconf 88' lang='lat' dir='ltr'>Basilii</span> <span class='ocrx_word' id='word_1_77' title='bbox 1359 1297 1594 1351; x_wconf 89' lang='lat' dir='ltr'>quoque</span> <span class='ocrx_word' id='word_1_78' title='bbox 1644 1283 1919 1350; x_wconf 90' lang='lat' dir='ltr'>parentes</span> <span class='ocrx_word' id='word_1_79' title='bbox 1961 1295 2094 1333; x_wconf 92' lang='lat' dir='ltr'>cum</span> 
     </span>
    </p>
   </div>
   <div class='ocr_carea' id='block_1_15' title="bbox 441 1367 2098 1441">
    <p class='ocr_par' dir='ltr' id='par_1_15' title="bbox 441 1367 2098 1441">
     <span class='ocr_line' id='line_1_15' title="bbox 441 1367 2098 1441; baseline -0.006 -10"><span class='ocrx_word' id='word_1_80' title='bbox 441 1376 662 1431; x_wconf 89' lang='lat' dir='ltr'>Basilio</span> <span class='ocrx_word' id='word_1_81' title='bbox 711 1376 902 1430; x_wconf 92' lang='lat' dir='ltr'>adhuc</span> <span class='ocrx_word' id='word_1_82' title='bbox 955 1374 1214 1428; x_wconf 90' lang='lat' dir='ltr'>lactente</span> <span class='ocrx_word' id='word_1_83' title='bbox 1265 1388 1333 1425; x_wconf 94' lang='lat' dir='ltr'>eo</span> <span class='ocrx_word' id='word_1_84' title='bbox 1379 1369 1864 1441; x_wconf 79' lang='lat' dir='ltr'>commigrarunt.</span> <span class='ocrx_word' id='word_1_85' title='bbox 1911 1367 1995 1422; x_wconf 91' lang='lat' dir='ltr'>lbi</span> <span class='ocrx_word' id='word_1_86' title='bbox 2039 1373 2098 1421; x_wconf 91' lang='lat' dir='ltr'>et</span> 
     </span>
    </p>
   </div>
   <div class='ocr_carea' id='block_1_16' title="bbox 438 1454 2097 1534">
    <p class='ocr_par' dir='ltr' id='par_1_16' title="bbox 438 1454 2097 1534">
     <span class='ocr_line' id='line_1_16' title="bbox 438 1454 2097 1534; baseline -0.004 -16"><span class='ocrx_word' id='word_1_87' title='bbox 438 1464 698 1534; x_wconf 83' lang='lat' dir='ltr'>inclytus</span> <span class='ocrx_word' id='word_1_88' title='bbox 720 1464 816 1518; x_wconf 91' lang='lat' dir='ltr'>ille</span> <span class='ocrx_word' id='word_1_89' title='bbox 840 1454 1154 1534; x_wconf 84' lang='lat' dir='ltr'>episcopus</span> <span class='ocrx_word' id='word_1_90' title='bbox 1178 1467 1235 1515; x_wconf 90' lang='lat' dir='ltr'>et</span> <span class='ocrx_word' id='word_1_91' title='bbox 1259 1459 1459 1514; x_wconf 88' lang='lat' dir='ltr'>Basilii</span> <span class='ocrx_word' id='word_1_92' title='bbox 1483 1463 1760 1530; x_wconf 89' lang='lat' dir='ltr'>parentes</span> <span class='ocrx_word' id='word_1_93' title='bbox 1783 1463 1841 1512; x_wconf 93' lang='lat' dir='ltr'>et</span> <span class='ocrx_word' id='word_1_94' title='bbox 1863 1457 2097 1526; x_wconf 88' lang='lat' dir='ltr'>reliqua</span> 
     </span>
    </p>
   </div>
   <div class='ocr_carea' id='block_1_17' title="bbox 441 1548 2093 1625">
    <p class='ocr_par' dir='ltr' id='par_1_17' title="bbox 441 1548 2093 1625">
     <span class='ocr_line' id='line_1_17' title="bbox 441 1548 2093 1625; baseline -0.007 -15"><span class='ocrx_word' id='word_1_95' title='bbox 441 1571 578 1610; x_wconf 86' lang='lat' dir='ltr'>cum</span> <span class='ocrx_word' id='word_1_96' title='bbox 611 1555 886 1625; x_wconf 88' lang='lat' dir='ltr'>episcopo</span> <span class='ocrx_word' id='word_1_97' title='bbox 921 1552 1094 1607; x_wconf 90' lang='lat' dir='ltr'>turba</span> <span class='ocrx_word' id='word_1_98' title='bbox 1133 1549 1313 1605; x_wconf 78' lang='lat' dir='ltr'>fidem</span> <span class='ocrx_word' id='word_1_99' title='bbox 1359 1549 1420 1603; x_wconf 93' lang='lat' dir='ltr'>in</span> <span class='ocrx_word' id='word_1_100' title='bbox 1469 1549 1768 1602; x_wconf 88' lang='lat' dir='ltr'>Christum</span> <span class='ocrx_word' id='word_1_101' title='bbox 1799 1548 2093 1601; x_wconf 77' lang='lat' dir='ltr'>sinceram</span> 
     </span>
    </p>
   </div>
   <div class='ocr_carea' id='block_1_18' title="bbox 441 1634 2094 1713">
    <p class='ocr_par' dir='ltr' id='par_1_18' title="bbox 441 1634 2094 1713">
     <span class='ocr_line' id='line_1_18' title="bbox 441 1634 2094 1713; baseline -0.007 -15"><span class='ocrx_word' id='word_1_102' title='bbox 441 1647 881 1709; x_wconf 86' lang='lat' dir='ltr'>conservantes,</span> <span class='ocrx_word' id='word_1_103' title='bbox 915 1641 1300 1713; x_wconf 87' lang='lat' dir='ltr'>Bulgarorum</span> <span class='ocrx_word' id='word_1_104' title='bbox 1349 1638 1571 1694; x_wconf 91' lang='lat' dir='ltr'>multos</span> <span class='ocrx_word' id='word_1_105' title='bbox 1602 1638 1676 1692; x_wconf 91' lang='lat' dir='ltr'>ad</span> <span class='ocrx_word' id='word_1_106' title='bbox 1729 1653 1924 1691; x_wconf 86' lang='lat' dir='ltr'>veram</span> <span class='ocrx_word' id='word_1_107' title='bbox 1956 1634 2094 1690; x_wconf 89' lang='lat' dir='ltr'>reli-</span> 
     </span>
    </p>
   </div>
   <div class='ocr_carea' id='block_1_19' title="bbox 441 1724 2098 1805">
    <p class='ocr_par' dir='ltr' id='par_1_19' title="bbox 441 1724 2098 1805">
     <span class='ocr_line' id='line_1_19' title="bbox 441 1724 2098 1805; baseline -0.005 -19"><span class='ocrx_word' id='word_1_108' title='bbox 441 1733 705 1805; x_wconf 87' lang='lat' dir='ltr'>gionem,</span> <span class='ocrx_word' id='word_1_109' title='bbox 735 1731 894 1802; x_wconf 90' lang='lat' dir='ltr'>quod</span> <span class='ocrx_word' id='word_1_110' title='bbox 955 1739 1094 1786; x_wconf 90' lang='lat' dir='ltr'>ante</span> <span class='ocrx_word' id='word_1_111' title='bbox 1145 1729 1204 1784; x_wconf 91' lang='lat' dir='ltr'>id</span> <span class='ocrx_word' id='word_1_112' title='bbox 1265 1733 1498 1798; x_wconf 87' lang='lat' dir='ltr'>tempus</span> <span class='ocrx_word' id='word_1_113' title='bbox 1548 1742 1856 1796; x_wconf 90' lang='lat' dir='ltr'><strong>nunquam</strong></span> <span class='ocrx_word' id='word_1_114' title='bbox 1904 1724 2098 1780; x_wconf 85' lang='lat' dir='ltr'>fuerat</span> 
     </span>
    </p>
   </div>
   <div class='ocr_carea' id='block_1_20' title="bbox 446 1814 2094 1889">
    <p class='ocr_par' dir='ltr' id='par_1_20' title="bbox 446 1814 2094 1889">
     <span class='ocr_line' id='line_1_20' title="bbox 446 1814 2094 1889; baseline -0.005 -13"><span class='ocrx_word' id='word_1_115' title='bbox 446 1819 690 1888; x_wconf 74' lang='lat' dir='ltr'>factum,</span> <span class='ocrx_word' id='word_1_116' title='bbox 743 1819 1156 1886; x_wconf 83' lang='lat' dir='ltr'>traduxerunt,</span> <span class='ocrx_word' id='word_1_117' title='bbox 1209 1818 1550 1889; x_wconf 88' lang='lat' dir='ltr'>passimque</span> <span class='ocrx_word' id='word_1_118' title='bbox 1608 1833 1716 1886; x_wconf 91' lang='lat' dir='ltr'>per</span> <span class='ocrx_word' id='word_1_119' title='bbox 1763 1814 2094 1886; x_wconf 85' lang='lat' dir='ltr'>Bulgariam</span> 
     </span>
    </p>
   </div>
   <div class='ocr_carea' id='block_1_21' title="bbox 447 1903 2104 1976">
    <p class='ocr_par' dir='ltr' id='par_1_21' title="bbox 447 1903 2104 1976">
     <span class='ocr_line' id='line_1_21' title="bbox 447 1903 2104 1976; baseline -0.004 -12"><span class='ocrx_word' id='word_1_120' title='bbox 447 1909 798 1964; x_wconf 71' lang='lat' dir='ltr'>Christianas</span> <span class='ocrx_word' id='word_1_121' title='bbox 825 1908 1109 1964; x_wconf 64' lang='lat' dir='ltr'>doctrina)</span> <span class='ocrx_word' id='word_1_122' title='bbox 1140 1907 1370 1962; x_wconf 89' lang='lat' dir='ltr'>semina</span> <span class='ocrx_word' id='word_1_123' title='bbox 1409 1906 1707 1976; x_wconf 85' lang='lat' dir='ltr'>jecerunt.</span> <span class='ocrx_word' id='word_1_124' title='bbox 1740 1905 1955 1958; x_wconf 88' lang='lat' dir='ltr'>Crumo</span> <span class='ocrx_word' id='word_1_125' title='bbox 1985 1903 2104 1958; x_wconf 88' lang='lat' dir='ltr'>vita</span> 
     </span>
    </p>
   </div>
   <div class='ocr_carea' id='block_1_22' title="bbox 444 1993 2102 2066">
    <p class='ocr_par' dir='ltr' id='par_1_22' title="bbox 444 1993 2102 2066">
     <span class='ocr_line' id='line_1_22' title="bbox 444 1993 2102 2066; baseline -0.004 -13"><span class='ocrx_word' id='word_1_126' title='bbox 444 1998 726 2052; x_wconf 86' lang='lat' dir='ltr'>defuncto</span> <span class='ocrx_word' id='word_1_127' title='bbox 773 1997 1058 2052; x_wconf 88' lang='lat' dir='ltr'>successit</span> <span class='ocrx_word' id='word_1_128' title='bbox 1104 1996 1456 2066; x_wconf 88' lang='lat' dir='ltr'>Chrytagon,</span> <span class='ocrx_word' id='word_1_129' title='bbox 1508 1993 1681 2065; x_wconf 84' lang='lat' dir='ltr'>longe</span> <span class='ocrx_word' id='word_1_130' title='bbox 1725 1998 2102 2048; x_wconf 90' lang='lat' dir='ltr'>antecessore</span> 
     </span>
    </p>
   </div>
   <div class='ocr_carea' id='block_1_23' title="bbox 444 2082 2098 2154">
    <p class='ocr_par' dir='ltr' id='par_1_23' title="bbox 444 2082 2098 2154">
     <span class='ocr_line' id='line_1_23' title="bbox 444 2082 2098 2154; baseline -0.005 -12"><span class='ocrx_word' id='word_1_131' title='bbox 444 2087 762 2142; x_wconf 91' lang='lat' dir='ltr'>crudelior.</span> <span class='ocrx_word' id='word_1_132' title='bbox 814 2087 918 2142; x_wconf 87' lang='lat' dir='ltr'>Hic</span> <span class='ocrx_word' id='word_1_133' title='bbox 941 2085 1420 2140; x_wconf 90' lang='lat' dir='ltr'>animadvertens</span> <span class='ocrx_word' id='word_1_134' title='bbox 1455 2082 1822 2154; x_wconf 89' lang='lat' dir='ltr'>Bulgaricam</span> <span class='ocrx_word' id='word_1_135' title='bbox 1862 2086 2098 2153; x_wconf 82' lang='lat' dir='ltr'>gentem</span> 
     </span>
    </p>
   </div>
   <div class='ocr_carea' id='block_1_24' title="bbox 431 2170 2099 2250">
    <p class='ocr_par' dir='ltr' id='par_1_24' title="bbox 431 2170 2099 2250">
     <span class='ocr_line' id='line_1_24' title="bbox 431 2170 2099 2250; baseline -0.005 -17"><span class='ocrx_word' id='word_1_136' title='bbox 431 2177 733 2250; x_wconf 76' lang='lat' dir='ltr'>paulatim</span> <span class='ocrx_word' id='word_1_137' title='bbox 764 2175 839 2230; x_wconf 90' lang='lat' dir='ltr'>ad</span> <span class='ocrx_word' id='word_1_138' title='bbox 867 2174 1385 2231; x_wconf 85' lang='lat' dir='ltr'>Christianismum</span> <span class='ocrx_word' id='word_1_139' title='bbox 1417 2171 1768 2238; x_wconf 89' lang='lat' dir='ltr'>desciscere,</span> <span class='ocrx_word' id='word_1_140' title='bbox 1793 2170 2099 2225; x_wconf 83' lang='lat' dir='ltr'>inﬂamato</span> 
     </span>
    </p>
   </div>
   <div class='ocr_carea' id='block_1_25' title="bbox 443 2259 2100 2332">
    <p class='ocr_par' dir='ltr' id='par_1_25' title="bbox 443 2259 2100 2332">
     <span class='ocr_line' id='line_1_25' title="bbox 443 2259 2100 2332; baseline -0.004 -11"><span class='ocrx_word' id='word_1_141' title='bbox 443 2267 518 2321; x_wconf 91' lang='lat' dir='ltr'>ob</span> <span class='ocrx_word' id='word_1_142' title='bbox 550 2283 682 2322; x_wconf 90' lang='lat' dir='ltr'>eam</span> <span class='ocrx_word' id='word_1_143' title='bbox 715 2281 842 2320; x_wconf 90' lang='lat' dir='ltr'>rem</span> <span class='ocrx_word' id='word_1_144' title='bbox 874 2265 1098 2330; x_wconf 89' lang='lat' dir='ltr'>animo,</span> <span class='ocrx_word' id='word_1_145' title='bbox 1133 2261 1472 2318; x_wconf 81' lang='lat' dir='ltr'>Manuelum</span> <span class='ocrx_word' id='word_1_146' title='bbox 1503 2267 1562 2316; x_wconf 92' lang='lat' dir='ltr'>et</span> <span class='ocrx_word' id='word_1_147' title='bbox 1606 2261 1936 2332; x_wconf 63' lang='lat' dir='ltr'>praecipuos</span> <span class='ocrx_word' id='word_1_148' title='bbox 1969 2259 2100 2331; x_wconf 89' lang='lat' dir='ltr'>ejus</span> 
     </span>
    </p>
   </div>
   <div class='ocr_carea' id='block_1_26' title="bbox 446 2356 2098 2430">
    <p class='ocr_par' dir='ltr' id='par_1_26' title="bbox 446 2356 2098 2430">
     <span class='ocr_line' id='line_1_26' title="bbox 446 2356 2098 2430; baseline -0.004 -14"><span class='ocrx_word' id='word_1_149' title='bbox 446 2361 639 2416; x_wconf 87' lang='lat' dir='ltr'>socios</span> <span class='ocrx_word' id='word_1_150' title='bbox 665 2361 740 2415; x_wconf 92' lang='lat' dir='ltr'>ad</span> <span class='ocrx_word' id='word_1_151' title='bbox 771 2377 832 2415; x_wconf 91' lang='lat' dir='ltr'>se</span> <span class='ocrx_word' id='word_1_152' title='bbox 864 2364 1068 2424; x_wconf 87' lang='lat' dir='ltr'>vocat;</span> <span class='ocrx_word' id='word_1_153' title='bbox 1099 2375 1169 2414; x_wconf 90' lang='lat' dir='ltr'>ac</span> <span class='ocrx_word' id='word_1_154' title='bbox 1197 2359 1457 2430; x_wconf 87' lang='lat' dir='ltr'>primum</span> <span class='ocrx_word' id='word_1_155' title='bbox 1487 2361 1799 2412; x_wconf 87' lang='lat' dir='ltr'>mansueta</span> <span class='ocrx_word' id='word_1_156' title='bbox 1829 2356 2098 2411; x_wconf 89' lang='lat' dir='ltr'>oratione</span> 
     </span>
    </p>
   </div>
   <div class='ocr_carea' id='block_1_27' title="bbox 447 2446 2098 2516">
    <p class='ocr_par' dir='ltr' id='par_1_27' title="bbox 447 2446 2098 2516">
     <span class='ocr_line' id='line_1_27' title="bbox 447 2446 2098 2516; baseline -0.004 -12"><span class='ocrx_word' id='word_1_157' title='bbox 447 2449 658 2504; x_wconf 86' lang='lat' dir='ltr'>suadet</span> <span class='ocrx_word' id='word_1_158' title='bbox 677 2452 743 2503; x_wconf 91' lang='lat' dir='ltr'>ut</span> <span class='ocrx_word' id='word_1_159' title='bbox 754 2448 1150 2502; x_wconf 89' lang='lat' dir='ltr'>Christianam</span> <span class='ocrx_word' id='word_1_160' title='bbox 1166 2447 1345 2501; x_wconf 81' lang='lat' dir='ltr'>fidem</span> <span class='ocrx_word' id='word_1_161' title='bbox 1364 2446 1822 2516; x_wconf 90' lang='lat' dir='ltr'>deserant,post,</span> <span class='ocrx_word' id='word_1_162' title='bbox 1837 2460 1972 2498; x_wconf 91' lang='lat' dir='ltr'>cum</span> <span class='ocrx_word' id='word_1_163' title='bbox 1998 2461 2098 2499; x_wconf 89' lang='lat' dir='ltr'>eos</span> 
     </span>
    </p>
   </div>
   <div class='ocr_carea' id='block_1_28' title="bbox 445 2533 2096 2607">
    <p class='ocr_par' dir='ltr' id='par_1_28' title="bbox 445 2533 2096 2607">
     <span class='ocr_line' id='line_1_28' title="bbox 445 2533 2096 2607; baseline -0.003 -16"><span class='ocrx_word' id='word_1_164' title='bbox 445 2553 643 2606; x_wconf 92' lang='lat' dir='ltr'>neque</span> <span class='ocrx_word' id='word_1_165' title='bbox 672 2535 1202 2607; x_wconf 86' lang='lat' dir='ltr'>pollicitationibus</span> <span class='ocrx_word' id='word_1_166' title='bbox 1224 2551 1417 2605; x_wconf 91' lang='lat' dir='ltr'>neque</span> <span class='ocrx_word' id='word_1_167' title='bbox 1440 2534 1618 2588; x_wconf 89' lang='lat' dir='ltr'>minis</span> <span class='ocrx_word' id='word_1_168' title='bbox 1644 2533 1802 2588; x_wconf 87' lang='lat' dir='ltr'>ﬂecti</span> <span class='ocrx_word' id='word_1_169' title='bbox 1829 2533 2096 2596; x_wconf 89' lang='lat' dir='ltr'>sentiret,</span> 
     </span>
    </p>
   </div>
   <div class='ocr_carea' id='block_1_29' title="bbox 443 2622 2096 2680">
    <p class='ocr_par' dir='ltr' id='par_1_29' title="bbox 443 2622 2096 2680">
     <span class='ocr_line' id='line_1_29' title="bbox 443 2622 2096 2680; baseline -0.002 -1"><span class='ocrx_word' id='word_1_170' title='bbox 443 2625 658 2680; x_wconf 89' lang='lat' dir='ltr'>acerbe</span> <span class='ocrx_word' id='word_1_171' title='bbox 691 2625 1058 2680; x_wconf 85' lang='lat' dir='ltr'>excruciatos</span> <span class='ocrx_word' id='word_1_172' title='bbox 1089 2623 1390 2679; x_wconf 81' lang='lat' dir='ltr'>interficit.</span> <span class='ocrx_word' id='word_1_173' title='bbox 1427 2624 1546 2678; x_wconf 88' lang='lat' dir='ltr'>Hoc</span> <span class='ocrx_word' id='word_1_174' title='bbox 1583 2623 1759 2677; x_wconf 92' lang='lat' dir='ltr'>modo</span> <span class='ocrx_word' id='word_1_175' title='bbox 1792 2622 2096 2677; x_wconf 83' lang='lat' dir='ltr'>Manuelus</span> 
     </span>
    </p>
   </div>
   <div class='ocr_carea' id='block_1_30' title="bbox 439 2711 2094 2784">
    <p class='ocr_par' dir='ltr' id='par_1_30' title="bbox 439 2711 2094 2784">
     <span class='ocr_line' id='line_1_30' title="bbox 439 2711 2094 2784; baseline -0.002 -16"><span class='ocrx_word' id='word_1_176' title='bbox 439 2713 730 2784; x_wconf 88' lang='lat' dir='ltr'>multique</span> <span class='ocrx_word' id='word_1_177' title='bbox 762 2713 871 2768; x_wconf 90' lang='lat' dir='ltr'>sub</span> <span class='ocrx_word' id='word_1_178' title='bbox 922 2729 990 2768; x_wconf 92' lang='lat' dir='ltr'>eo</span> <span class='ocrx_word' id='word_1_179' title='bbox 1022 2712 1286 2767; x_wconf 91' lang='lat' dir='ltr'>illustres</span> <span class='ocrx_word' id='word_1_180' title='bbox 1336 2711 1558 2782; x_wconf 88' lang='lat' dir='ltr'>aliique</span> <span class='ocrx_word' id='word_1_181' title='bbox 1591 2711 1876 2783; x_wconf 87' lang='lat' dir='ltr'>sanguine</span> <span class='ocrx_word' id='word_1_182' title='bbox 1900 2711 2094 2782; x_wconf 89' lang='lat' dir='ltr'>juncti</span> 
     </span>
    </p>
   </div>
   <div class='ocr_carea' id='block_1_31' title="bbox 438 2800 2092 2874">
    <p class='ocr_par' dir='ltr' id='par_1_31' title="bbox 438 2800 2092 2874">
     <span class='ocr_line' id='line_1_31' title="bbox 438 2800 2092 2874; baseline -0.002 -16"><span class='ocrx_word' id='word_1_183' title='bbox 438 2819 546 2858; x_wconf 90' lang='lat' dir='ltr'>sua</span> <span class='ocrx_word' id='word_1_184' title='bbox 589 2807 780 2857; x_wconf 88' lang='lat' dir='ltr'>morte</span> <span class='ocrx_word' id='word_1_185' title='bbox 828 2818 979 2857; x_wconf 79' lang='lat' dir='ltr'>veraa</span> <span class='ocrx_word' id='word_1_186' title='bbox 1028 2801 1302 2874; x_wconf 80' lang='lat' dir='ltr'>religioni</span> <span class='ocrx_word' id='word_1_187' title='bbox 1354 2800 1764 2855; x_wconf 91' lang='lat' dir='ltr'>testimonium</span> <span class='ocrx_word' id='word_1_188' title='bbox 1804 2801 2092 2855; x_wconf 85' lang='lat' dir='ltr'>tulerunt.</span> 
     </span>
    </p>
   </div>
   <div class='ocr_carea' id='block_1_32' title="bbox 433 2889 2094 2963">
    <p class='ocr_par' dir='ltr' id='par_1_32' title="bbox 433 2889 2094 2963">
     <span class='ocr_line' id='line_1_32' title="bbox 433 2889 2094 2963; baseline -0.002 -16"><span class='ocrx_word' id='word_1_189' title='bbox 433 2891 694 2947; x_wconf 87' lang='lat' dir='ltr'>Tandem</span> <span class='ocrx_word' id='word_1_190' title='bbox 717 2891 965 2962; x_wconf 89' lang='lat' dir='ltr'>reliquis</span> <span class='ocrx_word' id='word_1_191' title='bbox 987 2891 1234 2963; x_wconf 91' lang='lat' dir='ltr'>captivis</span> <span class='ocrx_word' id='word_1_192' title='bbox 1261 2893 1416 2946; x_wconf 92' lang='lat' dir='ltr'>Deus</span> <span class='ocrx_word' id='word_1_193' title='bbox 1439 2891 1500 2944; x_wconf 90' lang='lat' dir='ltr'><strong>in</strong></span> <span class='ocrx_word' id='word_1_194' title='bbox 1524 2890 1777 2962; x_wconf 90' lang='lat' dir='ltr'>patriam</span> <span class='ocrx_word' id='word_1_195' title='bbox 1808 2889 2094 2944; x_wconf 89' lang='lat' dir='ltr'>redeundi</span> 
     </span>
    </p>
   </div>
   <div class='ocr_carea' id='block_1_33' title="bbox 435 2979 2093 3053">
    <p class='ocr_par' dir='ltr' id='par_1_33' title="bbox 435 2979 2093 3053">
     <span class='ocr_line' id='line_1_33' title="bbox 435 2979 2093 3053; baseline -0.003 -14"><span class='ocrx_word' id='word_1_196' title='bbox 435 2982 812 3039; x_wconf 85' lang='lat' dir='ltr'>occasionem</span> <span class='ocrx_word' id='word_1_197' title='bbox 869 2981 1114 3053; x_wconf 82' lang='lat' dir='ltr'>paravit.</span> <span class='ocrx_word' id='word_1_198' title='bbox 1168 2982 1311 3036; x_wconf 88' lang='lat' dir='ltr'>Nam</span> <span class='ocrx_word' id='word_1_199' title='bbox 1370 2981 1647 3052; x_wconf 90' lang='lat' dir='ltr'>princeps</span> <span class='ocrx_word' id='word_1_200' title='bbox 1708 2979 2093 3051; x_wconf 88' lang='lat' dir='ltr'>Bulgarorum</span> 
     </span>
    </p>
   </div>
   <div class='ocr_carea' id='block_1_34' title="bbox 437 3068 2094 3142">
    <p class='ocr_par' dir='ltr' id='par_1_34' title="bbox 437 3068 2094 3142">
     <span class='ocr_line' id='line_1_34' title="bbox 437 3068 2094 3142; baseline -0.002 -17"><span class='ocrx_word' id='word_1_201' title='bbox 437 3071 656 3142; x_wconf 75' lang='lat' dir='ltr'>saapius</span> <span class='ocrx_word' id='word_1_202' title='bbox 688 3070 919 3126; x_wconf 88' lang='lat' dir='ltr'>cladem</span> <span class='ocrx_word' id='word_1_203' title='bbox 949 3086 1185 3141; x_wconf 88' lang='lat' dir='ltr'>passus,</span> <span class='ocrx_word' id='word_1_204' title='bbox 1207 3087 1342 3126; x_wconf 90' lang='lat' dir='ltr'>cum</span> <span class='ocrx_word' id='word_1_205' title='bbox 1357 3071 1484 3141; x_wconf 87' lang='lat' dir='ltr'>jam</span> <span class='ocrx_word' id='word_1_206' title='bbox 1510 3068 1665 3124; x_wconf 76' lang='lat'>986</span> <span class='ocrx_word' id='word_1_207' title='bbox 1689 3071 2094 3124; x_wconf 81' lang='lat' dir='ltr'>Romanorum</span> 
     </span>
    </p>
   </div>
   <div class='ocr_carea' id='block_1_35' title="bbox 433 3157 2093 3230">
    <p class='ocr_par' dir='ltr' id='par_1_35' title="bbox 433 3157 2093 3230">
     <span class='ocr_line' id='line_1_35' title="bbox 433 3157 2093 3230; baseline 0 -18"><span class='ocrx_word' id='word_1_208' title='bbox 433 3161 656 3216; x_wconf 87' lang='lat' dir='ltr'>viribus</span> <span class='ocrx_word' id='word_1_209' title='bbox 706 3161 985 3214; x_wconf 89' lang='lat' dir='ltr'>resistere</span> <span class='ocrx_word' id='word_1_210' title='bbox 1036 3160 1332 3230; x_wconf 82' lang='lat' dir='ltr'>nequiret,</span> <span class='ocrx_word' id='word_1_211' title='bbox 1384 3175 1594 3230; x_wconf 89' lang='lat' dir='ltr'>pacem</span> <span class='ocrx_word' id='word_1_212' title='bbox 1643 3157 1801 3213; x_wconf 90' lang='lat' dir='ltr'>bello</span> <span class='ocrx_word' id='word_1_213' title='bbox 1832 3158 2093 3230; x_wconf 62' lang='lat' dir='ltr'>praetulit</span> 
     </span>
    </p>
   </div>
   <div class='ocr_carea' id='block_1_36' title="bbox 433 3216 2171 3320">
    <p class='ocr_par' dir='ltr' id='par_1_36' title="bbox 433 3216 2171 3320">
     <span class='ocr_line' id='line_1_36' title="bbox 433 3216 2171 3320; baseline -0.002 -16"><span class='ocrx_word' id='word_1_214' title='bbox 433 3249 810 3320; x_wconf 86' lang='lat' dir='ltr'>captivosque</span> <span class='ocrx_word' id='word_1_215' title='bbox 843 3248 1088 3304; x_wconf 91' lang='lat' dir='ltr'>dimisit.</span> <span class='ocrx_word' id='word_1_216' title='bbox 1121 3216 1278 3312; x_wconf 55' lang='lat' dir='ltr'>duos</span> <span class='ocrx_word' id='word_1_217' title='bbox 1513 3216 1898 3319; x_wconf 75' lang='lat' dir='ltr'>congregatos</span> <span class='ocrx_word' id='word_1_218' title='bbox 1927 3248 2088 3319; x_wconf 88' lang='lat' dir='ltr'>jam-</span> <span class='ocrx_word' id='word_1_219' title='bbox 2129 3216 2171 3282; x_wconf 55' lang='grc' dir='ltr'><strong>(δ</strong></span> 
     </span>
    </p>
   </div>
   <div class='ocr_carea' id='block_1_37' title="bbox 431 3337 2086 3408">
    <p class='ocr_par' dir='ltr' id='par_1_37' title="bbox 431 3337 2086 3408">
     <span class='ocr_line' id='line_1_37' title="bbox 431 3337 2086 3408; baseline -0.001 -16"><span class='ocrx_word' id='word_1_220' title='bbox 431 3354 546 3408; x_wconf 90' lang='lat' dir='ltr'>que</span> <span class='ocrx_word' id='word_1_221' title='bbox 576 3337 637 3392; x_wconf 93' lang='lat' dir='ltr'>in</span> <span class='ocrx_word' id='word_1_222' title='bbox 669 3337 923 3407; x_wconf 90' lang='lat' dir='ltr'>patriam</span> <span class='ocrx_word' id='word_1_223' title='bbox 973 3337 1086 3391; x_wconf 90' lang='lat' dir='ltr'>iter</span> <span class='ocrx_word' id='word_1_224' title='bbox 1135 3337 1506 3408; x_wconf 81' lang='lat' dir='ltr'>ingressuros</span> <span class='ocrx_word' id='word_1_225' title='bbox 1555 3337 2086 3408; x_wconf 87' lang='lat' dir='ltr'>contemplaretur,</span> 
     </span>
    </p>
   </div>
   <div class='ocr_carea' id='block_1_38' title="bbox 433 3424 2086 3497">
    <p class='ocr_par' dir='ltr' id='par_1_38' title="bbox 433 3424 2086 3497">
     <span class='ocr_line' id='line_1_38' title="bbox 433 3424 2086 3497; baseline 0.001 -18"><span class='ocrx_word' id='word_1_226' title='bbox 433 3425 721 3482; x_wconf 88' lang='lat' dir='ltr'>Basilium</span> <span class='ocrx_word' id='word_1_227' title='bbox 741 3430 883 3479; x_wconf 91' lang='lat' dir='ltr'>tunc</span> <span class='ocrx_word' id='word_1_228' title='bbox 902 3441 972 3478; x_wconf 84' lang='lat' dir='ltr'>ex</span> <span class='ocrx_word' id='word_1_229' title='bbox 992 3424 1247 3495; x_wconf 91' lang='lat' dir='ltr'>pueritia</span> <span class='ocrx_word' id='word_1_230' title='bbox 1262 3424 1728 3479; x_wconf 89' lang='lat' dir='ltr'>adolescentiam</span> <span class='ocrx_word' id='word_1_231' title='bbox 1751 3425 2086 3497; x_wconf 89' lang='lat' dir='ltr'>ingressum</span> 
     </span>
    </p>
   </div>
   <div class='ocr_carea' id='block_1_39' title="bbox 435 3511 2087 3584">
    <p class='ocr_par' dir='ltr' id='par_1_39' title="bbox 435 3511 2087 3584">
     <span class='ocr_line' id='line_1_39' title="bbox 435 3511 2087 3584; baseline 0 -16"><span class='ocrx_word' id='word_1_232' title='bbox 435 3513 617 3580; x_wconf 87' lang='lat' dir='ltr'>videt,</span> <span class='ocrx_word' id='word_1_233' title='bbox 651 3512 904 3584; x_wconf 90' lang='lat' dir='ltr'>eleganti</span> <span class='ocrx_word' id='word_1_234' title='bbox 938 3512 1101 3567; x_wconf 89' lang='lat' dir='ltr'>vultu</span> <span class='ocrx_word' id='word_1_235' title='bbox 1148 3511 1466 3584; x_wconf 67' lang='lat' dir='ltr'>praeditum</span> <span class='ocrx_word' id='word_1_236' title='bbox 1515 3518 1572 3567; x_wconf 94' lang='lat' dir='ltr'>et</span> <span class='ocrx_word' id='word_1_237' title='bbox 1604 3514 1861 3568; x_wconf 90' lang='lat' dir='ltr'>suaviter</span> <span class='ocrx_word' id='word_1_238' title='bbox 1893 3513 2087 3571; x_wconf 90' lang='lat' dir='ltr'>subri-</span> 
     </span>
    </p>
   </div>
   <div class='ocr_carea' id='block_1_40' title="bbox 435 3601 2086 3673">
    <p class='ocr_par' dir='ltr' id='par_1_40' title="bbox 435 3601 2086 3673">
     <span class='ocr_line' id='line_1_40' title="bbox 435 3601 2086 3673; baseline 0.001 -16"><span class='ocrx_word' id='word_1_239' title='bbox 435 3602 676 3658; x_wconf 91' lang='lat' dir='ltr'>dentem</span> <span class='ocrx_word' id='word_1_240' title='bbox 707 3608 884 3673; x_wconf 91' lang='lat' dir='ltr'>atque</span> <span class='ocrx_word' id='word_1_241' title='bbox 916 3601 1486 3658; x_wconf 89' lang='lat' dir='ltr'>circumsaltantem.</span> <span class='ocrx_word' id='word_1_242' title='bbox 1521 3603 1666 3657; x_wconf 87' lang='lat' dir='ltr'>Eum</span> <span class='ocrx_word' id='word_1_243' title='bbox 1699 3602 1773 3658; x_wconf 89' lang='lat' dir='ltr'>ad</span> <span class='ocrx_word' id='word_1_244' title='bbox 1803 3620 1864 3657; x_wconf 86' lang='lat' dir='ltr'>se</span> <span class='ocrx_word' id='word_1_245' title='bbox 1896 3609 2086 3672; x_wconf 90' lang='lat' dir='ltr'>vocat,</span> 
     </span>
    </p>
   </div>
   <div class='ocr_carea' id='block_1_41' title="bbox 430 3691 2086 3764">
    <p class='ocr_par' dir='ltr' id='par_1_41' title="bbox 430 3691 2086 3764">
     <span class='ocr_line' id='line_1_41' title="bbox 430 3691 2086 3764; baseline 0.001 -17"><span class='ocrx_word' id='word_1_246' title='bbox 430 3692 826 3764; x_wconf 88' lang='lat' dir='ltr'>manibusque</span> <span class='ocrx_word' id='word_1_247' title='bbox 858 3691 1250 3764; x_wconf 88' lang='lat' dir='ltr'>apprehendit</span> <span class='ocrx_word' id='word_1_248' title='bbox 1273 3697 1332 3746; x_wconf 89' lang='lat' dir='ltr'>et</span> <span class='ocrx_word' id='word_1_249' title='bbox 1363 3692 1686 3758; x_wconf 89' lang='lat' dir='ltr'>osculatur,</span> <span class='ocrx_word' id='word_1_250' title='bbox 1722 3709 2086 3764; x_wconf 90' lang='lat' dir='ltr'>pomumque</span> 
     </span>
    </p>
   </div>
   <div class='ocr_carea' id='block_1_42' title="bbox 435 3781 2089 3854">
    <p class='ocr_par' dir='ltr' id='par_1_42' title="bbox 435 3781 2089 3854">
     <span class='ocr_line' id='line_1_42' title="bbox 435 3781 2089 3854; baseline 0 -18"><span class='ocrx_word' id='word_1_251' title='bbox 435 3799 585 3838; x_wconf 64' lang='lat' dir='ltr'>rara)</span> <span class='ocrx_word' id='word_1_252' title='bbox 609 3781 1036 3854; x_wconf 83' lang='lat' dir='ltr'>magnitudinis</span> <span class='ocrx_word' id='word_1_253' title='bbox 1057 3781 1428 3852; x_wconf 82' lang='lat' dir='ltr'>donat,qu0d</span> <span class='ocrx_word' id='word_1_254' title='bbox 1444 3781 1926 3838; x_wconf 87' lang='lat' dir='ltr'>adolescentulus</span> <span class='ocrx_word' id='word_1_255' title='bbox 1947 3782 2089 3836; x_wconf 92' lang='lat' dir='ltr'>sim-</span> 
     </span>
    </p>
   </div>
   <div class='ocr_carea' id='block_1_43' title="bbox 438 3869 2088 3943">
    <p class='ocr_par' dir='ltr' id='par_1_43' title="bbox 438 3869 2088 3943">
     <span class='ocr_line' id='line_1_43' title="bbox 438 3869 2088 3943; baseline -0.001 -17"><span class='ocrx_word' id='word_1_256' title='bbox 438 3871 580 3943; x_wconf 88' lang='lat' dir='ltr'>plici</span> <span class='ocrx_word' id='word_1_257' title='bbox 611 3871 860 3926; x_wconf 88' lang='lat' dir='ltr'>audacia</span> <span class='ocrx_word' id='word_1_258' title='bbox 896 3869 1146 3942; x_wconf 75' lang='lat' dir='ltr'>genibus</span> <span class='ocrx_word' id='word_1_259' title='bbox 1195 3871 1483 3942; x_wconf 88' lang='lat' dir='ltr'>principis</span> <span class='ocrx_word' id='word_1_260' title='bbox 1541 3871 1806 3926; x_wconf 89' lang='lat' dir='ltr'>innitens</span> <span class='ocrx_word' id='word_1_261' title='bbox 1838 3871 2088 3942; x_wconf 90' lang='lat' dir='ltr'>accepit,</span> 
     </span>
    </p>
   </div>
   <div class='ocr_carea' id='block_1_44' title="bbox 436 3959 2088 4031">
    <p class='ocr_par' dir='ltr' id='par_1_44' title="bbox 436 3959 2088 4031">
     <span class='ocr_line' id='line_1_44' title="bbox 436 3959 2088 4031; baseline -0.001 -15"><span class='ocrx_word' id='word_1_262' title='bbox 436 3976 672 4016; x_wconf 90' lang='lat' dir='ltr'>morum</span> <span class='ocrx_word' id='word_1_263' title='bbox 731 3960 975 4015; x_wconf 87' lang='lat' dir='ltr'>minime</span> <span class='ocrx_word' id='word_1_264' title='bbox 1019 3959 1214 4015; x_wconf 77' lang='lat' dir='ltr'>fucata</span> <span class='ocrx_word' id='word_1_265' title='bbox 1261 3959 1638 4031; x_wconf 89' lang='lat' dir='ltr'>simplicitate</span> <span class='ocrx_word' id='word_1_266' title='bbox 1699 3959 1918 4015; x_wconf 91' lang='lat' dir='ltr'>indolis</span> <span class='ocrx_word' id='word_1_267' title='bbox 1967 3977 2088 4015; x_wconf 64' lang='lat' dir='ltr'>suae</span> 
     </span>
    </p>
   </div>
   <div class='ocr_carea' id='block_1_45' title="bbox 436 4048 2087 4120">
    <p class='ocr_par' dir='ltr' id='par_1_45' title="bbox 436 4048 2087 4120">
     <span class='ocr_line' id='line_1_45' title="bbox 436 4048 2087 4120; baseline 0.001 -17"><span class='ocrx_word' id='word_1_268' title='bbox 436 4049 868 4120; x_wconf 89' lang='lat' dir='ltr'>ingenuitatem</span> <span class='ocrx_word' id='word_1_269' title='bbox 925 4048 1365 4104; x_wconf 89' lang='lat' dir='ltr'>demonstrans.</span> <span class='ocrx_word' id='word_1_270' title='bbox 1425 4049 1628 4119; x_wconf 89' lang='lat' dir='ltr'>Itaque</span> <span class='ocrx_word' id='word_1_271' title='bbox 1689 4053 1748 4102; x_wconf 91' lang='lat' dir='ltr'>et</span> <span class='ocrx_word' id='word_1_272' title='bbox 1800 4049 2087 4104; x_wconf 91' lang='lat' dir='ltr'>miraculo</span> 
     </span>
    </p>
   </div>
   <div class='ocr_carea' id='block_1_46' title="bbox 434 4137 2089 4210">
    <p class='ocr_par' dir='ltr' id='par_1_46' title="bbox 434 4137 2089 4210">
     <span class='ocr_line' id='line_1_46' title="bbox 434 4137 2089 4210; baseline -0.001 -16"><span class='ocrx_word' id='word_1_273' title='bbox 434 4138 724 4194; x_wconf 88' lang='lat' dir='ltr'>attonitus</span> <span class='ocrx_word' id='word_1_274' title='bbox 750 4137 863 4192; x_wconf 86' lang='lat' dir='ltr'>fuit</span> <span class='ocrx_word' id='word_1_275' title='bbox 889 4137 1190 4210; x_wconf 90' lang='lat' dir='ltr'>princeps,</span> <span class='ocrx_word' id='word_1_276' title='bbox 1225 4143 1283 4191; x_wconf 91' lang='lat' dir='ltr'>et</span> <span class='ocrx_word' id='word_1_277' title='bbox 1311 4137 1532 4192; x_wconf 91' lang='lat' dir='ltr'>subditi</span> <span class='ocrx_word' id='word_1_278' title='bbox 1565 4137 1908 4192; x_wconf 87' lang='lat' dir='ltr'>clanculum</span> <span class='ocrx_word' id='word_1_279' title='bbox 1941 4138 2089 4193; x_wconf 90' lang='lat' dir='ltr'>indi-</span> 
     </span>
    </p>
   </div>
   <div class='ocr_carea' id='block_1_47' title="bbox 431 4226 2091 4301">
    <p class='ocr_par' dir='ltr' id='par_1_47' title="bbox 431 4226 2091 4301">
     <span class='ocr_line' id='line_1_47' title="bbox 431 4226 2091 4301; baseline 0.002 -19"><span class='ocrx_word' id='word_1_280' title='bbox 431 4227 592 4299; x_wconf 81' lang='lat' dir='ltr'>gnati</span> <span class='ocrx_word' id='word_1_281' title='bbox 625 4232 784 4294; x_wconf 91' lang='lat' dir='ltr'>sunt,</span> <span class='ocrx_word' id='word_1_282' title='bbox 814 4226 917 4281; x_wconf 88' lang='lat' dir='ltr'>tali</span> <span class='ocrx_word' id='word_1_283' title='bbox 948 4226 1312 4283; x_wconf 89' lang='lat' dir='ltr'>adolescenti</span> <span class='ocrx_word' id='word_1_284' title='bbox 1338 4227 1580 4282; x_wconf 90' lang='lat' dir='ltr'>domum</span> <span class='ocrx_word' id='word_1_285' title='bbox 1610 4228 1898 4283; x_wconf 89' lang='lat' dir='ltr'>redeundi</span> <span class='ocrx_word' id='word_1_286' title='bbox 1930 4235 2091 4301; x_wconf 89' lang='lat' dir='ltr'>pote-</span> 
     </span>
    </p>
   </div>
   <div class='ocr_carea' id='block_1_48' title="bbox 433 4314 2087 4389">
    <p class='ocr_par' dir='ltr' id='par_1_48' title="bbox 433 4314 2087 4389">
     <span class='ocr_line' id='line_1_48' title="bbox 433 4314 2087 4389; baseline 0.002 -21"><span class='ocrx_word' id='word_1_287' title='bbox 433 4319 645 4370; x_wconf 89' lang='lat' dir='ltr'>statem</span> <span class='ocrx_word' id='word_1_288' title='bbox 676 4315 942 4370; x_wconf 91' lang='lat' dir='ltr'>concedi.</span> <span class='ocrx_word' id='word_1_289' title='bbox 978 4314 1091 4370; x_wconf 90' lang='lat' dir='ltr'>Sed</span> <span class='ocrx_word' id='word_1_290' title='bbox 1139 4318 1363 4380; x_wconf 91' lang='lat' dir='ltr'>tamen,</span> <span class='ocrx_word' id='word_1_291' title='bbox 1395 4315 1512 4369; x_wconf 92' lang='lat' dir='ltr'>Deo</span> <span class='ocrx_word' id='word_1_292' title='bbox 1564 4315 1843 4386; x_wconf 90' lang='lat' dir='ltr'>propitio,</span> <span class='ocrx_word' id='word_1_293' title='bbox 1876 4318 2087 4389; x_wconf 90' lang='lat' dir='ltr'>captivi</span> 
     </span>
    </p>
   </div>
   <div class='ocr_carea' id='block_1_49' title="bbox 433 4403 2085 4476">
    <p class='ocr_par' dir='ltr' id='par_1_49' title="bbox 433 4403 2085 4476">
     <span class='ocr_line' id='line_1_49' title="bbox 433 4403 2085 4476; baseline 0.001 -17"><span class='ocrx_word' id='word_1_294' title='bbox 433 4421 644 4459; x_wconf 92' lang='lat' dir='ltr'>omnes</span> <span class='ocrx_word' id='word_1_295' title='bbox 659 4404 905 4460; x_wconf 83' lang='lat' dir='ltr'>Romani</span> <span class='ocrx_word' id='word_1_296' title='bbox 930 4403 1264 4458; x_wconf 89' lang='lat' dir='ltr'>incolumes</span> <span class='ocrx_word' id='word_1_297' title='bbox 1283 4403 1525 4458; x_wconf 90' lang='lat' dir='ltr'>domum</span> <span class='ocrx_word' id='word_1_298' title='bbox 1539 4403 1771 4459; x_wconf 89' lang='lat' dir='ltr'>dimissi</span> <span class='ocrx_word' id='word_1_299' title='bbox 1790 4405 2085 4476; x_wconf 89' lang='lat' dir='ltr'>abierunt,</span> 
     </span>
    </p>
   </div>
   <div class='ocr_carea' id='block_1_50' title="bbox 432 4492 2086 4564">
    <p class='ocr_par' dir='ltr' id='par_1_50' title="bbox 432 4492 2086 4564">
     <span class='ocr_line' id='line_1_50' title="bbox 432 4492 2086 4564; baseline 0.002 -17"><span class='ocrx_word' id='word_1_300' title='bbox 432 4492 711 4564; x_wconf 89' lang='lat' dir='ltr'>interque</span> <span class='ocrx_word' id='word_1_301' title='bbox 743 4493 851 4547; x_wconf 92' lang='lat' dir='ltr'>hos</span> <span class='ocrx_word' id='word_1_302' title='bbox 885 4493 1063 4547; x_wconf 89' lang='lat' dir='ltr'>etiam</span> <span class='ocrx_word' id='word_1_303' title='bbox 1095 4492 1295 4548; x_wconf 89' lang='lat' dir='ltr'>Basilii</span> <span class='ocrx_word' id='word_1_304' title='bbox 1332 4497 1635 4564; x_wconf 88' lang='lat' dir='ltr'>parentes,</span> <span class='ocrx_word' id='word_1_305' title='bbox 1667 4494 2086 4551; x_wconf 86' lang='lat' dir='ltr'>charissimum</span> 
     </span>
    </p>
   </div>
   <div class='ocr_carea' id='block_1_51' title="bbox 431 4580 1397 4636">
    <p class='ocr_par' dir='ltr' id='par_1_51' title="bbox 431 4580 1397 4636">
     <span class='ocr_line' id='line_1_51' title="bbox 431 4580 1397 4636; baseline -0.002 0"><span class='ocrx_word' id='word_1_306' title='bbox 431 4597 634 4636; x_wconf 87' lang='lat' dir='ltr'>secum</span> <span class='ocrx_word' id='word_1_307' title='bbox 665 4580 950 4636; x_wconf 90' lang='lat' dir='ltr'>ducentes</span> <span class='ocrx_word' id='word_1_308' title='bbox 984 4580 1174 4635; x_wconf 82' lang='lat' dir='ltr'>[ilium</span> <span class='ocrx_word' id='word_1_309' title='bbox 1203 4597 1397 4636; x_wconf 91' lang='lat' dir='ltr'>suum.</span> 
     </span>
    </p>
   </div>
   <div class='ocr_carea' id='block_1_52' title="bbox 2202 562 3811 649">
    <p class='ocr_par' dir='ltr' id='par_1_52' title="bbox 2202 562 3811 649">
     <span class='ocr_line' id='line_1_52' title="bbox 2202 562 3811 649; baseline 0.008 -32"><span class='ocrx_word' id='word_1_310' title='bbox 2202 562 2422 639; x_wconf 71' lang='grc' dir='ltr'>ἀρετὴν,</span> <span class='ocrx_word' id='word_1_311' title='bbox 2455 567 2544 621; x_wconf 85' lang='grc' dir='ltr'>καὶ</span> <span class='ocrx_word' id='word_1_312' title='bbox 2573 567 2636 622; x_wconf 86' lang='grc' dir='ltr'>τὸ</span> <span class='ocrx_word' id='word_1_313' title='bbox 2667 569 2804 642; x_wconf 83' lang='grc' dir='ltr'>πρὸς</span> <span class='ocrx_word' id='word_1_314' title='bbox 2861 569 3024 624; x_wconf 83' lang='grc' dir='ltr'>αὐτὸν</span> <span class='ocrx_word' id='word_1_315' title='bbox 3083 569 3454 644; x_wconf 69' lang='grc' dir='ltr'>ἀσπασάμενος</span> <span class='ocrx_word' id='word_1_316' title='bbox 3500 573 3660 643; x_wconf 83' lang='grc' dir='ltr'>κῆδος</span> <span class='ocrx_word' id='word_1_317' title='bbox 3703 562 3811 649; x_wconf 81' lang='grc' dir='ltr'>μίαν</span> 
     </span>
    </p>
   </div>
   <div class='ocr_carea' id='block_1_53' title="bbox 2203 654 3811 734">
    <p class='ocr_par' dir='ltr' id='par_1_53' title="bbox 2203 654 3811 734">
     <span class='ocr_line' id='line_1_53' title="bbox 2203 654 3811 734; baseline 0.009 -28"><span class='ocrx_word' id='word_1_318' title='bbox 2203 657 2309 706; x_wconf 87' lang='grc' dir='ltr'>τῶν</span> <span class='ocrx_word' id='word_1_319' title='bbox 2361 654 2526 710; x_wconf 78' lang='grc' dir='ltr'>αὐτοῦ</span> <span class='ocrx_word' id='word_1_320' title='bbox 2584 656 2894 734; x_wconf 80' lang='grc' dir='ltr'>θυγατέρων</span> <span class='ocrx_word' id='word_1_321' title='bbox 2953 659 3211 734; x_wconf 80' lang='grc' dir='ltr'>ἠγάγετο’</span> <span class='ocrx_word' id='word_1_322' title='bbox 3274 660 3323 733; x_wconf 77' lang='grc' dir='ltr'>ἐξ</span> <span class='ocrx_word' id='word_1_323' title='bbox 3379 660 3452 715; x_wconf 84' lang='grc' dir='ltr'>ὧν</span> <span class='ocrx_word' id='word_1_324' title='bbox 3483 664 3630 719; x_wconf 80' lang='grc' dir='ltr'>ὁτοῦ</span> <span class='ocrx_word' id='word_1_325' title='bbox 3681 669 3811 720; x_wconf 76' lang='grc' dir='ltr'>ἱστο-</span> 
     </span>
    </p>
   </div>
   <div class='ocr_carea' id='block_1_54' title="bbox 2206 744 3811 828">
    <p class='ocr_par' dir='ltr' id='par_1_54' title="bbox 2206 744 3811 828">
     <span class='ocr_line' id='line_1_54' title="bbox 2206 744 3811 828; baseline 0.007 -32"><span class='ocrx_word' id='word_1_326' title='bbox 2206 744 2471 816; x_wconf 85' lang='grc' dir='ltr'>ρουμένου</span> <span class='ocrx_word' id='word_1_327' title='bbox 2501 745 2748 819; x_wconf 85' lang='grc' dir='ltr'>προῆλθε</span> <span class='ocrx_word' id='word_1_328' title='bbox 2775 749 2976 821; x_wconf 73' lang='grc' dir='ltr'>πατὴρ,</span> <span class='ocrx_word' id='word_1_329' title='bbox 3008 745 3172 822; x_wconf 76' lang='grc' dir='ltr'>ῥώμῃ</span> <span class='ocrx_word' id='word_1_330' title='bbox 3223 770 3282 803; x_wconf 89' lang='grc' dir='ltr'>τε</span> <span class='ocrx_word' id='word_1_331' title='bbox 3330 747 3592 828; x_wconf 65' lang='grc' dir='ltr'>διαφέρων</span> <span class='ocrx_word' id='word_1_332' title='bbox 3635 754 3715 808; x_wconf 81' lang='grc' dir='ltr'>καὶ</span> <span class='ocrx_word' id='word_1_333' title='bbox 3753 760 3811 828; x_wconf 78' lang='grc' dir='ltr'>τῇ</span> 
     </span>
    </p>
   </div>
   <div class='ocr_carea' id='block_1_55' title="bbox 2203 831 3814 915">
    <p class='ocr_par' dir='ltr' id='par_1_55' title="bbox 2203 831 3814 915">
     <span class='ocr_line' id='line_1_55' title="bbox 2203 831 3814 915; baseline 0.009 -31"><span class='ocrx_word' id='word_1_334' title='bbox 2203 831 2374 905; x_wconf 77' lang='grc' dir='ltr'>λοιπῇ</span> <span class='ocrx_word' id='word_1_335' title='bbox 2403 839 2502 888; x_wconf 78' lang='grc' dir='ltr'>τοῦ</span> <span class='ocrx_word' id='word_1_336' title='bbox 2542 836 2794 907; x_wconf 86' lang='grc' dir='ltr'>σώματος</span> <span class='ocrx_word' id='word_1_337' title='bbox 2825 834 2986 890; x_wconf 81' lang='grc' dir='ltr'><strong>θέσει·</strong></span> <span class='ocrx_word' id='word_1_338' title='bbox 3020 837 3078 892; x_wconf 78' lang='grc' dir='ltr'>ὅν</span> <span class='ocrx_word' id='word_1_339' title='bbox 3140 841 3276 914; x_wconf 89' lang='grc' dir='ltr'>γυνή</span> <span class='ocrx_word' id='word_1_340' title='bbox 3323 860 3403 900; x_wconf 89' lang='grc' dir='ltr'>τις</span> <span class='ocrx_word' id='word_1_341' title='bbox 3457 840 3686 915; x_wconf 78' lang='grc' dir='ltr'>εὐγενὴς,</span> <span class='ocrx_word' id='word_1_342' title='bbox 3729 849 3814 911; x_wconf 81' lang='grc' dir='ltr'>τῆς</span> 
     </span>
    </p>
   </div>
   <div class='ocr_carea' id='block_1_56' title="bbox 2201 921 3810 1006">
    <p class='ocr_par' dir='ltr' id='par_1_56' title="bbox 2201 921 3810 1006">
     <span class='ocr_line' id='line_1_56' title="bbox 2201 921 3810 1006; baseline 0.006 -32"><span class='ocrx_word' id='word_1_343' title='bbox 2201 925 2297 974; x_wconf 76' lang='grc' dir='ltr'>τοῦ</span> <span class='ocrx_word' id='word_1_344' title='bbox 2347 921 2604 996; x_wconf 85' lang='grc' dir='ltr'>Μεγάλου</span> <span class='ocrx_word' id='word_1_345' title='bbox 2663 927 3094 992; x_wconf 81' lang='grc' dir='ltr'>Κωνσταναίνου,</span> <span class='ocrx_word' id='word_1_346' title='bbox 3152 925 3228 988; x_wconf 82' lang='grc' dir='ltr'>ὥς</span> <span class='ocrx_word' id='word_1_347' title='bbox 3289 949 3437 1006; x_wconf 72' lang='grc' dir='ltr'>φασι,</span> <span class='ocrx_word' id='word_1_348' title='bbox 3496 930 3810 1005; x_wconf 85' lang='grc' dir='ltr'>καταγομένη</span> 
     </span>
    </p>
   </div>
   <div class='ocr_carea' id='block_1_57' title="bbox 2203 1007 3810 1090">
    <p class='ocr_par' dir='ltr' id='par_1_57' title="bbox 2203 1007 3810 1090">
     <span class='ocr_line' id='line_1_57' title="bbox 2203 1007 3810 1090; baseline 0.007 -29"><span class='ocrx_word' id='word_1_349' title='bbox 2203 1016 2406 1084; x_wconf 79' lang='grc' dir='ltr'>σειρᾶς,</span> <span class='ocrx_word' id='word_1_350' title='bbox 2461 1007 2709 1088; x_wconf 75' lang='grc' dir='ltr'>γαμϐρὸν</span> <span class='ocrx_word' id='word_1_351' title='bbox 2771 1013 2859 1068; x_wconf 86' lang='grc' dir='ltr'>έπὶ</span> <span class='ocrx_word' id='word_1_352' title='bbox 2916 1013 2984 1087; x_wconf 74' lang='grc' dir='ltr'>τῇ</span> <span class='ocrx_word' id='word_1_353' title='bbox 3038 1012 3149 1084; x_wconf 80' lang='grc' dir='ltr'>ἰδίᾳ</span> <span class='ocrx_word' id='word_1_354' title='bbox 3209 1014 3392 1088; x_wconf 74' lang='grc' dir='ltr'>ἄγεται</span> <span class='ocrx_word' id='word_1_355' title='bbox 3446 1018 3660 1090; x_wconf 84' lang='grc' dir='ltr'>θυγατρὶ</span> <span class='ocrx_word' id='word_1_356' title='bbox 3708 1017 3810 1072; x_wconf 83' lang='grc' dir='ltr'>λίαν</span> 
     </span>
    </p>
   </div>
   <div class='ocr_carea' id='block_1_58' title="bbox 2203 1100 3811 1181">
    <p class='ocr_par' dir='ltr' id='par_1_58' title="bbox 2203 1100 3811 1181">
     <span class='ocr_line' id='line_1_58' title="bbox 2203 1100 3811 1181; baseline 0.006 -28"><span class='ocrx_word' id='word_1_357' title='bbox 2203 1100 2714 1176; x_wconf 78' lang='grc' dir='ltr'>εὐπρεπεστάτῃ,ἐξ</span> <span class='ocrx_word' id='word_1_358' title='bbox 2760 1106 2827 1172; x_wconf 75' lang='grc' dir='ltr'>ἧς</span> <span class='ocrx_word' id='word_1_359' title='bbox 2880 1104 3074 1180; x_wconf 84' lang='grc' dir='ltr'>ἐτέχθη</span> <span class='ocrx_word' id='word_1_360' title='bbox 3135 1103 3443 1175; x_wconf 86' lang='grc' dir='ltr'>Βασίλειος,</span> <span class='ocrx_word' id='word_1_361' title='bbox 3499 1105 3675 1162; x_wconf 88' lang='grc' dir='ltr'>πολλά</span> <span class='ocrx_word' id='word_1_362' title='bbox 3724 1109 3811 1181; x_wconf 84' lang='grc' dir='ltr'>πρὸ</span> 
     </span>
    </p>
   </div>
   <div class='ocr_carea' id='block_1_59' title="bbox 2201 1191 3813 1271">
    <p class='ocr_par' dir='ltr' id='par_1_59' title="bbox 2201 1191 3813 1271">
     <span class='ocr_line' id='line_1_59' title="bbox 2201 1191 3813 1271; baseline 0.006 -29"><span class='ocrx_word' id='word_1_363' title='bbox 2201 1195 2302 1257; x_wconf 80' lang='grc' dir='ltr'>τῆς</span> <span class='ocrx_word' id='word_1_364' title='bbox 2333 1193 2629 1264; x_wconf 76' lang='grc' dir='ltr'>γεννήσεως</span> <span class='ocrx_word' id='word_1_365' title='bbox 2661 1195 2837 1271; x_wconf 75' lang='grc' dir='ltr'>φέρων</span> <span class='ocrx_word' id='word_1_366' title='bbox 2868 1193 2935 1249; x_wconf 84' lang='grc' dir='ltr'>τά</span> <span class='ocrx_word' id='word_1_367' title='bbox 2961 1201 3062 1262; x_wconf 82' lang='grc' dir='ltr'>τῆς</span> <span class='ocrx_word' id='word_1_368' title='bbox 3097 1193 3382 1270; x_wconf 81' lang='grc' dir='ltr'>βασιλείας</span> <span class='ocrx_word' id='word_1_369' title='bbox 3426 1191 3686 1269; x_wconf 70' lang='grc' dir='ltr'>σύμϐολα.</span> <span class='ocrx_word' id='word_1_370' title='bbox 3735 1198 3813 1253; x_wconf 85' lang='grc' dir='ltr'>Ἐκ</span> 
     </span>
    </p>
   </div>
   <div class='ocr_carea' id='block_1_60' title="bbox 2202 1281 3812 1358">
    <p class='ocr_par' dir='ltr' id='par_1_60' title="bbox 2202 1281 3812 1358">
     <span class='ocr_line' id='line_1_60' title="bbox 2202 1281 3812 1358; baseline 0.006 -28"><span class='ocrx_word' id='word_1_371' title='bbox 2202 1282 2306 1332; x_wconf 88' lang='grc' dir='ltr'>τῶν</span> <span class='ocrx_word' id='word_1_372' title='bbox 2366 1281 2631 1335; x_wconf 72' lang='grc' dir='ltr'>τοιούτων</span> <span class='ocrx_word' id='word_1_373' title='bbox 2689 1281 3028 1357; x_wconf 81' lang='grc' dir='ltr'>γεννητόρων</span> <span class='ocrx_word' id='word_1_374' title='bbox 3116 1281 3420 1358; x_wconf 54' lang='grc' dir='ltr'>προαχθείς</span> <span class='ocrx_word' id='word_1_375' title='bbox 3478 1285 3505 1338; x_wconf 90' lang='lat'>6</span> <span class='ocrx_word' id='word_1_376' title='bbox 3560 1283 3812 1347; x_wconf 77' lang='grc' dir='ltr'>Βασίλειος</span> 
     </span>
    </p>
   </div>
   <div class='ocr_carea' id='block_1_61' title="bbox 2203 1364 3807 1446">
    <p class='ocr_par' dir='ltr' id='par_1_61' title="bbox 2203 1364 3807 1446">
     <span class='ocr_line' id='line_1_61' title="bbox 2203 1364 3807 1446; baseline 0.006 -27"><span class='ocrx_word' id='word_1_377' title='bbox 2203 1364 2521 1444; x_wconf 78' lang='grc' dir='ltr'>ἐλευθερίως</span> <span class='ocrx_word' id='word_1_378' title='bbox 2547 1369 2804 1444; x_wconf 90' lang='grc' dir='ltr'>ἀνήγετο.</span> <span class='ocrx_word' id='word_1_379' title='bbox 2867 1372 3019 1428; x_wconf 78' lang='grc' dir='ltr'>Ἐπεὶ</span> <span class='ocrx_word' id='word_1_380' title='bbox 3051 1368 3109 1426; x_wconf 77' lang='grc' dir='ltr'>δὲ</span> <span class='ocrx_word' id='word_1_381' title='bbox 3157 1377 3418 1446; x_wconf 80' lang='grc' dir='ltr'>Κροῦμος</span> <span class='ocrx_word' id='word_1_382' title='bbox 3451 1374 3478 1426; x_wconf 97' lang='lat'>6</span> <span class='ocrx_word' id='word_1_383' title='bbox 3506 1374 3609 1428; x_wconf 90' lang='grc' dir='ltr'>τῶν</span> <span class='ocrx_word' id='word_1_384' title='bbox 3663 1372 3807 1430; x_wconf 82' lang='grc' dir='ltr'>Βουλ-</span> 
     </span>
    </p>
   </div>
   <div class='ocr_carea' id='block_1_62' title="bbox 2204 1456 3809 1540">
    <p class='ocr_par' dir='ltr' id='par_1_62' title="bbox 2204 1456 3809 1540">
     <span class='ocr_line' id='line_1_62' title="bbox 2204 1456 3809 1540; baseline 0.005 -31"><span class='ocrx_word' id='word_1_385' title='bbox 2204 1456 2386 1530; x_wconf 85' lang='grc' dir='ltr'>γάρων</span> <span class='ocrx_word' id='word_1_386' title='bbox 2420 1456 2628 1534; x_wconf 85' lang='grc' dir='ltr'>ἅρχων,</span> <span class='ocrx_word' id='word_1_387' title='bbox 2659 1465 2780 1522; x_wconf 88' lang='grc' dir='ltr'>ταῖς</span> <span class='ocrx_word' id='word_1_388' title='bbox 2839 1461 2973 1515; x_wconf 87' lang='grc' dir='ltr'>κατᾶ</span> <span class='ocrx_word' id='word_1_389' title='bbox 3027 1459 3316 1534; x_wconf 86' lang='grc' dir='ltr'>Ῥωμαίων</span> <span class='ocrx_word' id='word_1_390' title='bbox 3375 1462 3550 1524; x_wconf 79' lang='grc' dir='ltr'>νίκαις</span> <span class='ocrx_word' id='word_1_391' title='bbox 3604 1483 3809 1540; x_wconf 70' lang='grc' dir='ltr'>πεφυση-</span> 
     </span>
    </p>
   </div>
   <div class='ocr_carea' id='block_1_63' title="bbox 2207 1544 3810 1627">
    <p class='ocr_par' dir='ltr' id='par_1_63' title="bbox 2207 1544 3810 1627">
     <span class='ocr_line' id='line_1_63' title="bbox 2207 1544 3810 1627; baseline 0.003 -29"><span class='ocrx_word' id='word_1_392' title='bbox 2207 1544 2386 1617; x_wconf 87' lang='grc' dir='ltr'>μένος,</span> <span class='ocrx_word' id='word_1_393' title='bbox 2449 1549 2585 1621; x_wconf 91' lang='grc' dir='ltr'>μέγα</span> <span class='ocrx_word' id='word_1_394' title='bbox 2645 1546 3006 1623; x_wconf 86' lang='grc' dir='ltr'>στρατόπεδον</span> <span class='ocrx_word' id='word_1_395' title='bbox 3068 1550 3286 1625; x_wconf 78' lang='grc' dir='ltr'>ἀγείρας</span> <span class='ocrx_word' id='word_1_396' title='bbox 3371 1549 3670 1627; x_wconf 78' lang='grc' dir='ltr'>ἐπολιόρκει</span> <span class='ocrx_word' id='word_1_397' title='bbox 3729 1552 3810 1618; x_wconf 71' lang='grc' dir='ltr'>τὴν</span> 
     </span>
    </p>
   </div>
   <div class='ocr_carea' id='block_1_64' title="bbox 2203 1631 3811 1712">
    <p class='ocr_par' dir='ltr' id='par_1_64' title="bbox 2203 1631 3811 1712">
     <span class='ocr_line' id='line_1_64' title="bbox 2203 1631 3811 1712; baseline 0.001 -22"><span class='ocrx_word' id='word_1_398' title='bbox 2203 1631 2686 1708; x_wconf 80' lang='grc' dir='ltr'>Ἀδριανούπολιν,</span> <span class='ocrx_word' id='word_1_399' title='bbox 2727 1635 2959 1709; x_wconf 82' lang='grc' dir='ltr'>μηδενὸς</span> <span class='ocrx_word' id='word_1_400' title='bbox 2988 1642 3150 1711; x_wconf 84' lang='grc' dir='ltr'>χεῖρα</span> <span class='ocrx_word' id='word_1_401' title='bbox 3198 1639 3422 1712; x_wconf 81' lang='grc' dir='ltr'>ἀττᾶραι</span> <span class='ocrx_word' id='word_1_402' title='bbox 3481 1639 3650 1711; x_wconf 89' lang='grc' dir='ltr'>τούτῳ</span> <span class='ocrx_word' id='word_1_403' title='bbox 3698 1637 3811 1693; x_wconf 76' lang='grc' dir='ltr'>τολο</span> 
     </span>
    </p>
   </div>
   <div class='ocr_carea' id='block_1_65' title="bbox 2208 1724 3812 1802">
    <p class='ocr_par' dir='ltr' id='par_1_65' title="bbox 2208 1724 3812 1802">
     <span class='ocr_line' id='line_1_65' title="bbox 2208 1724 3812 1802; baseline 0.004 -26"><span class='ocrx_word' id='word_1_404' title='bbox 2208 1726 2416 1795; x_wconf 88' lang='grc' dir='ltr'>μῶντος</span> <span class='ocrx_word' id='word_1_405' title='bbox 2445 1724 2803 1798; x_wconf 87' lang='grc' dir='ltr'>ἀνυποστάτῳ</span> <span class='ocrx_word' id='word_1_406' title='bbox 2853 1727 3182 1802; x_wconf 80' lang='grc' dir='ltr'>τυγχάνοντι</span> <span class='ocrx_word' id='word_1_407' title='bbox 3238 1724 3327 1782; x_wconf 82' lang='grc' dir='ltr'>διὰ</span> <span class='ocrx_word' id='word_1_408' title='bbox 3373 1729 3471 1790; x_wconf 89' lang='grc' dir='ltr'>τάς</span> <span class='ocrx_word' id='word_1_409' title='bbox 3529 1748 3812 1802; x_wconf 76' lang='grc' dir='ltr'>προηγησαο</span> 
     </span>
    </p>
   </div>
   <div class='ocr_carea' id='block_1_66' title="bbox 2210 1813 3813 1894">
    <p class='ocr_par' dir='ltr' id='par_1_66' title="bbox 2210 1813 3813 1894">
     <span class='ocr_line' id='line_1_66' title="bbox 2210 1813 3813 1894; baseline 0.003 -28"><span class='ocrx_word' id='word_1_410' title='bbox 2210 1813 2371 1885; x_wconf 88' lang='grc' dir='ltr'>μένας</span> <span class='ocrx_word' id='word_1_411' title='bbox 2421 1814 2701 1891; x_wconf 80' lang='grc' dir='ltr'>εὐτυχίας,</span> <span class='ocrx_word' id='word_1_412' title='bbox 2761 1817 2962 1891; x_wconf 88' lang='grc' dir='ltr'>χρόνον</span> <span class='ocrx_word' id='word_1_413' title='bbox 3020 1821 3089 1891; x_wconf 80' lang='grc' dir='ltr'>τῇ</span> <span class='ocrx_word' id='word_1_414' title='bbox 3149 1817 3309 1872; x_wconf 90' lang='grc' dir='ltr'>πόλει</span> <span class='ocrx_word' id='word_1_415' title='bbox 3360 1819 3698 1894; x_wconf 82' lang='grc' dir='ltr'>περικαθίσας</span> <span class='ocrx_word' id='word_1_416' title='bbox 3746 1817 3813 1891; x_wconf 80' lang='grc' dir='ltr'>ἐφ’</span> 
     </span>
    </p>
   </div>
   <div class='ocr_carea' id='block_1_67' title="bbox 2205 1899 3811 1982">
    <p class='ocr_par' dir='ltr' id='par_1_67' title="bbox 2205 1899 3811 1982">
     <span class='ocr_line' id='line_1_67' title="bbox 2205 1899 3811 1982; baseline 0.002 -27"><span class='ocrx_word' id='word_1_417' title='bbox 2205 1902 2387 1956; x_wconf 72' lang='grc' dir='ltr'>ἱκανὸν</span> <span class='ocrx_word' id='word_1_418' title='bbox 2423 1901 2931 1980; x_wconf 83' lang='grc' dir='ltr'>ὡμολόγειταύτην</span> <span class='ocrx_word' id='word_1_419' title='bbox 2965 1902 3054 1959; x_wconf 83' lang='grc' dir='ltr'>διὰ</span> <span class='ocrx_word' id='word_1_420' title='bbox 3109 1907 3208 1975; x_wconf 79' lang='grc' dir='ltr'>τήν</span> <span class='ocrx_word' id='word_1_421' title='bbox 3248 1910 3356 1961; x_wconf 90' lang='grc' dir='ltr'>τῶν</span> <span class='ocrx_word' id='word_1_422' title='bbox 3417 1907 3700 1982; x_wconf 76' lang='grc' dir='ltr'>ἀναγκαίων</span> <span class='ocrx_word' id='word_1_423' title='bbox 3741 1899 3811 1959; x_wconf 80' lang='grc' dir='ltr'>ἔν-</span> 
     </span>
    </p>
   </div>
   <div class='ocr_carea' id='block_1_68' title="bbox 2207 1987 3812 2068">
    <p class='ocr_par' dir='ltr' id='par_1_68' title="bbox 2207 1987 3812 2068">
     <span class='ocr_line' id='line_1_68' title="bbox 2207 1987 3812 2068; baseline 0.002 -25"><span class='ocrx_word' id='word_1_424' title='bbox 2207 1987 2352 2044; x_wconf 88' lang='grc' dir='ltr'>δειαν</span> <span class='ocrx_word' id='word_1_425' title='bbox 2383 1995 2853 2065; x_wconf 81' lang='grc' dir='ltr'>παραστήσασθαι,</span> <span class='ocrx_word' id='word_1_426' title='bbox 2906 1995 3110 2056; x_wconf 82' lang='grc' dir='ltr'>πάντας</span> <span class='ocrx_word' id='word_1_427' title='bbox 3156 2015 3216 2050; x_wconf 85' lang='grc' dir='ltr'>τε</span> <span class='ocrx_word' id='word_1_428' title='bbox 3267 1995 3405 2057; x_wconf 81' lang='grc' dir='ltr'>τοὺς</span> <span class='ocrx_word' id='word_1_429' title='bbox 3457 1994 3510 2050; x_wconf 88' lang='grc' dir='ltr'>έν</span> <span class='ocrx_word' id='word_1_430' title='bbox 3555 1994 3700 2068; x_wconf 78' lang='grc' dir='ltr'>αὐτῇ,</span> <span class='ocrx_word' id='word_1_431' title='bbox 3746 1994 3812 2055; x_wconf 76' lang='grc' dir='ltr'>οἷς</span> 
     </span>
    </p>
   </div>
   <div class='ocr_carea' id='block_1_69' title="bbox 2204 2082 3811 2159">
    <p class='ocr_par' dir='ltr' id='par_1_69' title="bbox 2204 2082 3811 2159">
     <span class='ocr_line' id='line_1_69' title="bbox 2204 2082 3811 2159; baseline 0.001 -25"><span class='ocrx_word' id='word_1_432' title='bbox 2204 2082 2494 2152; x_wconf 77' lang='grc' dir='ltr'>ἠριθμεῖτο</span> <span class='ocrx_word' id='word_1_433' title='bbox 2515 2082 2604 2136; x_wconf 77' lang='grc' dir='ltr'>καὶ</span> <span class='ocrx_word' id='word_1_434' title='bbox 2638 2084 2665 2136; x_wconf 89' lang='grc' dir='ltr'>ὁ</span> <span class='ocrx_word' id='word_1_435' title='bbox 2705 2089 2806 2152; x_wconf 78' lang='grc' dir='ltr'>τῆς</span> <span class='ocrx_word' id='word_1_436' title='bbox 2835 2082 3051 2144; x_wconf 86' lang='grc' dir='ltr'>πύλεως</span> <span class='ocrx_word' id='word_1_437' title='bbox 3092 2084 3381 2159; x_wconf 75' lang='grc' dir='ltr'>ἀρχιερεὺέ</span> <span class='ocrx_word' id='word_1_438' title='bbox 3434 2083 3705 2153; x_wconf 76' lang='grc' dir='ltr'>Μανουὴλ,</span> <span class='ocrx_word' id='word_1_439' title='bbox 3752 2082 3811 2144; x_wconf 82' lang='grc' dir='ltr'>εἰς</span> 
     </span>
    </p>
   </div>
   <div class='ocr_carea' id='block_1_70' title="bbox 2205 2167 3808 2246">
    <p class='ocr_par' dir='ltr' id='par_1_70' title="bbox 2205 2167 3808 2246">
     <span class='ocr_line' id='line_1_70' title="bbox 2205 2167 3808 2246; baseline 0.001 -24"><span class='ocrx_word' id='word_1_440' title='bbox 2205 2168 2546 2246; x_wconf 86' lang='grc' dir='ltr'>Βουλγαρίαν</span> <span class='ocrx_word' id='word_1_441' title='bbox 2580 2171 2894 2242; x_wconf 86' lang='grc' dir='ltr'>μετέστησε.</span> <span class='ocrx_word' id='word_1_442' title='bbox 2930 2167 3133 2242; x_wconf 78' lang='grc' dir='ltr'>Συνέϐη</span> <span class='ocrx_word' id='word_1_443' title='bbox 3186 2173 3319 2245; x_wconf 88' lang='grc' dir='ltr'>μετά</span> <span class='ocrx_word' id='word_1_444' title='bbox 3365 2177 3476 2227; x_wconf 89' lang='grc' dir='ltr'>τῶν</span> <span class='ocrx_word' id='word_1_445' title='bbox 3523 2171 3695 2228; x_wconf 79' lang='grc' dir='ltr'>ἄλλων</span> <span class='ocrx_word' id='word_1_446' title='bbox 3737 2170 3808 2225; x_wconf 83' lang='grc' dir='ltr'>καὶ</span> 
     </span>
    </p>
   </div>
   <div class='ocr_carea' id='block_1_71' title="bbox 2201 2257 3808 2338">
    <p class='ocr_par' dir='ltr' id='par_1_71' title="bbox 2201 2257 3808 2338">
     <span class='ocr_line' id='line_1_71' title="bbox 2201 2257 3808 2338; baseline 0 -26"><span class='ocrx_word' id='word_1_447' title='bbox 2201 2257 2330 2320; x_wconf 83' lang='grc' dir='ltr'>τοὺς</span> <span class='ocrx_word' id='word_1_448' title='bbox 2361 2263 2459 2314; x_wconf 80' lang='grc' dir='ltr'>τοῦ</span> <span class='ocrx_word' id='word_1_449' title='bbox 2495 2260 2784 2316; x_wconf 85' lang='grc' dir='ltr'>Βασιλείου</span> <span class='ocrx_word' id='word_1_450' title='bbox 2814 2265 3160 2338; x_wconf 72' lang='grc' dir='ltr'>γεννήτορας,</span> <span class='ocrx_word' id='word_1_451' title='bbox 3205 2261 3514 2336; x_wconf 83' lang='grc' dir='ltr'>ύπομάζιον</span> <span class='ocrx_word' id='word_1_452' title='bbox 3563 2263 3709 2317; x_wconf 87' lang='grc' dir='ltr'>αὐτὸν</span> <span class='ocrx_word' id='word_1_453' title='bbox 3748 2259 3808 2314; x_wconf 84' lang='grc' dir='ltr'>ἔτι</span> 
     </span>
    </p>
   </div>
   <div class='ocr_carea' id='block_1_72' title="bbox 2203 2350 3810 2427">
    <p class='ocr_par' dir='ltr' id='par_1_72' title="bbox 2203 2350 3810 2427">
     <span class='ocr_line' id='line_1_72' title="bbox 2203 2350 3810 2427; baseline 0.006 -25"><span class='ocrx_word' id='word_1_454' title='bbox 2203 2351 2485 2424; x_wconf 79' lang='grc' dir='ltr'>φέροντας,</span> <span class='ocrx_word' id='word_1_455' title='bbox 2518 2350 2592 2412; x_wconf 89' lang='grc' dir='ltr'>εἰς</span> <span class='ocrx_word' id='word_1_456' title='bbox 2629 2353 2728 2420; x_wconf 78' lang='grc' dir='ltr'>τήν</span> <span class='ocrx_word' id='word_1_457' title='bbox 2777 2352 3106 2426; x_wconf 80' lang='grc' dir='ltr'>Βουλγάρων</span> <span class='ocrx_word' id='word_1_458' title='bbox 3157 2353 3474 2426; x_wconf 82' lang='grc' dir='ltr'>ἀπαχθῆναι</span> <span class='ocrx_word' id='word_1_459' title='bbox 3515 2359 3633 2427; x_wconf 78' lang='grc' dir='ltr'>γῆν.</span> <span class='ocrx_word' id='word_1_460' title='bbox 3677 2353 3810 2413; x_wconf 82' lang='grc' dir='ltr'>Ἔνθα</span> 
     </span>
    </p>
   </div>
   <div class='ocr_carea' id='block_1_73' title="bbox 2202 2437 3809 2519">
    <p class='ocr_par' dir='ltr' id='par_1_73' title="bbox 2202 2437 3809 2519">
     <span class='ocr_line' id='line_1_73' title="bbox 2202 2437 3809 2519; baseline 0.001 -29"><span class='ocrx_word' id='word_1_461' title='bbox 2202 2437 2365 2498; x_wconf 83' lang='grc' dir='ltr'>αὐτός</span> <span class='ocrx_word' id='word_1_462' title='bbox 2398 2459 2456 2493; x_wconf 89' lang='grc' dir='ltr'>τε</span> <span class='ocrx_word' id='word_1_463' title='bbox 2487 2439 2516 2492; x_wconf 87' lang='lat'>6</span> <span class='ocrx_word' id='word_1_464' title='bbox 2547 2437 2765 2502; x_wconf 90' lang='grc' dir='ltr'>κλεινὸς</span> <span class='ocrx_word' id='word_1_465' title='bbox 2795 2439 3084 2519; x_wconf 77' lang='grc' dir='ltr'>ἀρχιερεὺς</span> <span class='ocrx_word' id='word_1_466' title='bbox 3111 2441 3202 2495; x_wconf 84' lang='grc' dir='ltr'>καὶ</span> <span class='ocrx_word' id='word_1_467' title='bbox 3225 2441 3277 2495; x_wconf 77' lang='grc' dir='ltr'>οἱ</span> <span class='ocrx_word' id='word_1_468' title='bbox 3300 2446 3402 2496; x_wconf 77' lang='grc' dir='ltr'>τοῦ</span> <span class='ocrx_word' id='word_1_469' title='bbox 3433 2439 3703 2498; x_wconf 84' lang='grc' dir='ltr'>Βασιλείου</span> <span class='ocrx_word' id='word_1_470' title='bbox 3723 2459 3809 2514; x_wconf 82' lang='grc' dir='ltr'>γεν-</span> 
     </span>
    </p>
   </div>
   <div class='ocr_carea' id='block_1_74' title="bbox 2201 2527 3806 2605">
    <p class='ocr_par' dir='ltr' id='par_1_74' title="bbox 2201 2527 3806 2605">
     <span class='ocr_line' id='line_1_74' title="bbox 2201 2527 3806 2605; baseline 0.001 -25"><span class='ocrx_word' id='word_1_471' title='bbox 2201 2529 2429 2602; x_wconf 87' lang='grc' dir='ltr'>νήτορες</span> <span class='ocrx_word' id='word_1_472' title='bbox 2458 2527 2547 2582; x_wconf 75' lang='grc' dir='ltr'>καὶ</span> <span class='ocrx_word' id='word_1_473' title='bbox 2577 2527 2640 2584; x_wconf 73' lang='grc' dir='ltr'>τό</span> <span class='ocrx_word' id='word_1_474' title='bbox 2673 2529 2764 2583; x_wconf 91' lang='grc' dir='ltr'>σύν</span> <span class='ocrx_word' id='word_1_475' title='bbox 2794 2534 2874 2602; x_wconf 78' lang='grc' dir='ltr'>τῷ</span> <span class='ocrx_word' id='word_1_476' title='bbox 2905 2531 3153 2605; x_wconf 84' lang='grc' dir='ltr'>ἀρχιερεῖ</span> <span class='ocrx_word' id='word_1_477' title='bbox 3181 2530 3403 2600; x_wconf 78' lang='grc' dir='ltr'>πλῆθος</span> <span class='ocrx_word' id='word_1_478' title='bbox 3435 2531 3700 2595; x_wconf 81' lang='grc' dir='ltr'>ἀνόθευτον</span> <span class='ocrx_word' id='word_1_479' title='bbox 3727 2529 3806 2595; x_wconf 73' lang='grc' dir='ltr'>τὴν</span> 
     </span>
    </p>
   </div>
   <div class='ocr_carea' id='block_1_75' title="bbox 2203 2615 3809 2692">
    <p class='ocr_par' dir='ltr' id='par_1_75' title="bbox 2203 2615 3809 2692">
     <span class='ocr_line' id='line_1_75' title="bbox 2203 2615 3809 2692; baseline 0 -22"><span class='ocrx_word' id='word_1_480' title='bbox 2203 2616 2278 2678; x_wconf 75' lang='grc' dir='ltr'>εἰς</span> <span class='ocrx_word' id='word_1_481' title='bbox 2308 2618 2537 2692; x_wconf 86' lang='grc' dir='ltr'>Χριστὸν</span> <span class='ocrx_word' id='word_1_482' title='bbox 2571 2618 2750 2673; x_wconf 89' lang='grc' dir='ltr'>πίστιν</span> <span class='ocrx_word' id='word_1_483' title='bbox 2783 2615 3205 2692; x_wconf 72' lang='grc' dir='ltr'>διατηρήσαντες</span> <span class='ocrx_word' id='word_1_484' title='bbox 3239 2617 3497 2684; x_wconf 76' lang='grc' dir='ltr'>πολλοὺς</span> <span class='ocrx_word' id='word_1_485' title='bbox 3523 2624 3626 2674; x_wconf 87' lang='grc' dir='ltr'>τῶν</span> <span class='ocrx_word' id='word_1_486' title='bbox 3661 2616 3809 2676; x_wconf 86' lang='grc' dir='ltr'>Βουλ-</span> 
     </span>
    </p>
   </div>
   <div class='ocr_carea' id='block_1_76' title="bbox 2200 2705 3811 2784">
    <p class='ocr_par' dir='ltr' id='par_1_76' title="bbox 2200 2705 3811 2784">
     <span class='ocr_line' id='line_1_76' title="bbox 2200 2705 3811 2784; baseline 0 -24"><span class='ocrx_word' id='word_1_487' title='bbox 2200 2708 2382 2782; x_wconf 90' lang='grc' dir='ltr'>γάρων</span> <span class='ocrx_word' id='word_1_488' title='bbox 2415 2707 2550 2783; x_wconf 84' lang='grc' dir='ltr'>πρὸς</span> <span class='ocrx_word' id='word_1_489' title='bbox 2589 2709 2688 2778; x_wconf 79' lang='grc' dir='ltr'>τὴν</span> <span class='ocrx_word' id='word_1_490' title='bbox 2715 2705 3006 2783; x_wconf 78' lang='grc' dir='ltr'>όρθόδοξον</span> <span class='ocrx_word' id='word_1_491' title='bbox 3062 2709 3244 2764; x_wconf 88' lang='grc' dir='ltr'>πίστιν</span> <span class='ocrx_word' id='word_1_492' title='bbox 3290 2712 3626 2784; x_wconf 77' lang='grc' dir='ltr'>μετήγαγον,</span> <span class='ocrx_word' id='word_1_493' title='bbox 3673 2709 3811 2780; x_wconf 85' lang='grc' dir='ltr'>μήπω</span> 
     </span>
    </p>
   </div>
   <div class='ocr_carea' id='block_1_77' title="bbox 2199 2790 3809 2872">
    <p class='ocr_par' dir='ltr' id='par_1_77' title="bbox 2199 2790 3809 2872">
     <span class='ocr_line' id='line_1_77' title="bbox 2199 2790 3809 2872; baseline -0.001 -22"><span class='ocrx_word' id='word_1_494' title='bbox 2199 2799 2298 2850; x_wconf 79' lang='grc' dir='ltr'>τοῦ</span> <span class='ocrx_word' id='word_1_495' title='bbox 2327 2790 2515 2860; x_wconf 80' lang='grc' dir='ltr'>ἔθνους</span> <span class='ocrx_word' id='word_1_496' title='bbox 2553 2798 2897 2872; x_wconf 84' lang='grc' dir='ltr'>μετηγμένου</span> <span class='ocrx_word' id='word_1_497' title='bbox 2937 2799 3076 2872; x_wconf 87' lang='grc' dir='ltr'>πρὸς</span> <span class='ocrx_word' id='word_1_498' title='bbox 3130 2792 3463 2868; x_wconf 74' lang='grc' dir='ltr'>θεοσέϐειαν,</span> <span class='ocrx_word' id='word_1_499' title='bbox 3504 2800 3587 2853; x_wconf 79' lang='grc' dir='ltr'>καὶ</span> <span class='ocrx_word' id='word_1_500' title='bbox 3631 2793 3809 2852; x_wconf 71' lang='grc' dir='ltr'>πολλαο</span> 
     </span>
    </p>
   </div>
   <div class='ocr_carea' id='block_1_78' title="bbox 2200 2883 3809 2962">
    <p class='ocr_par' dir='ltr' id='par_1_78' title="bbox 2200 2883 3809 2962">
     <span class='ocr_line' id='line_1_78' title="bbox 2200 2883 3809 2962; baseline -0.001 -24"><span class='ocrx_word' id='word_1_501' title='bbox 2200 2889 2308 2958; x_wconf 80' lang='grc' dir='ltr'>χοῦ</span> <span class='ocrx_word' id='word_1_502' title='bbox 2336 2888 2434 2953; x_wconf 79' lang='grc' dir='ltr'>τῆς</span> <span class='ocrx_word' id='word_1_503' title='bbox 2469 2885 2847 2962; x_wconf 81' lang='grc' dir='ltr'>Βουλγαρικῆς</span> <span class='ocrx_word' id='word_1_504' title='bbox 2902 2894 3006 2958; x_wconf 81' lang='grc' dir='ltr'>γῆς</span> <span class='ocrx_word' id='word_1_505' title='bbox 3058 2890 3453 2960; x_wconf 79' lang='grc' dir='ltr'>Χριστιανικῆς</span> <span class='ocrx_word' id='word_1_506' title='bbox 3505 2883 3809 2943; x_wconf 81' lang='grc' dir='ltr'>διδασκαλίας</span> 
     </span>
    </p>
   </div>
   <div class='ocr_carea' id='block_1_79' title="bbox 2200 2969 3806 3052">
    <p class='ocr_par' dir='ltr' id='par_1_79' title="bbox 2200 2969 3806 3052">
     <span class='ocr_line' id='line_1_79' title="bbox 2200 2969 3806 3052; baseline 0.001 -25"><span class='ocrx_word' id='word_1_507' title='bbox 2200 2969 2604 3045; x_wconf 77' lang='grc' dir='ltr'>κατεϐέϐληντο</span> <span class='ocrx_word' id='word_1_508' title='bbox 2651 2976 2952 3050; x_wconf 89' lang='grc' dir='ltr'>σπέρματα.</span> <span class='ocrx_word' id='word_1_509' title='bbox 3015 2974 3188 3032; x_wconf 86' lang='grc' dir='ltr'>Ἀλλά</span> <span class='ocrx_word' id='word_1_510' title='bbox 3243 2979 3504 3052; x_wconf 84' lang='grc' dir='ltr'>Κροῦμος</span> <span class='ocrx_word' id='word_1_511' title='bbox 3562 2978 3648 3048; x_wconf 77' lang='grc' dir='ltr'>μὲν</span> <span class='ocrx_word' id='word_1_512' title='bbox 3697 2970 3806 3052; x_wconf 79' lang='grc' dir='ltr'>ἔφθη</span> 
     </span>
    </p>
   </div>
   <div class='ocr_carea' id='block_1_80' title="bbox 2197 3061 3808 3142">
    <p class='ocr_par' dir='ltr' id='par_1_80' title="bbox 2197 3061 3808 3142">
     <span class='ocr_line' id='line_1_80' title="bbox 2197 3061 3808 3142; baseline -0.002 -24"><span class='ocrx_word' id='word_1_513' title='bbox 2197 3063 2601 3128; x_wconf 74' lang='grc' dir='ltr'>καταλύσασθαι</span> <span class='ocrx_word' id='word_1_514' title='bbox 2631 3068 2731 3134; x_wconf 77' lang='grc' dir='ltr'>τήν</span> <span class='ocrx_word' id='word_1_515' title='bbox 2766 3068 2934 3138; x_wconf 80' lang='grc' dir='ltr'>ζωὴν,</span> <span class='ocrx_word' id='word_1_516' title='bbox 2994 3065 3292 3142; x_wconf 83' lang='grc' dir='ltr'>Κρυτάγων</span> <span class='ocrx_word' id='word_1_517' title='bbox 3346 3063 3407 3120; x_wconf 76' lang='grc' dir='ltr'>δὲ</span> <span class='ocrx_word' id='word_1_518' title='bbox 3437 3068 3464 3121; x_wconf 93' lang='lat'>6</span> <span class='ocrx_word' id='word_1_519' title='bbox 3493 3066 3672 3121; x_wconf 89' lang='grc' dir='ltr'>τούτου</span> <span class='ocrx_word' id='word_1_520' title='bbox 3715 3061 3808 3116; x_wconf 82' lang='grc' dir='ltr'>διά-</span> 
     </span>
    </p>
   </div>
   <div class='ocr_carea' id='block_1_81' title="bbox 2201 3149 3806 3228">
    <p class='ocr_par' dir='ltr' id='par_1_81' title="bbox 2201 3149 3806 3228">
     <span class='ocr_line' id='line_1_81' title="bbox 2201 3149 3806 3228; baseline -0.002 -20"><span class='ocrx_word' id='word_1_521' title='bbox 2201 3149 2373 3228; x_wconf 79' lang='grc' dir='ltr'>δοχος</span> <span class='ocrx_word' id='word_1_522' title='bbox 2400 3153 2599 3226; x_wconf 87' lang='grc' dir='ltr'>πολλῷ</span> <span class='ocrx_word' id='word_1_523' title='bbox 2652 3155 2746 3209; x_wconf 90' lang='grc' dir='ltr'>τὸν</span> <span class='ocrx_word' id='word_1_524' title='bbox 2806 3153 3114 3218; x_wconf 86' lang='grc' dir='ltr'>ἀπελθόντα</span> <span class='ocrx_word' id='word_1_525' title='bbox 3168 3159 3333 3210; x_wconf 90' lang='grc' dir='ltr'>νικῶν</span> <span class='ocrx_word' id='word_1_526' title='bbox 3399 3155 3473 3218; x_wconf 78' lang='grc' dir='ltr'>εἷς</span> <span class='ocrx_word' id='word_1_527' title='bbox 3530 3149 3806 3228; x_wconf 82' lang='grc' dir='ltr'>θηριωδίαν,</span> 
     </span>
    </p>
   </div>
   <div class='ocr_carea' id='block_1_82' title="bbox 2200 3242 3806 3318">
    <p class='ocr_par' dir='ltr' id='par_1_82' title="bbox 2200 3242 3806 3318">
     <span class='ocr_line' id='line_1_82' title="bbox 2200 3242 3806 3318; baseline -0.004 -21"><span class='ocrx_word' id='word_1_528' title='bbox 2200 3242 2332 3297; x_wconf 79' lang='grc' dir='ltr'>αὐτὸ</span> <span class='ocrx_word' id='word_1_529' title='bbox 2371 3244 2435 3298; x_wconf 86' lang='grc' dir='ltr'>τὸ</span> <span class='ocrx_word' id='word_1_530' title='bbox 2493 3244 2786 3318; x_wconf 88' lang='grc' dir='ltr'>γινόμενον</span> <span class='ocrx_word' id='word_1_531' title='bbox 2845 3243 2944 3298; x_wconf 80' lang='grc' dir='ltr'>οὐκ</span> <span class='ocrx_word' id='word_1_532' title='bbox 2998 3243 3292 3317; x_wconf 83' lang='grc' dir='ltr'>ἀγνοήσας,</span> <span class='ocrx_word' id='word_1_533' title='bbox 3348 3244 3440 3300; x_wconf 80' lang='grc' dir='ltr'>καὶ</span> <span class='ocrx_word' id='word_1_534' title='bbox 3493 3244 3571 3298; x_wconf 79' lang='grc' dir='ltr'>ὅτι</span> <span class='ocrx_word' id='word_1_535' title='bbox 3621 3244 3678 3297; x_wconf 85' lang='grc' dir='ltr'>τὸ</span> <span class='ocrx_word' id='word_1_536' title='bbox 3720 3244 3806 3293; x_wconf 82' lang='grc' dir='ltr'>τῶν</span> 
     </span>
    </p>
   </div>
   <div class='ocr_carea' id='block_1_83' title="bbox 2200 3331 3806 3410">
    <p class='ocr_par' dir='ltr' id='par_1_83' title="bbox 2200 3331 3806 3410">
     <span class='ocr_line' id='line_1_83' title="bbox 2200 3331 3806 3410; baseline -0.004 -22"><span class='ocrx_word' id='word_1_537' title='bbox 2200 3331 2533 3410; x_wconf 89' lang='grc' dir='ltr'>Βουλγάρων</span> <span class='ocrx_word' id='word_1_538' title='bbox 2569 3335 2727 3410; x_wconf 91' lang='grc' dir='ltr'>γένος</span> <span class='ocrx_word' id='word_1_539' title='bbox 2775 3334 2958 3409; x_wconf 80' lang='grc' dir='ltr'>ἠρέμα</span> <span class='ocrx_word' id='word_1_540' title='bbox 3015 3333 3152 3405; x_wconf 83' lang='grc' dir='ltr'>πρὸς</span> <span class='ocrx_word' id='word_1_541' title='bbox 3213 3335 3624 3409; x_wconf 82' lang='grc' dir='ltr'>Χριστιανισμος</span> <span class='ocrx_word' id='word_1_542' title='bbox 3673 3350 3806 3404; x_wconf 83' lang='grc' dir='ltr'>μετα-</span> 
     </span>
    </p>
   </div>
   <div class='ocr_carea' id='block_1_84' title="bbox 2199 3420 3804 3498">
    <p class='ocr_par' dir='ltr' id='par_1_84' title="bbox 2199 3420 3804 3498">
     <span class='ocr_line' id='line_1_84' title="bbox 2199 3420 3804 3498; baseline -0.002 -21"><span class='ocrx_word' id='word_1_543' title='bbox 2199 3423 2442 3498; x_wconf 77' lang='grc' dir='ltr'>φέρεται,</span> <span class='ocrx_word' id='word_1_544' title='bbox 2485 3421 2660 3496; x_wconf 80' lang='grc' dir='ltr'>θυμοῦ</span> <span class='ocrx_word' id='word_1_545' title='bbox 2690 3420 2915 3496; x_wconf 80' lang='grc' dir='ltr'>πλήρης</span> <span class='ocrx_word' id='word_1_546' title='bbox 2947 3423 3288 3492; x_wconf 85' lang='grc' dir='ltr'>καθίσταται,</span> <span class='ocrx_word' id='word_1_547' title='bbox 3319 3425 3414 3477; x_wconf 85' lang='grc' dir='ltr'>καὶ</span> <span class='ocrx_word' id='word_1_548' title='bbox 3457 3422 3544 3477; x_wconf 87' lang='grc' dir='ltr'>τόν</span> <span class='ocrx_word' id='word_1_549' title='bbox 3587 3441 3642 3476; x_wconf 92' lang='grc' dir='ltr'>τε</span> <span class='ocrx_word' id='word_1_550' title='bbox 3688 3423 3804 3482; x_wconf 75' lang='grc' dir='ltr'>θεῖον</span> 
     </span>
    </p>
   </div>
   <div class='ocr_carea' id='block_1_85' title="bbox 2199 3505 3804 3587">
    <p class='ocr_par' dir='ltr' id='par_1_85' title="bbox 2199 3505 3804 3587">
     <span class='ocr_line' id='line_1_85' title="bbox 2199 3505 3804 3587; baseline -0.002 -22"><span class='ocrx_word' id='word_1_551' title='bbox 2199 3512 2458 3587; x_wconf 87' lang='grc' dir='ltr'>ἀρχιερέα</span> <span class='ocrx_word' id='word_1_552' title='bbox 2515 3511 2779 3582; x_wconf 74' lang='grc' dir='ltr'>Μανουήλ</span> <span class='ocrx_word' id='word_1_553' title='bbox 2819 3513 2910 3566; x_wconf 87' lang='grc' dir='ltr'>καὶ</span> <span class='ocrx_word' id='word_1_554' title='bbox 2973 3510 3100 3576; x_wconf 74' lang='grc' dir='ltr'>τοὺς</span> <span class='ocrx_word' id='word_1_555' title='bbox 3156 3511 3532 3586; x_wconf 75' lang='grc' dir='ltr'>ἐξοχωτάτους</span> <span class='ocrx_word' id='word_1_556' title='bbox 3564 3515 3660 3565; x_wconf 87' lang='grc' dir='ltr'>τῶν</span> <span class='ocrx_word' id='word_1_557' title='bbox 3704 3505 3804 3580; x_wconf 78' lang='grc' dir='ltr'>περὶ</span> 
     </span>
    </p>
   </div>
   <div class='ocr_carea' id='block_1_86' title="bbox 2207 3598 3802 3678">
    <p class='ocr_par' dir='ltr' id='par_1_86' title="bbox 2207 3598 3802 3678">
     <span class='ocr_line' id='line_1_86' title="bbox 2207 3598 3802 3678; baseline -0.003 -24"><span class='ocrx_word' id='word_1_558' title='bbox 2207 3601 2372 3656; x_wconf 81' lang='grc' dir='ltr'>αὐτὸν</span> <span class='ocrx_word' id='word_1_559' title='bbox 2437 3601 2572 3675; x_wconf 85' lang='grc' dir='ltr'>μετά</span> <span class='ocrx_word' id='word_1_560' title='bbox 2643 3606 2820 3675; x_wconf 80' lang='grc' dir='ltr'>θυμοῦ</span> <span class='ocrx_word' id='word_1_561' title='bbox 2879 3602 3369 3678; x_wconf 86' lang='grc' dir='ltr'>παραστησάμενος</span> <span class='ocrx_word' id='word_1_562' title='bbox 3454 3607 3656 3678; x_wconf 89' lang='grc' dir='ltr'>πρῶτον</span> <span class='ocrx_word' id='word_1_563' title='bbox 3727 3598 3802 3668; x_wconf 77' lang='grc' dir='ltr'>μὲν</span> 
     </span>
    </p>
   </div>
   <div class='ocr_carea' id='block_1_87' title="bbox 2198 3687 3802 3765">
    <p class='ocr_par' dir='ltr' id='par_1_87' title="bbox 2198 3687 3802 3765">
     <span class='ocr_line' id='line_1_87' title="bbox 2198 3687 3802 3765; baseline 0.002 -19"><span class='ocrx_word' id='word_1_564' title='bbox 2198 3691 2382 3762; x_wconf 80' lang='grc' dir='ltr'>ἠπίως</span> <span class='ocrx_word' id='word_1_565' title='bbox 2416 3697 2762 3765; x_wconf 83' lang='grc' dir='ltr'>μεταστῆσωι</span> <span class='ocrx_word' id='word_1_566' title='bbox 2794 3691 3042 3764; x_wconf 79' lang='grc' dir='ltr'>ἐπειρᾶτο</span> <span class='ocrx_word' id='word_1_567' title='bbox 3098 3691 3190 3746; x_wconf 79' lang='grc' dir='ltr'>καὶ</span> <span class='ocrx_word' id='word_1_568' title='bbox 3245 3689 3480 3763; x_wconf 85' lang='grc' dir='ltr'>όμαλῶς</span> <span class='ocrx_word' id='word_1_569' title='bbox 3524 3697 3617 3760; x_wconf 80' lang='grc' dir='ltr'>τῆς</span> <span class='ocrx_word' id='word_1_570' title='bbox 3669 3687 3802 3762; x_wconf 77' lang='grc' dir='ltr'>ὀρθοο</span> 
     </span>
    </p>
   </div>
   <div class='ocr_carea' id='block_1_88' title="bbox 2200 3773 3798 3853">
    <p class='ocr_par' dir='ltr' id='par_1_88' title="bbox 2200 3773 3798 3853">
     <span class='ocr_line' id='line_1_88' title="bbox 2200 3773 3798 3853; baseline -0.004 -17"><span class='ocrx_word' id='word_1_571' title='bbox 2200 3778 2358 3851; x_wconf 80' lang='grc' dir='ltr'>δόξου</span> <span class='ocrx_word' id='word_1_572' title='bbox 2387 3780 2476 3835; x_wconf 64' lang='grc' dir='ltr'>καῖ</span> <span class='ocrx_word' id='word_1_573' title='bbox 2505 3781 2813 3853; x_wconf 87' lang='grc' dir='ltr'>ἀμωμήτου</span> <span class='ocrx_word' id='word_1_574' title='bbox 2860 3785 2968 3835; x_wconf 88' lang='grc' dir='ltr'>τῶν</span> <span class='ocrx_word' id='word_1_575' title='bbox 3025 3781 3371 3853; x_wconf 78' lang='grc' dir='ltr'>Χριστιανῶν</span> <span class='ocrx_word' id='word_1_576' title='bbox 3427 3781 3668 3846; x_wconf 70' lang='grc' dir='ltr'>πίστεως,</span> <span class='ocrx_word' id='word_1_577' title='bbox 3709 3773 3798 3829; x_wconf 75' lang='grc' dir='ltr'>ἐπεὶ</span> 
     </span>
    </p>
   </div>
   <div class='ocr_carea' id='block_1_89' title="bbox 2200 3863 3794 3945">
    <p class='ocr_par' dir='ltr' id='par_1_89' title="bbox 2200 3863 3794 3945">
     <span class='ocr_line' id='line_1_89' title="bbox 2200 3863 3794 3945; baseline -0.007 -19"><span class='ocrx_word' id='word_1_578' title='bbox 2200 3869 2258 3926; x_wconf 77' lang='grc' dir='ltr'>δὲ</span> <span class='ocrx_word' id='word_1_579' title='bbox 2286 3871 2563 3944; x_wconf 86' lang='grc' dir='ltr'>κρείττους</span> <span class='ocrx_word' id='word_1_580' title='bbox 2595 3869 2795 3932; x_wconf 75' lang='grc' dir='ltr'>αὐτοὺς</span> <span class='ocrx_word' id='word_1_581' title='bbox 2841 3870 3137 3941; x_wconf 86' lang='grc' dir='ltr'>κατενόησε</span> <span class='ocrx_word' id='word_1_582' title='bbox 3191 3869 3282 3924; x_wconf 85' lang='grc' dir='ltr'>καὶ</span> <span class='ocrx_word' id='word_1_583' title='bbox 3352 3869 3681 3945; x_wconf 88' lang='grc' dir='ltr'>ὑποσχέσεων</span> <span class='ocrx_word' id='word_1_584' title='bbox 3726 3863 3794 3918; x_wconf 77' lang='grc' dir='ltr'>καὶ</span> 
     </span>
    </p>
   </div>
   <div class='ocr_carea' id='block_1_90' title="bbox 2200 3957 3796 4035">
    <p class='ocr_par' dir='ltr' id='par_1_90' title="bbox 2200 3957 3796 4035">
     <span class='ocr_line' id='line_1_90' title="bbox 2200 3957 3796 4035; baseline -0.005 -19"><span class='ocrx_word' id='word_1_585' title='bbox 2200 3959 2464 4029; x_wconf 82' lang='grc' dir='ltr'>ἀπειλῶν,</span> <span class='ocrx_word' id='word_1_586' title='bbox 2497 3961 2631 4034; x_wconf 87' lang='grc' dir='ltr'>μετά</span> <span class='ocrx_word' id='word_1_587' title='bbox 2661 3959 2874 4022; x_wconf 88' lang='grc' dir='ltr'>πολλάς</span> <span class='ocrx_word' id='word_1_588' title='bbox 2905 3960 3082 4023; x_wconf 85' lang='grc' dir='ltr'>αίκίας</span> <span class='ocrx_word' id='word_1_589' title='bbox 3111 3964 3191 4032; x_wconf 75' lang='grc' dir='ltr'>τῷ</span> <span class='ocrx_word' id='word_1_590' title='bbox 3223 3957 3312 4014; x_wconf 84' lang='grc' dir='ltr'>διὰ</span> <span class='ocrx_word' id='word_1_591' title='bbox 3358 3958 3646 4035; x_wconf 84' lang='grc' dir='ltr'>μαρτυρίου</span> <span class='ocrx_word' id='word_1_592' title='bbox 3689 3971 3796 4027; x_wconf 81' lang='grc' dir='ltr'>παρ·</span> 
     </span>
    </p>
   </div>
   <div class='ocr_carea' id='block_1_91' title="bbox 2197 4045 3795 4123">
    <p class='ocr_par' dir='ltr' id='par_1_91' title="bbox 2197 4045 3795 4123">
     <span class='ocr_line' id='line_1_91' title="bbox 2197 4045 3795 4123; baseline -0.011 -7"><span class='ocrx_word' id='word_1_593' title='bbox 2197 4049 2368 4106; x_wconf 81' lang='grc' dir='ltr'>έδωκε</span> <span class='ocrx_word' id='word_1_594' title='bbox 2425 4050 2660 4123; x_wconf 85' lang='grc' dir='ltr'>θανάτῳ.</span> <span class='ocrx_word' id='word_1_595' title='bbox 2720 4050 2823 4107; x_wconf 86' lang='grc' dir='ltr'>Καὶ</span> <span class='ocrx_word' id='word_1_596' title='bbox 2882 4049 3140 4119; x_wconf 78' lang='grc' dir='ltr'>Μανουὴλ</span> <span class='ocrx_word' id='word_1_597' title='bbox 3204 4050 3298 4122; x_wconf 72' lang='grc' dir='ltr'>μὲν</span> <span class='ocrx_word' id='word_1_598' title='bbox 3332 4050 3362 4104; x_wconf 95' lang='lat'>6</span> <span class='ocrx_word' id='word_1_599' title='bbox 3407 4048 3611 4108; x_wconf 85' lang='grc' dir='ltr'>κλεινὸς</span> <span class='ocrx_word' id='word_1_600' title='bbox 3646 4045 3795 4120; x_wconf 82' lang='grc' dir='ltr'>ἀρχιε-</span> 
     </span>
    </p>
   </div>
   <div class='ocr_carea' id='block_1_92' title="bbox 2201 4130 3794 4216">
    <p class='ocr_par' dir='ltr' id='par_1_92' title="bbox 2201 4130 3794 4216">
     <span class='ocr_line' id='line_1_92' title="bbox 2201 4130 3794 4216; baseline 0 -21"><span class='ocrx_word' id='word_1_601' title='bbox 2201 4143 2321 4215; x_wconf 80' lang='grc' dir='ltr'>ρεὺς</span> <span class='ocrx_word' id='word_1_602' title='bbox 2351 4142 2495 4195; x_wconf 75' lang='grc' dir='ltr'>οὕτω</span> <span class='ocrx_word' id='word_1_603' title='bbox 2515 4145 2593 4212; x_wconf 79' lang='grc' dir='ltr'>τῷ</span> <span class='ocrx_word' id='word_1_604' title='bbox 2626 4137 2716 4194; x_wconf 65' lang='grc' dir='ltr'>διὰ</span> <span class='ocrx_word' id='word_1_605' title='bbox 2766 4140 3063 4216; x_wconf 84' lang='grc' dir='ltr'>μαρτυρίου</span> <span class='ocrx_word' id='word_1_606' title='bbox 3120 4137 3269 4195; x_wconf 85' lang='grc' dir='ltr'>τέλει</span> <span class='ocrx_word' id='word_1_607' title='bbox 3327 4140 3536 4212; x_wconf 83' lang='grc' dir='ltr'>συνάμα</span> <span class='ocrx_word' id='word_1_608' title='bbox 3580 4142 3682 4195; x_wconf 77' lang='grc' dir='ltr'>τοῖς</span> <span class='ocrx_word' id='word_1_609' title='bbox 3730 4130 3794 4184; x_wconf 63' lang='grc' dir='ltr'>ὕπ’</span> 
     </span>
    </p>
   </div>
   <div class='ocr_carea' id='block_1_93' title="bbox 2200 4217 3794 4308">
    <p class='ocr_par' dir='ltr' id='par_1_93' title="bbox 2200 4217 3794 4308">
     <span class='ocr_line' id='line_1_93' title="bbox 2200 4217 3794 4308; baseline -0.005 -23"><span class='ocrx_word' id='word_1_610' title='bbox 2200 4231 2357 4286; x_wconf 88' lang='grc' dir='ltr'>αύτὸν</span> <span class='ocrx_word' id='word_1_611' title='bbox 2409 4229 2669 4308; x_wconf 71' lang='grc' dir='ltr'>ἐμφανέσι</span> <span class='ocrx_word' id='word_1_612' title='bbox 2724 4231 2822 4299; x_wconf 77' lang='grc' dir='ltr'>τήν</span> <span class='ocrx_word' id='word_1_613' title='bbox 2875 4229 3066 4284; x_wconf 73' lang='grc' dir='ltr'>ἑαυτοῦ</span> <span class='ocrx_word' id='word_1_614' title='bbox 3109 4229 3484 4304; x_wconf 80' lang='grc' dir='ltr'>έπισφραγίζει</span> <span class='ocrx_word' id='word_1_615' title='bbox 3539 4226 3685 4296; x_wconf 73' lang='grc' dir='ltr'>ζωὴν,</span> <span class='ocrx_word' id='word_1_616' title='bbox 3726 4217 3794 4274; x_wconf 75' lang='grc' dir='ltr'>καὶ</span> 
     </span>
    </p>
   </div>
   <div class='ocr_carea' id='block_1_94' title="bbox 2198 4313 3792 4390">
    <p class='ocr_par' dir='ltr' id='par_1_94' title="bbox 2198 4313 3792 4390">
     <span class='ocr_line' id='line_1_94' title="bbox 2198 4313 3792 4390; baseline -0.006 -17"><span class='ocrx_word' id='word_1_617' title='bbox 2198 4317 2448 4379; x_wconf 76' lang='grc' dir='ltr'>πολλοὺς</span> <span class='ocrx_word' id='word_1_618' title='bbox 2479 4323 2586 4374; x_wconf 87' lang='grc' dir='ltr'>τῶν</span> <span class='ocrx_word' id='word_1_619' title='bbox 2617 4319 2733 4374; x_wconf 85' lang='grc' dir='ltr'>καθ’</span> <span class='ocrx_word' id='word_1_620' title='bbox 2763 4319 2903 4390; x_wconf 75' lang='grc' dir='ltr'>αἷμα</span> <span class='ocrx_word' id='word_1_621' title='bbox 2936 4313 3127 4386; x_wconf 77' lang='grc' dir='ltr'>συνέϐη</span> <span class='ocrx_word' id='word_1_622' title='bbox 3190 4318 3578 4389; x_wconf 84' lang='grc' dir='ltr'>προσηκόντων</span> <span class='ocrx_word' id='word_1_623' title='bbox 3627 4319 3792 4387; x_wconf 75' lang='grc' dir='ltr'>μαρτυο</span> 
     </span>
    </p>
   </div>
   <div class='ocr_carea' id='block_1_95' title="bbox 2201 4395 3792 4483">
    <p class='ocr_par' dir='ltr' id='par_1_95' title="bbox 2201 4395 3792 4483">
     <span class='ocr_line' id='line_1_95' title="bbox 2201 4395 3792 4483; baseline -0.006 -21"><span class='ocrx_word' id='word_1_624' title='bbox 2201 4415 2359 4483; x_wconf 80' lang='grc' dir='ltr'>ρικῆς</span> <span class='ocrx_word' id='word_1_625' title='bbox 2392 4405 2635 4468; x_wconf 81' lang='grc' dir='ltr'>εὐκλείας</span> <span class='ocrx_word' id='word_1_626' title='bbox 2667 4406 2978 4476; x_wconf 80' lang='grc' dir='ltr'>ἀξιωθῆντι’</span> <span class='ocrx_word' id='word_1_627' title='bbox 3041 4405 3156 4460; x_wconf 77' lang='grc' dir='ltr'>ἐπεὶ</span> <span class='ocrx_word' id='word_1_628' title='bbox 3190 4403 3247 4460; x_wconf 75' lang='grc' dir='ltr'>δὲ</span> <span class='ocrx_word' id='word_1_629' title='bbox 3277 4403 3388 4461; x_wconf 81' lang='grc' dir='ltr'>ἔδει</span> <span class='ocrx_word' id='word_1_630' title='bbox 3431 4405 3558 4462; x_wconf 81' lang='grc' dir='ltr'>ποτέ</span> <span class='ocrx_word' id='word_1_631' title='bbox 3603 4395 3792 4464; x_wconf 72' lang='grc' dir='ltr'>καθόδου</span> 
     </span>
    </p>
   </div>
   <div class='ocr_carea' id='block_1_96' title="bbox 2195 4485 3791 4573">
    <p class='ocr_par' dir='ltr' id='par_1_96' title="bbox 2195 4485 3791 4573">
     <span class='ocr_line' id='line_1_96' title="bbox 2195 4485 3791 4573; baseline -0.006 -22"><span class='ocrx_word' id='word_1_632' title='bbox 2195 4501 2384 4571; x_wconf 83' lang='grc' dir='ltr'>τυχεῖν</span> <span class='ocrx_word' id='word_1_633' title='bbox 2407 4496 2532 4557; x_wconf 79' lang='grc' dir='ltr'>τοὺς</span> <span class='ocrx_word' id='word_1_634' title='bbox 2562 4495 3066 4570; x_wconf 83' lang='grc' dir='ltr'>ὑπολελειμμένους</span> <span class='ocrx_word' id='word_1_635' title='bbox 3091 4494 3510 4573; x_wconf 80' lang='grc' dir='ltr'>αἶχμαλώτους,</span> <span class='ocrx_word' id='word_1_636' title='bbox 3530 4493 3705 4548; x_wconf 76' lang='grc' dir='ltr'>ἄνωθεν</span> <span class='ocrx_word' id='word_1_637' title='bbox 3718 4485 3791 4542; x_wconf 82' lang='grc' dir='ltr'>τοῦ</span> 
     </span>
    </p>
   </div>
   <div class='ocr_carea' id='block_1_97' title="bbox 2108 4571 3790 4658">
    <p class='ocr_par' dir='ltr' id='par_1_97' title="bbox 2108 4571 3790 4658">
     <span class='ocr_line' id='line_1_97' title="bbox 2108 4571 3790 4658; baseline -0.005 -19"><span class='ocrx_word' id='word_1_638' title='bbox 2108 4571 2152 4636; x_wconf 82' lang='lat' dir='ltr'>D</span> <span class='ocrx_word' id='word_1_639' title='bbox 2183 4588 2318 4640; x_wconf 79' lang='grc' dir='ltr'>Θεοῦ</span> <span class='ocrx_word' id='word_1_640' title='bbox 2346 4585 2446 4654; x_wconf 76' lang='grc' dir='ltr'>τὴν</span> <span class='ocrx_word' id='word_1_641' title='bbox 2473 4581 2655 4656; x_wconf 78' lang='grc' dir='ltr'>ἔξοδον</span> <span class='ocrx_word' id='word_1_642' title='bbox 2683 4583 2868 4646; x_wconf 80' lang='grc' dir='ltr'>αὐτοῖς</span> <span class='ocrx_word' id='word_1_643' title='bbox 2900 4571 3447 4658; x_wconf 73' lang='grc' dir='ltr'>πραγματευομένου,</span> <span class='ocrx_word' id='word_1_644' title='bbox 3495 4585 3624 4638; x_wconf 87' lang='grc' dir='ltr'>ὁτῶν</span> <span class='ocrx_word' id='word_1_645' title='bbox 3654 4583 3790 4634; x_wconf 76' lang='grc' dir='ltr'>ΒουΑο</span> 
     </span>
    </p>
   </div>
   <div class='ocr_carea' id='block_1_98' title="bbox 426 4666 3787 4748">
    <p class='ocr_par' dir='ltr' id='par_1_98' title="bbox 426 4666 3787 4748">
     <span class='ocr_line' id='line_1_98' title="bbox 426 4666 3787 4748; baseline -0.001 -27"><span class='ocrx_word' id='word_1_646' title='bbox 426 4667 608 4742; x_wconf 85' lang='grc' dir='ltr'>γάρων</span> <span class='ocrx_word' id='word_1_647' title='bbox 637 4668 884 4743; x_wconf 83' lang='grc' dir='ltr'>ἀρχηγὸς</span> <span class='ocrx_word' id='word_1_648' title='bbox 912 4666 1190 4731; x_wconf 85' lang='grc' dir='ltr'>πολλάκις</span> <span class='ocrx_word' id='word_1_649' title='bbox 1218 4669 1496 4742; x_wconf 86' lang='grc' dir='ltr'>θραυσθεὶς</span> <span class='ocrx_word' id='word_1_650' title='bbox 1529 4667 1617 4723; x_wconf 78' lang='grc' dir='ltr'>καὶ</span> <span class='ocrx_word' id='word_1_651' title='bbox 1653 4670 1730 4742; x_wconf 83' lang='grc' dir='ltr'>μὴ</span> <span class='ocrx_word' id='word_1_652' title='bbox 1763 4667 2054 4745; x_wconf 82' lang='grc' dir='ltr'>δυνάμενος</span> <span class='ocrx_word' id='word_1_653' title='bbox 2085 4672 2176 4728; x_wconf 71' lang='grc' dir='ltr'>ἐπὶ</span> <span class='ocrx_word' id='word_1_654' title='bbox 2198 4675 2366 4729; x_wconf 57' lang='grc' dir='ltr'>πλέον</span> <span class='ocrx_word' id='word_1_655' title='bbox 2421 4673 2558 4748; x_wconf 87' lang='grc' dir='ltr'>πρὸς</span> <span class='ocrx_word' id='word_1_656' title='bbox 2615 4673 2710 4734; x_wconf 83' lang='grc' dir='ltr'>τὰς</span> <span class='ocrx_word' id='word_1_657' title='bbox 2771 4676 3088 4747; x_wconf 74' lang='grc' dir='ltr'>Ῥωμαϊκὰς</span> <span class='ocrx_word' id='word_1_658' title='bbox 3157 4671 3412 4746; x_wconf 89' lang='grc' dir='ltr'>δυνάμεις</span> <span class='ocrx_word' id='word_1_659' title='bbox 3463 4667 3787 4728; x_wconf 81' lang='grc' dir='ltr'>ἀντικαθίστα-</span> 
     </span>
    </p>
   </div>
   <div class='ocr_carea' id='block_1_99' title="bbox 434 4755 3787 4838">
    <p class='ocr_par' dir='ltr' id='par_1_99' title="bbox 434 4755 3787 4838">
     <span class='ocr_line' id='line_1_99' title="bbox 434 4755 3787 4838; baseline -0.001 -28"><span class='ocrx_word' id='word_1_660' title='bbox 434 4756 555 4810; x_wconf 88' lang='grc' dir='ltr'>σθαι</span> <span class='ocrx_word' id='word_1_661' title='bbox 587 4755 811 4830; x_wconf 75' lang='grc' dir='ltr'>εἰρήνην</span> <span class='ocrx_word' id='word_1_662' title='bbox 843 4755 960 4809; x_wconf 80' lang='grc' dir='ltr'>ἀντὶ</span> <span class='ocrx_word' id='word_1_663' title='bbox 980 4763 1080 4825; x_wconf 79' lang='grc' dir='ltr'>τῆς</span> <span class='ocrx_word' id='word_1_664' title='bbox 1116 4759 1304 4830; x_wconf 88' lang='grc' dir='ltr'>μάχης</span> <span class='ocrx_word' id='word_1_665' title='bbox 1336 4757 1628 4826; x_wconf 84' lang='grc' dir='ltr'>ἀσπάζεται</span> <span class='ocrx_word' id='word_1_666' title='bbox 1687 4758 1776 4812; x_wconf 86' lang='grc' dir='ltr'>καὶ</span> <span class='ocrx_word' id='word_1_667' title='bbox 1834 4758 2066 4816; x_wconf 81' lang='grc' dir='ltr'>ἀπολύει</span> <span class='ocrx_word' id='word_1_668' title='bbox 2117 4769 2216 4832; x_wconf 78' lang='grc' dir='ltr'>τῆς</span> <span class='ocrx_word' id='word_1_669' title='bbox 2275 4759 2667 4838; x_wconf 77' lang='grc' dir='ltr'>αἶ’χμαλωσίας</span> <span class='ocrx_word' id='word_1_670' title='bbox 2725 4762 2817 4817; x_wconf 84' lang='grc' dir='ltr'>τὸν</span> <span class='ocrx_word' id='word_1_671' title='bbox 2877 4761 3033 4818; x_wconf 92' lang='grc' dir='ltr'>λαόν.</span> <span class='ocrx_word' id='word_1_672' title='bbox 3092 4766 3226 4837; x_wconf 88' lang='grc' dir='ltr'>Αρτι</span> <span class='ocrx_word' id='word_1_673' title='bbox 3285 4760 3342 4817; x_wconf 79' lang='grc' dir='ltr'>δὲ</span> <span class='ocrx_word' id='word_1_674' title='bbox 3399 4755 3787 4830; x_wconf 81' lang='grc' dir='ltr'>συναλιζομένιυν</span> 
     </span>
    </p>
   </div>
   <div class='ocr_carea' id='block_1_100' title="bbox 424 4843 3786 4927">
    <p class='ocr_par' dir='ltr' id='par_1_100' title="bbox 424 4843 3786 4927">
     <span class='ocr_line' id='line_1_100' title="bbox 424 4843 3786 4927; baseline -0.002 -27"><span class='ocrx_word' id='word_1_675' title='bbox 424 4849 534 4900; x_wconf 90' lang='grc' dir='ltr'>τῶν</span> <span class='ocrx_word' id='word_1_676' title='bbox 568 4843 968 4919; x_wconf 75' lang='grc' dir='ltr'>αἰχμαλώτων.</span> <span class='ocrx_word' id='word_1_677' title='bbox 1002 4847 1086 4917; x_wconf 87' lang='grc' dir='ltr'>[Ρ.</span> <span class='ocrx_word' id='word_1_678' title='bbox 1122 4847 1248 4918; x_wconf 85' lang='grc'>559]</span> <span class='ocrx_word' id='word_1_679' title='bbox 1275 4845 1367 4900; x_wconf 88' lang='grc' dir='ltr'>καὶ</span> <span class='ocrx_word' id='word_1_680' title='bbox 1403 4843 1704 4918; x_wconf 88' lang='grc' dir='ltr'>μελλόντον</span> <span class='ocrx_word' id='word_1_681' title='bbox 1737 4844 1844 4918; x_wconf 69' lang='grc' dir='ltr'>ἤδη</span> <span class='ocrx_word' id='word_1_682' title='bbox 1889 4849 2020 4923; x_wconf 84' lang='grc' dir='ltr'>πρὸς</span> <span class='ocrx_word' id='word_1_683' title='bbox 2051 4851 2117 4905; x_wconf 86' lang='grc' dir='ltr'>τά</span> <span class='ocrx_word' id='word_1_684' title='bbox 2141 4852 2348 4927; x_wconf 84' lang='grc' dir='ltr'>πάτρια</span> <span class='ocrx_word' id='word_1_685' title='bbox 2377 4850 2486 4921; x_wconf 72' lang='grc' dir='ltr'>ἢθη</span> <span class='ocrx_word' id='word_1_686' title='bbox 2521 4849 2899 4924; x_wconf 77' lang='grc' dir='ltr'>παλιιιοστεῖν,</span> <span class='ocrx_word' id='word_1_687' title='bbox 2957 4852 3044 4906; x_wconf 88' lang='grc' dir='ltr'>καὶ</span> <span class='ocrx_word' id='word_1_688' title='bbox 3075 4853 3104 4906; x_wconf 90' lang='lat'>6</span> <span class='ocrx_word' id='word_1_689' title='bbox 3139 4852 3326 4927; x_wconf 77' lang='grc' dir='ltr'>ἅρχων</span> <span class='ocrx_word' id='word_1_690' title='bbox 3368 4850 3566 4926; x_wconf 82' lang='grc' dir='ltr'>θεωρός</span> <span class='ocrx_word' id='word_1_691' title='bbox 3615 4844 3786 4918; x_wconf 80' lang='grc' dir='ltr'>ἐγένετο</span> 
     </span>
    </p>
   </div>
   <div class='ocr_carea' id='block_1_101' title="bbox 430 4929 3789 5014">
    <p class='ocr_par' dir='ltr' id='par_1_101' title="bbox 430 4929 3789 5014">
     <span class='ocr_line' id='line_1_101' title="bbox 430 4929 3789 5014; baseline 0.001 -26"><span class='ocrx_word' id='word_1_692' title='bbox 430 4937 537 4988; x_wconf 87' lang='grc' dir='ltr'>τῶν</span> <span class='ocrx_word' id='word_1_693' title='bbox 566 4929 968 5008; x_wconf 77' lang='grc' dir='ltr'>αἰχμαλώτων,</span> <span class='ocrx_word' id='word_1_694' title='bbox 1000 4931 1089 4986; x_wconf 81' lang='grc' dir='ltr'>καὶ</span> <span class='ocrx_word' id='word_1_695' title='bbox 1129 4933 1222 4988; x_wconf 89' lang='grc' dir='ltr'>τὸν</span> <span class='ocrx_word' id='word_1_696' title='bbox 1288 4929 1457 4988; x_wconf 89' lang='grc' dir='ltr'>παῖδα</span> <span class='ocrx_word' id='word_1_697' title='bbox 1511 4930 1747 4988; x_wconf 87' lang='grc' dir='ltr'>κατιδὼν</span> <span class='ocrx_word' id='word_1_698' title='bbox 1808 4935 2084 4993; x_wconf 70' lang='grc' dir='ltr'>Βασίλειον</span> <span class='ocrx_word' id='word_1_699' title='bbox 2143 4937 2252 5010; x_wconf 74' lang='grc' dir='ltr'>ἤδη</span> <span class='ocrx_word' id='word_1_700' title='bbox 2311 4941 2410 5007; x_wconf 79' lang='grc' dir='ltr'>τὴν</span> <span class='ocrx_word' id='word_1_701' title='bbox 2479 4936 2740 5010; x_wconf 72' lang='grc' dir='ltr'>παιδικήν</span> <span class='ocrx_word' id='word_1_702' title='bbox 2799 4938 3256 5014; x_wconf 87' lang='grc' dir='ltr'>παραλλάσσοντα</span> <span class='ocrx_word' id='word_1_703' title='bbox 3315 4938 3533 5009; x_wconf 74' lang='grc' dir='ltr'>ἠλικίαν</span> <span class='ocrx_word' id='word_1_704' title='bbox 3583 4934 3660 4989; x_wconf 77' lang='grc' dir='ltr'>καὶ</span> <span class='ocrx_word' id='word_1_705' title='bbox 3711 4934 3789 4993; x_wconf 65' lang='grc' dir='ltr'>τῆί</span> 
     </span>
    </p>
   </div>
   <div class='ocr_carea' id='block_1_102' title="bbox 427 5016 3210 5104">
    <p class='ocr_par' dir='ltr' id='par_1_102' title="bbox 427 5016 3210 5104">
     <span class='ocr_line' id='line_1_102' title="bbox 427 5016 3210 5104; baseline 0.001 -26"><span class='ocrx_word' id='word_1_706' title='bbox 427 5016 635 5101; x_wconf 75' lang='grc' dir='ltr'>ἐφήϐὸυ</span> <span class='ocrx_word' id='word_1_707' title='bbox 693 5021 996 5095; x_wconf 90' lang='grc' dir='ltr'>ἀπτόμενον</span> <span class='ocrx_word' id='word_1_708' title='bbox 1053 5021 1191 5098; x_wconf 84' lang='grc' dir='ltr'>πρὸς</span> <span class='ocrx_word' id='word_1_709' title='bbox 1250 5022 1436 5078; x_wconf 65' lang='grc' dir='ltr'>ἑαυτὸν</span> <span class='ocrx_word' id='word_1_710' title='bbox 1495 5023 1868 5096; x_wconf 83' lang='grc' dir='ltr'>μετεκαλεῖτο,</span> <span class='ocrx_word' id='word_1_711' title='bbox 1931 5025 2234 5102; x_wconf 75' lang='grc' dir='ltr'>ἐλευθέριον</span> <span class='ocrx_word' id='word_1_712' title='bbox 2303 5025 2434 5082; x_wconf 82' lang='grc' dir='ltr'>ἰδὼν</span> <span class='ocrx_word' id='word_1_713' title='bbox 2507 5026 2777 5103; x_wconf 83' lang='grc' dir='ltr'>ένορωντα</span> <span class='ocrx_word' id='word_1_714' title='bbox 2857 5029 2943 5084; x_wconf 78' lang='grc' dir='ltr'>καὶ</span> <span class='ocrx_word' id='word_1_715' title='bbox 3022 5028 3210 5104; x_wconf 86' lang='grc' dir='ltr'>χαρίεν</span> 
     </span>
    </p>
   </div>
   <div class='ocr_carea' id='block_1_103' title="bbox 3309 5012 3786 5103">
    <p class='ocr_par' dir='ltr' id='par_1_103' title="bbox 3309 5012 3786 5103">
     <span class='ocr_line' id='line_1_103' title="bbox 3309 5012 3786 5103; baseline -0.013 -21"><span class='ocrx_word' id='word_1_716' title='bbox 3309 5029 3646 5103; x_wconf 77' lang='grc' dir='ltr'>ὑπογελῶντα</span> <span class='ocrx_word' id='word_1_717' title='bbox 3717 5012 3786 5070; x_wconf 67' lang='grc' dir='ltr'>καὶ</span> 
     </span>
    </p>
   </div>
   <div class='ocr_carea' id='block_1_104' title="bbox 428 5109 3785 5196">
    <p class='ocr_par' dir='ltr' id='par_1_104' title="bbox 428 5109 3785 5196">
     <span class='ocr_line' id='line_1_104' title="bbox 428 5109 3785 5196; baseline -0.004 -21"><span class='ocrx_word' id='word_1_718' title='bbox 428 5111 873 5186; x_wconf 80' lang='grc' dir='ltr'>περισκαίροντα,</span> <span class='ocrx_word' id='word_1_719' title='bbox 905 5111 997 5166; x_wconf 85' lang='grc' dir='ltr'>καὶ</span> <span class='ocrx_word' id='word_1_720' title='bbox 1058 5112 1220 5189; x_wconf 82' lang='grc' dir='ltr'>ἐγγὺς</span> <span class='ocrx_word' id='word_1_721' title='bbox 1274 5114 1617 5187; x_wconf 82' lang='grc' dir='ltr'>παραστάνρα</span> <span class='ocrx_word' id='word_1_722' title='bbox 1671 5118 1789 5175; x_wconf 83' lang='grc' dir='ltr'>ταῖς</span> <span class='ocrx_word' id='word_1_723' title='bbox 1848 5117 2035 5190; x_wconf 76' lang='grc' dir='ltr'>χερσὶν</span> <span class='ocrx_word' id='word_1_724' title='bbox 2090 5115 2330 5188; x_wconf 75' lang='grc' dir='ltr'>ἠθέλησε</span> <span class='ocrx_word' id='word_1_725' title='bbox 2378 5123 2670 5196; x_wconf 85' lang='grc' dir='ltr'>κατασχνῖν</span> <span class='ocrx_word' id='word_1_726' title='bbox 2733 5118 2824 5173; x_wconf 83' lang='grc' dir='ltr'>καὶ</span> <span class='ocrx_word' id='word_1_727' title='bbox 2881 5117 3220 5174; x_wconf 86' lang='grc' dir='ltr'>ἀσπάσασθαι</span> <span class='ocrx_word' id='word_1_728' title='bbox 3277 5118 3364 5172; x_wconf 82' lang='grc' dir='ltr'>καὶ</span> <span class='ocrx_word' id='word_1_729' title='bbox 3430 5112 3624 5196; x_wconf 15' lang='grc' dir='ltr'>μῆλον,</span> <span class='ocrx_word' id='word_1_730' title='bbox 3656 5109 3785 5178; x_wconf 78' lang='grc' dir='ltr'>ὑπερ·</span> 
     </span>
    </p>
   </div>
   <div class='ocr_carea' id='block_1_105' title="bbox 429 5195 3786 5282">
    <p class='ocr_par' dir='ltr' id='par_1_105' title="bbox 429 5195 3786 5282">
     <span class='ocr_line' id='line_1_105' title="bbox 429 5195 3786 5282; baseline -0.001 -29"><span class='ocrx_word' id='word_1_731' title='bbox 429 5197 558 5277; x_wconf 73' lang='grc' dir='ltr'>φυὶς</span> <span class='ocrx_word' id='word_1_732' title='bbox 600 5199 664 5254; x_wconf 85' lang='grc' dir='ltr'>τὸ</span> <span class='ocrx_word' id='word_1_733' title='bbox 717 5198 938 5276; x_wconf 91' lang='grc' dir='ltr'>μέγεθος</span> <span class='ocrx_word' id='word_1_734' title='bbox 994 5199 1142 5272; x_wconf 77' lang='grc' dir='ltr'>αὐτῷ</span> <span class='ocrx_word' id='word_1_735' title='bbox 1200 5205 1522 5275; x_wconf 84' lang='grc' dir='ltr'>παρασχεῖν·</span> <span class='ocrx_word' id='word_1_736' title='bbox 1584 5199 1715 5275; x_wconf 78' lang='grc' dir='ltr'>ὅπερ</span> <span class='ocrx_word' id='word_1_737' title='bbox 1784 5201 1939 5265; x_wconf 83' lang='grc' dir='ltr'>οὗτος</span> <span class='ocrx_word' id='word_1_738' title='bbox 1990 5203 2206 5266; x_wconf 86' lang='grc' dir='ltr'>ἀκάκως</span> <span class='ocrx_word' id='word_1_739' title='bbox 2262 5205 2400 5260; x_wconf 86' lang='grc' dir='ltr'>πάνυ</span> <span class='ocrx_word' id='word_1_740' title='bbox 2457 5206 2545 5260; x_wconf 83' lang='grc' dir='ltr'>καὶ</span> <span class='ocrx_word' id='word_1_741' title='bbox 2581 5195 2913 5282; x_wconf 65' lang='grc' dir='ltr'>θαρραλέως</span> <span class='ocrx_word' id='word_1_742' title='bbox 2966 5211 3082 5268; x_wconf 89' lang='grc' dir='ltr'>τοῖς</span> <span class='ocrx_word' id='word_1_743' title='bbox 3139 5209 3236 5261; x_wconf 77' lang='grc' dir='ltr'>τοῦ</span> <span class='ocrx_word' id='word_1_744' title='bbox 3302 5207 3564 5280; x_wconf 80' lang='grc' dir='ltr'>ἄρχοντος</span> <span class='ocrx_word' id='word_1_745' title='bbox 3614 5195 3786 5282; x_wconf 65' lang='grc' dir='ltr'>ἐπερει-</span> 
     </span>
    </p>
   </div>
   <div class='ocr_carea' id='block_1_106' title="bbox 427 5281 3782 5371">
    <p class='ocr_par' dir='ltr' id='par_1_106' title="bbox 427 5281 3782 5371">
     <span class='ocr_line' id='line_1_106' title="bbox 427 5281 3782 5371; baseline -0.001 -31"><span class='ocrx_word' id='word_1_746' title='bbox 427 5283 655 5358; x_wconf 86' lang='grc' dir='ltr'>δόμενος</span> <span class='ocrx_word' id='word_1_747' title='bbox 687 5289 872 5363; x_wconf 89' lang='grc' dir='ltr'>γόνασι</span> <span class='ocrx_word' id='word_1_748' title='bbox 905 5287 1195 5362; x_wconf 84' lang='grc' dir='ltr'>διδόμενον</span> <span class='ocrx_word' id='word_1_749' title='bbox 1229 5286 1541 5362; x_wconf 78' lang='grc' dir='ltr'>ὑπεδέξατο,</span> <span class='ocrx_word' id='word_1_750' title='bbox 1569 5288 1622 5344; x_wconf 87' lang='grc' dir='ltr'>έν</span> <span class='ocrx_word' id='word_1_751' title='bbox 1678 5293 1759 5362; x_wconf 80' lang='grc' dir='ltr'>τῷ</span> <span class='ocrx_word' id='word_1_752' title='bbox 1823 5289 2087 5366; x_wconf 80' lang='grc' dir='ltr'>ἀπλάστῳ</span> <span class='ocrx_word' id='word_1_753' title='bbox 2142 5294 2267 5362; x_wconf 81' lang='grc' dir='ltr'>ἤθει</span> <span class='ocrx_word' id='word_1_754' title='bbox 2323 5292 2414 5347; x_wconf 84' lang='grc' dir='ltr'>καὶ</span> <span class='ocrx_word' id='word_1_755' title='bbox 2472 5281 2780 5370; x_wconf 76' lang='grc' dir='ltr'>ἀπεριέργῳ</span> <span class='ocrx_word' id='word_1_756' title='bbox 2833 5296 2934 5363; x_wconf 77' lang='grc' dir='ltr'>τήν</span> <span class='ocrx_word' id='word_1_757' title='bbox 2999 5295 3189 5349; x_wconf 71' lang='grc' dir='ltr'>ἑαυτοῦ</span> <span class='ocrx_word' id='word_1_758' title='bbox 3245 5291 3507 5371; x_wconf 76' lang='grc' dir='ltr'>εὖγένεὶαν</span> <span class='ocrx_word' id='word_1_759' title='bbox 3561 5281 3782 5343; x_wconf 71' lang='grc' dir='ltr'>ἐνδεικνύ·</span> 
     </span>
    </p>
   </div>
   <div class='ocr_carea' id='block_1_107' title="bbox 427 5371 3779 5454">
    <p class='ocr_par' dir='ltr' id='par_1_107' title="bbox 427 5371 3779 5454">
     <span class='ocr_line' id='line_1_107' title="bbox 427 5371 3779 5454; baseline -0.001 -19"><span class='ocrx_word' id='word_1_760' title='bbox 427 5394 610 5446; x_wconf 81' lang='grc' dir='ltr'>μενος,</span> <span class='ocrx_word' id='word_1_761' title='bbox 645 5376 720 5437; x_wconf 79' lang='grc' dir='ltr'>ὡς</span> <span class='ocrx_word' id='word_1_762' title='bbox 751 5375 1094 5454; x_wconf 77' lang='grc' dir='ltr'>ἐκπλαγῆναι</span> <span class='ocrx_word' id='word_1_763' title='bbox 1137 5377 1230 5451; x_wconf 75' lang='grc' dir='ltr'>μὲν</span> <span class='ocrx_word' id='word_1_764' title='bbox 1285 5379 1374 5433; x_wconf 90' lang='grc' dir='ltr'>τὸν</span> <span class='ocrx_word' id='word_1_765' title='bbox 1431 5376 1694 5454; x_wconf 74' lang='grc' dir='ltr'>ἄρχοντα,</span> <span class='ocrx_word' id='word_1_766' title='bbox 1753 5379 2072 5454; x_wconf 85' lang='grc' dir='ltr'>ἀγανακτεῖν</span> <span class='ocrx_word' id='word_1_767' title='bbox 2135 5379 2193 5437; x_wconf 74' lang='grc' dir='ltr'>δὲ</span> <span class='ocrx_word' id='word_1_768' title='bbox 2250 5380 2568 5454; x_wconf 77' lang='grc' dir='ltr'>λεληθότως</span> <span class='ocrx_word' id='word_1_769' title='bbox 2625 5383 2752 5446; x_wconf 82' lang='grc' dir='ltr'>τοὺς</span> <span class='ocrx_word' id='word_1_770' title='bbox 2801 5382 2890 5437; x_wconf 81' lang='grc' dir='ltr'>ὐπ’</span> <span class='ocrx_word' id='word_1_771' title='bbox 2951 5383 3135 5454; x_wconf 83' lang='grc' dir='ltr'>αὐτὸν,</span> <span class='ocrx_word' id='word_1_772' title='bbox 3169 5382 3213 5437; x_wconf 79' lang='grc' dir='ltr'>εί</span> <span class='ocrx_word' id='word_1_773' title='bbox 3241 5386 3485 5440; x_wconf 78' lang='grc' dir='ltr'>τοιοῦτος</span> <span class='ocrx_word' id='word_1_774' title='bbox 3535 5371 3779 5431; x_wconf 72' lang='grc' dir='ltr'>ὧνὸνέο(</span> 
     </span>
    </p>
   </div>
   <div class='ocr_carea' id='block_1_108' title="bbox 423 5458 3778 5548">
    <p class='ocr_par' dir='ltr' id='par_1_108' title="bbox 423 5458 3778 5548">
     <span class='ocr_line' id='line_1_108' title="bbox 423 5458 3778 5548; baseline -0.001 -30"><span class='ocrx_word' id='word_1_775' title='bbox 423 5470 773 5539; x_wconf 86' lang='grc' dir='ltr'>συγχωροῖτο</span> <span class='ocrx_word' id='word_1_776' title='bbox 807 5463 950 5520; x_wconf 75' lang='grc' dir='ltr'>οἷ’κοι</span> <span class='ocrx_word' id='word_1_777' title='bbox 1009 5465 1372 5524; x_wconf 87' lang='grc' dir='ltr'>πολινοστεῖν.</span> <span class='ocrx_word' id='word_1_778' title='bbox 1434 5465 1590 5524; x_wconf 85' lang='grc' dir='ltr'>Ἀλλ’</span> <span class='ocrx_word' id='word_1_779' title='bbox 1642 5466 1889 5539; x_wconf 88' lang='grc' dir='ltr'>ἀπελύθη</span> <span class='ocrx_word' id='word_1_780' title='bbox 1950 5471 2104 5543; x_wconf 76' lang='grc' dir='ltr'>’ὅμως</span> <span class='ocrx_word' id='word_1_781' title='bbox 2163 5471 2429 5545; x_wconf 75' lang='grc' dir='ltr'>εὐμενεία-</span> <span class='ocrx_word' id='word_1_782' title='bbox 2487 5477 2620 5528; x_wconf 80' lang='grc' dir='ltr'>Θεοῦ</span> <span class='ocrx_word' id='word_1_783' title='bbox 2679 5473 2707 5527; x_wconf 82' lang='grc' dir='ltr'>ὁ</span> <span class='ocrx_word' id='word_1_784' title='bbox 2770 5471 3135 5548; x_wconf 73' lang='grc' dir='ltr'>αἲχμάλωτος</span> <span class='ocrx_word' id='word_1_785' title='bbox 3191 5477 3298 5528; x_wconf 90' lang='grc' dir='ltr'>τῶν</span> <span class='ocrx_word' id='word_1_786' title='bbox 3356 5468 3625 5544; x_wconf 82' lang='grc' dir='ltr'>Ῥωμαίων</span> <span class='ocrx_word' id='word_1_787' title='bbox 3676 5458 3778 5515; x_wconf 81' lang='grc' dir='ltr'>λαὸς</span> 
     </span>
    </p>
   </div>
   <div class='ocr_carea' id='block_1_109' title="bbox 421 5552 3237 5638">
    <p class='ocr_par' dir='ltr' id='par_1_109' title="bbox 421 5552 3237 5638">
     <span class='ocr_line' id='line_1_109' title="bbox 421 5552 3237 5638; baseline 0.004 -31"><span class='ocrx_word' id='word_1_788' title='bbox 421 5552 659 5620; x_wconf 77' lang='grc' dir='ltr'>ἀπαθὴς,</span> <span class='ocrx_word' id='word_1_789' title='bbox 693 5553 1013 5622; x_wconf 79' lang='grc' dir='ltr'>συνεξῆλθον</span> <span class='ocrx_word' id='word_1_790' title='bbox 1053 5554 1110 5609; x_wconf 73' lang='grc' dir='ltr'>δὲ</span> <span class='ocrx_word' id='word_1_791' title='bbox 1140 5557 1192 5610; x_wconf 72' lang='grc' dir='ltr'>οἱ</span> <span class='ocrx_word' id='word_1_792' title='bbox 1223 5562 1319 5612; x_wconf 80' lang='grc' dir='ltr'>τοῦ</span> <span class='ocrx_word' id='word_1_793' title='bbox 1353 5557 1642 5614; x_wconf 88' lang='grc' dir='ltr'>Βασιλείου</span> <span class='ocrx_word' id='word_1_794' title='bbox 1669 5562 1870 5631; x_wconf 88' lang='grc' dir='ltr'>γονεῖς,</span> <span class='ocrx_word' id='word_1_795' title='bbox 1900 5561 1993 5614; x_wconf 84' lang='grc' dir='ltr'>τὸν</span> <span class='ocrx_word' id='word_1_796' title='bbox 2023 5559 2281 5638; x_wconf 80' lang='grc' dir='ltr'>φίλτατον</span> <span class='ocrx_word' id='word_1_797' title='bbox 2316 5562 2518 5616; x_wconf 74' lang='grc' dir='ltr'>ἑαυτῶν</span> <span class='ocrx_word' id='word_1_798' title='bbox 2550 5559 2718 5618; x_wconf 89' lang='grc' dir='ltr'>παῖδα</span> <span class='ocrx_word' id='word_1_799' title='bbox 2747 5563 3237 5638; x_wconf 86' lang='grc' dir='ltr'>προσεπαγόμενο·.</span> 
     </span>
    </p>
   </div>
   <div class='ocr_carea' id='block_1_110' title="bbox 497 5641 2073 5715">
    <p class='ocr_par' dir='ltr' id='par_1_110' title="bbox 497 5641 2073 5715">
     <span class='ocr_line' id='line_1_110' title="bbox 497 5641 2073 5715; baseline 0.004 -17"><span class='ocrx_word' id='word_1_800' title='bbox 497 5641 679 5698; x_wconf 84' lang='lat' dir='ltr'>Multa</span> <span class='ocrx_word' id='word_1_801' title='bbox 735 5642 1010 5699; x_wconf 80' lang='lat' dir='ltr'>feruntur</span> <span class='ocrx_word' id='word_1_802' title='bbox 1061 5645 1284 5701; x_wconf 86' lang='lat' dir='ltr'>indicia</span> <span class='ocrx_word' id='word_1_803' title='bbox 1329 5646 1509 5702; x_wconf 87' lang='lat' dir='ltr'>futuri</span> <span class='ocrx_word' id='word_1_804' title='bbox 1565 5646 1799 5715; x_wconf 88' lang='lat' dir='ltr'>imperii</span> <span class='ocrx_word' id='word_1_805' title='bbox 1858 5648 2073 5705; x_wconf 89' lang='lat' dir='ltr'>Basilio</span> 
     </span>
    </p>
   </div>
   <div class='ocr_carea' id='block_1_111' title="bbox 2257 5640 3772 5726">
    <p class='ocr_par' dir='ltr' id='par_1_111' title="bbox 2257 5640 3772 5726">
     <span class='ocr_line' id='line_1_111' title="bbox 2257 5640 3772 5726; baseline -0.003 -20"><span class='ocrx_word' id='word_1_806' title='bbox 2257 5652 2398 5706; x_wconf 78' lang='grc' dir='ltr'>Φασὶ</span> <span class='ocrx_word' id='word_1_807' title='bbox 2425 5649 2483 5706; x_wconf 76' lang='grc' dir='ltr'>δὶ</span> <span class='ocrx_word' id='word_1_808' title='bbox 2538 5652 2629 5706; x_wconf 84' lang='grc' dir='ltr'>καὶ</span> <span class='ocrx_word' id='word_1_809' title='bbox 2687 5649 2879 5707; x_wconf 81' lang='grc' dir='ltr'>πολλὰ</span> <span class='ocrx_word' id='word_1_810' title='bbox 2933 5656 3136 5726; x_wconf 79' lang='grc' dir='ltr'>σημεῖα</span> <span class='ocrx_word' id='word_1_811' title='bbox 3197 5654 3545 5726; x_wconf 82' lang='grc' dir='ltr'>συνενεχθῆνα</span> <span class='ocrx_word' id='word_1_812' title='bbox 3611 5640 3772 5705; x_wconf 66' lang='grc' dir='ltr'>τούτῳ,</span> 
     </span>
    </p>
   </div>
  </div>
