4054 6286
349 350 509 411 1073

1497 353 2042 418 HISTORIARUM
2091 349 2639 415 COMPENDIUM.

3610 360 3765 421 1074

348 486 630 557 γνώριμον
663 488 998 546 καθιστῶνται
1025 486 1118 539 τὸν
1151 483 1340 560 ἄνδρα,
1373 486 1448 542 ὡς
1478 487 1553 549 εἷς
1579 489 1680 556 τήν
1711 486 1986 561 βασίλειον

2109 485 2316 551 fuisse,
2349 502 2478 555 quae
2528 486 2858 542 omittenda
2904 487 3078 542 nobis
3127 493 3286 557 sunt,
3321 507 3396 545 ne
3450 491 3689 564 longius
3731 512 3766 549 a

352 572 622 650 ἀναχθείη
655 575 962 647 περιωπήν.
1013 571 1196 632 Ἀλλὰ
1252 574 1319 630 τὰ
1379 578 1481 649 μέα
1539 574 1688 631 ἄΛλα
1744 573 2002 649 παριτέον

347 665 429 734 τῷ
472 661 626 738 λόγῳ
685 663 764 724 ὡς
827 661 1116 732 παρολκήν
1182 663 1533 736 ἐμποιοῦντα·
1567 661 1674 719 ’ὁδ’
1730 664 1792 719 ού
1851 662 2005 735 θέμις

348 748 688 826 παραδοῦναι
722 751 866 825 σιγῇ,
899 757 1061 806 τοῦτο
1117 753 1209 806 καὶ
1267 750 1632 828 διηγήσομαι.
1692 753 1892 828 Θέρους
1938 752 2004 821 ἦν

346 841 526 914 ἀκμὴ,
556 839 645 895 καὶ
679 842 730 895 οἱ
760 841 852 895 τόν
885 838 1052 896 παῖδα
1080 842 1459 918 γεγεννηκότες
1511 843 1739 913 ἐξῆλθον
1788 843 1865 904 εἰς
1910 843 2002 896 τὸν

348 928 488 984 ἴδιον
523 930 713 1006 ἀγρὸν,
746 929 876 993 τοὺς
909 931 1156 1005 θεριστὰς
1215 934 1350 1006 πρὸς
1406 933 1470 986 τὸ
1534 926 1690 1007 ἔργον
1749 930 2002 987 ἐντείνον-

343 1041 452 1083 τες.
491 1020 590 1076 Καὶ
625 1019 775 1076 οὗτοι
809 1021 902 1094 μὲν
933 1023 1068 1090 ἦσαν
1099 1022 1235 1094 πρὸς
1279 1023 1517 1092 τούτοις,
1572 1024 1634 1076 τὸ
1684 1019 1742 1077 δὲ
1782 1019 2000 1077 παιδίον

339 1108 432 1164 ’ίνα
467 1112 540 1183 μή
597 1109 702 1164 ὑπὸ
755 1114 852 1165 τοῦ
909 1109 1153 1175 θάλπους
1209 1111 1608 1187 καταφλέγοιτο
1665 1116 1762 1166 τοῦ
1812 1109 1999 1181 ἡλίου,

342 1202 552 1270 σκηνήν
583 1220 704 1254 τινα
731 1198 1114 1275 σχεδιάσαντες
1140 1200 1201 1256 ἐκ
1230 1205 1326 1256 τοῦ
1366 1198 1669 1273 συνδέσμου
1698 1205 1806 1256 τῶν
1840 1201 2000 1255 ἀστα-

347 1290 505 1369 χύων
535 1287 587 1343 ἕν
629 1289 798 1364 ταύτῃ
855 1290 1045 1345 τοῦτον
1101 1292 1578 1365 κοιμηθησόμενον
1628 1287 1828 1360 ἔθεντο,
1885 1291 2002 1362 ἓιμα

347 1381 443 1452 μὲν
481 1386 582 1448 τῆς
638 1383 734 1433 τοῦ
792 1378 958 1448 ἡλίου
1014 1380 1220 1455 θέρμης
1287 1380 1378 1435 τὸν
1435 1380 1684 1435 καύσωνα
1739 1374 1997 1440 ἀϐλαϐῶς

346 1466 582 1531 διελθεῖν
620 1468 1039 1543 μηχανώμενοι,
1093 1470 1204 1541 ἅμα
1265 1467 1323 1523 δε
1373 1470 1463 1524 καὶ
1521 1468 1593 1531 ὠς
1649 1468 1996 1542 ἀπερικόπως

351 1558 634 1631 ὑπνώττῃ,
671 1559 747 1629 μή
783 1558 884 1612 ὑπό
914 1578 1063 1620 τινος
1120 1557 1312 1631 ἔξωθεν
1367 1557 1791 1634 ἐνοχλούμενος.
1844 1556 1996 1615 Ἀλλ’

348 1649 548 1705 ἐκεῖνοι
639 1650 731 1722 μὲν
815 1653 914 1720 τήν
1011 1646 1259 1724 στίϐάδα,
1318 1653 1392 1714 ὡς
1447 1653 1475 1707 ὁ
1532 1653 1719 1727 καιρὸς
1791 1648 1993 1721 ἐδίδου,

345 1737 732 1814 σχεδιάσαντες
834 1739 926 1794 καὶ
1028 1742 1120 1795 τὸν
1221 1739 1389 1796 παῖδα
1493 1741 1994 1813 κατακάιμήσαντες

346 1830 562 1931 ᾤχοντο
629 1831 764 1931 πρὸς
819 1830 882 1885 τὸ
939 1825 1134 1931 ἔργονὶΔ
1174 1836 1272 1886 τοῦ
1328 1831 1496 1901 ἡλίου
1557 1830 1613 1886 δὲ
1685 1833 1781 1895 τὰς
1837 1831 1990 1886 ἀκτῖ-
2022 1865 2070 1931 Β

340 1940 434 1980 νας
490 1918 806 1998 ἐπαφιέντος
866 1920 948 1991 τῷ
1004 1917 1159 1974 παιδὶ
1218 1921 1307 1975 καὶ
1393 1920 1455 1975 οὐ
1527 1925 1734 1994 μικρῶς
1813 1921 1992 1994 τούτῳ

340 2005 846 2082 παρενοχλοῦντος,
941 2009 1094 2069 ἀετὸς
1182 2009 1546 2072 έπικαταπτάς
1631 2009 1990 2082 ἡπλωμέναις

339 2104 458 2160 ταῖς
519 2096 741 2172 πτέρυξι
801 2097 863 2152 τὸ
941 2095 1160 2152 παιδίον
1246 2098 1503 2168 ἐσκίαζεν.
1592 2100 1878 2174 ’Λρθείσης
1936 2096 1994 2154 δὲ

337 2186 493 2262 παρὰ
589 2190 695 2240 τῶν
775 2183 1003 2241 ἰδόντων
1077 2189 1280 2259 φωνῆς,
1361 2188 1436 2260 μή
1510 2208 1562 2241 τι
1664 2186 1754 2241 καὶ
1828 2185 1990 2241 πάθοι

337 2276 485 2349 παρὰ
524 2280 623 2330 τοῦ
687 2275 831 2343 ζώου
881 2269 1314 2345 εὐλαϐηθέντων,
1346 2277 1381 2344 ἡ
1417 2278 1604 2349 μήτηρ
1654 2273 1807 2338 εὐθὺς
1856 2275 1992 2348 πρὸς

334 2365 429 2419 τὸν
465 2361 638 2419 παῖδα
667 2360 970 2439 δραμοῦσα,
1024 2364 1099 2424 ὡς
1157 2363 1278 2438 εῦρε
1329 2363 1518 2418 ἐοῦτον
1579 2361 1756 2432 ἡδέως
1808 2362 1994 2426 καθεύ-

339 2450 506 2506 δοντα
537 2449 722 2506 ἰδοῦσα
754 2449 816 2506 δὲ
843 2452 934 2505 καὶ
963 2452 1054 2506 τὸν
1083 2451 1238 2507 ἀετὸν
1287 2456 1368 2523 τῷ
1409 2449 1614 2524 παιδίῳ
1671 2453 1821 2506 σκιὰν
1873 2456 1992 2511 ταῖς

340 2541 1050 2615 πτέρυξιπεριποιούμενον
1105 2543 1194 2596 καὶ
1258 2538 1398 2614 μηδὲ
1455 2543 1594 2614 πρὸς
1641 2542 1740 2609 τήν
1790 2542 1992 2611 ταύτης

341 2630 679 2707 ἐκπλαγέντα
726 2630 1027 2700 ἐπέλευσιν,
1068 2629 1198 2686 ἀλλ’
1245 2629 1429 2701 ὥσπερ
1474 2630 1562 2685 καὶ
1619 2631 1782 2706 χάριν
1828 2631 1990 2686 άπαι-

2116 575 2418 644 proposito
2450 573 2834 630 abducamur.
2867 577 3059 631 Unum
3095 584 3294 634 tamen
3326 583 3632 650 praeterire
3663 601 3767 638 ne-

2116 679 2416 734 quaquam
2449 664 2738 718 convenit.
2773 665 2976 720 Messis
3007 671 3277 737 tempore
3328 675 3608 739 parentes
3639 671 3769 742 ejus

2116 768 2251 807 cum
2282 751 2346 806 in
2378 768 2583 822 agrum
2604 752 2892 820 exissent,
2914 758 2980 807 ut
3002 771 3332 811 messorum
3363 774 3575 830 operas
3601 777 3769 832 urge-

2113 845 2266 906 rent,
2302 839 2606 904 Basilium,
2643 858 2716 895 ne
2749 841 2894 896 solis
2942 848 3091 899 aastu
3120 843 3455 918 laaderetur,
3489 850 3597 905 sub
3635 867 3769 906 um-

2112 929 2355 985 braculo
2387 929 2645 999 quodam
2694 946 2763 985 ex
2810 932 3130 1003 manipulis
3181 935 3376 991 subito
3421 945 3762 996 constructo

2109 1023 2524 1090 reposuerunt,
2558 1024 2624 1073 ut
2667 1019 2815 1074 987
2872 1021 3053 1077 simul
3101 1029 3160 1078 et
3210 1040 3244 1080 a
3281 1027 3584 1084 radiorum
3617 1031 3760 1086 solis

2110 1108 2334 1164 fervore
2362 1113 2521 1162 tutus
2553 1114 2710 1163 esset
2734 1114 2794 1163 et
2813 1109 2941 1164 sine
2963 1111 3236 1166 molestia
3257 1114 3562 1186 dormiret,
3592 1119 3760 1174 nulla

2109 1215 2173 1253 re
2222 1197 2697 1264 interturbante;
2730 1198 2964 1270 ipsique
3015 1200 3089 1256 ad
3141 1219 3289 1273 opus
3339 1206 3529 1277 sopito
3575 1224 3758 1278 puero

2109 1288 2533 1345 discesserunt.
2566 1290 2712 1344 Cum
2756 1305 2891 1343 vero
2940 1289 3026 1344 sol
3056 1292 3254 1348 radios
3305 1295 3358 1348 ei
3387 1295 3674 1352 imitteret
3704 1302 3762 1352 et

2107 1394 2227 1433 non
2260 1394 2495 1449 parvam
2527 1378 2768 1433 afferret
2796 1378 3154 1449 molestiam,
3189 1383 3391 1454 aquila
3421 1402 3488 1439 eo
3521 1385 3757 1442 devola-

2106 1469 2186 1524 vit
2218 1473 2275 1523 et
2307 1468 2495 1540 passis
2526 1468 2636 1523 alis
2684 1485 2936 1539 puerum
2985 1470 3377 1528 obumbravit.
3411 1476 3576 1540 Quod
3621 1493 3755 1531 cum

2106 1559 2392 1612 vidissent
2419 1557 2541 1625 alii,
2575 1561 2634 1612 et
2676 1574 2796 1629 pra)
2844 1563 3008 1614 metu
3037 1577 3110 1614 ne
3162 1562 3305 1630 quid
3334 1564 3536 1634 aquila
3565 1581 3750 1635 puero

2105 1647 2247 1703 mali
2278 1648 2500 1702 faceret
2531 1646 2983 1714 exclamassent,
3016 1651 3271 1705 accurrit
3299 1658 3490 1707 mater
3517 1654 3752 1708 videns-

2106 1756 2219 1811 que
2241 1753 2492 1810 puerum
2513 1739 2768 1793 suaviter
2783 1739 3043 1795 dormire
3058 1743 3387 1812 etaquilam
3406 1744 3460 1798 ei
3479 1745 3751 1800 umbram

2104 1829 2239 1884 aliis
2262 1829 2384 1883 suis
2406 1827 2691 1898 prabere,
2715 1844 2908 1898 neque
2927 1829 3114 1901 ipsius
3131 1831 3389 1887 adventu
3411 1832 3752 1901 absterreri,

2103 1917 2206 1973 sed
2238 1918 2406 1989 quasi
2439 1917 2686 1989 gratiam
2719 1933 3046 1988 reposcere,
3081 1920 3142 1974 in
3177 1923 3498 1992 praesentia
3526 1922 3756 1978 divina-

2101 2007 2260 2062 tione
2293 2005 2459 2061 nulla
2505 2006 2579 2060 ad
2631 2006 2884 2062 animum
2929 2007 3255 2076 accidente,
3287 2011 3483 2082 lapide
3531 2027 3565 2066 a
3595 2016 3755 2066 terra

2102 2096 2333 2152 sublato
2388 2095 2651 2166 aquilam
2701 2096 2916 2168 abegit,
2968 2114 3098 2168 quae
3149 2099 3458 2170 paululum
3515 2099 3757 2156 avolans

2101 2186 2362 2258 digressa
2391 2189 2582 2240 matre
2627 2185 2826 2240 statim
2875 2185 3072 2256 rediit,
3106 2192 3165 2242 et
3192 2194 3259 2243 ut
3304 2193 3441 2244 ante
3475 2189 3754 2244 Basilium

2101 2274 2492 2330 obumbravit.
2526 2276 2781 2330 Rursum
2805 2291 2941 2346 ergo
2975 2276 3339 2332 exclamatnr
3368 2294 3401 2332 a
3431 2279 3752 2349 spectanti-

2101 2366 2232 2432 bus,
2260 2369 2567 2434 materque
2596 2380 2912 2419 accurrens
2958 2366 3222 2436 aquilam
3272 2367 3467 2437 lapide
3507 2385 3541 2422 a
3569 2385 3754 2438 puero

2101 2454 2302 2525 abigit,
2337 2469 2524 2523 eaque
2574 2454 2704 2524 ipsa
2751 2453 3016 2525 digressa
3064 2455 3238 2510 redit.
3268 2457 3388 2510 Hoc
3434 2455 3753 2527 aliquoties

2100 2542 2276 2607 facto,
2328 2541 2571 2596 tandem
2619 2541 2883 2597 divinum
2939 2543 3051 2597 hoc
3100 2559 3230 2598 esse
3279 2543 3517 2615 signum
3562 2551 3756 2601 mater

2103 2630 2373 2702 cognovit
2403 2634 2461 2684 et
2489 2646 2558 2685 ex
2589 2630 2904 2700 praeteritis
2932 2631 3134 2687 futura
3163 2632 3416 2704 collegit.

332 2723 560 2782 τοῦντος
592 2719 786 2788 αὐτὴν,
817 2720 954 2774 κατά
988 2719 1081 2791 μὲν
1113 2719 1174 2773 τὸ
1206 2717 1503 2792 πρόχειρον
1538 2717 1636 2772 οὐκ
1694 2718 1772 2781 εἷς
1821 2721 1943 2772 νοῦν
1990 2711 2198 2771 ’ἐϐαλλε
2251 2717 2313 2770 τὸ
2368 2717 2716 2788 θεοπρόπιον,
2777 2715 2905 2771 ἀλλ’
2963 2717 3037 2778 ὠς
3096 2720 3218 2793 εἶχε
3273 2718 3425 2773 λίθον
3475 2719 3582 2774 ἀπὸ
3640 2727 3742 2789 τῆς

328 2817 434 2884 γῆς
467 2803 709 2864 λαϐοῦσα
737 2809 830 2863 τὸν
860 2807 1010 2863 ἀετὸν
1044 2805 1331 2866 ἀπεδίωκε.
1368 2809 1461 2863 Καὶ
1522 2807 1678 2869 οὗτος
1747 2807 1842 2879 μὲν
1898 2805 2093 2880 μικρὸν
2152 2805 2389 2875 ἀπέπτη,
2447 2811 2548 2873 τῆς
2606 2802 2663 2858 δὲ
2720 2806 2978 2879 γυναικὸς
3031 2808 3166 2879 πρὸς
3223 2807 3313 2862 τὸν
3372 2805 3541 2883 ἂνδρα
3610 2809 3746 2864 ὑπο-

332 2897 642 2972 στρεψάσης
666 2895 831 2952 πάλιν
889 2903 1067 2972 παρῆν
1102 2897 1130 2950 ὁ
1163 2897 1316 2960 ἀετὸς
1371 2897 1507 2952 κατὰ
1561 2896 1623 2950 τὸ
1678 2896 1940 2970 πρότερον
1998 2901 2196 2969 σχῆμα
2251 2892 2609 2965 ἡπλωμέναις
2657 2899 2774 2955 ταῖς
2829 2895 3051 2970 πτέρυξι
3104 2897 3168 2950 τὸ
3223 2894 3437 2951 παιδίον
3495 2895 3745 2952 ἐπισκιά-

335 2993 464 3056 ζων.
498 2987 598 3042 Καὶ
635 2985 801 3042 πάλιν
830 2985 966 3060 ἦρτο
998 2988 1152 3064 φωνή
1209 2986 1357 3061 παρά
1409 2990 1521 3040 τῶν
1579 2989 1782 3049 θεατῶν
1843 2982 2158 3060 διωλύγιος,
2209 2983 2298 3037 καὶ
2347 2985 2382 3052 ἡ
2436 2984 2621 3058 μήτηρ
2670 2983 2806 3057 πρὸς
2861 2985 2924 3038 τὸ
2981 2981 3222 3054 παιδίον,
3291 2985 3380 3039 καὶ
3440 2983 3580 3058 λίθῳ
3637 2988 3746 3041 πάν

331 3075 420 3130 λιν
454 3075 482 3129 ὁ
535 3074 689 3136 ἀετὸς
745 3070 1212 3147 ἆποσοϐούμενος,
1270 3075 1360 3129 καὶ
1391 3076 1425 3144 ἡ
1455 3080 1558 3143 τῆς
1615 3074 1824 3150 μητρὸς
1883 3073 2019 3148 πρὸς
2074 3071 2204 3134 τοὺς
2245 3070 2641 3148 ἐργαζομένους
2689 3071 3030 3150 ὑποστροφή.
3083 3074 3172 3135 Ὠς
3223 3070 3281 3127 δὲ
3326 3073 3416 3127 καὶ
3462 3075 3581 3147 τρὶς
3644 3076 3746 3130 καὶ

327 3161 601 3225 πολλάκις
642 3169 806 3219 τοῦτο
861 3162 1088 3237 ἐγένετο,

331 3258 441 3307 τῶν
466 3248 862 3326 προλαϐόντων
895 3253 961 3308 τὰ
990 3253 1258 3326 γενόμενα
1285 3252 1525 3329 ὕστερον.

1145 3162 1311 3236 μόλις
1369 3165 1503 3219 ποτε
1558 3162 1904 3233 συναίσθησιν
1961 3165 2060 3218 τοῦ
2119 3159 2263 3225 θείου
2315 3155 2586 3232 λαμϐάνει
2643 3155 2948 3234 συμϐόλου,
3007 3163 3098 3215 καὶ
3163 3165 3584 3235 τεκμηριοῦνται
3643 3159 3735 3217 διὰ

407 3341 705 3420 Ἐπρέφετο
736 3341 914 3397 τοίνυν
950 3340 1039 3397 διὰ
1068 3342 1245 3413 πάσης
1291 3340 1609 3416 ἐπιμελείας
1639 3341 1667 3396 ὁ
1696 3345 1824 3403 παῖς
1873 3340 1977 3395 ὕπὸ

2163 3344 2449 3398 Accurate
2482 3358 2516 3396 a
2567 3341 2914 3412 parentibus
2967 3341 3249 3397 educatus
3298 3342 3572 3413 Basilius,
3605 3360 3740 3399 cum

342 3427 532 3505 μόνοις
563 3437 680 3496 τοῖς
710 3430 954 3509 φύσασιν·
995 3434 1076 3506 [Ρ.
1108 3434 1234 3504 560]
1264 3429 1374 3502 ἢδη
1418 3428 1476 3486 δὲ
1516 3430 1680 3486 αὐτοῦ
1725 3431 1827 3500 τὴν
1874 3433 1983 3486 τῶν

337 3520 628 3574 νεανίσκων
675 3519 1114 3595 παραμείιξιαντος
1167 3517 1387 3589 ἡλικίαν
1453 3518 1763 3593 μετήλλαξε
1819 3519 1914 3592 μὲν
1954 3521 1982 3574 ὁ

337 3609 520 3683 πατὴρ
539 3609 629 3662 τὸν
662 3609 804 3682 βίον,
838 3609 1040 3683 χηρεία
1071 3605 1127 3662 δὲ
1158 3608 1280 3682 περὶ
1309 3610 1410 3678 τὴν
1469 3609 1680 3682 μητέρα
1734 3607 1826 3662 καὶ
1888 3608 1982 3682 ὀρ-

336 3696 495 3776 φανία
525 3697 652 3770 περὶ
681 3696 901 3751 τουτονὶ
931 3697 1020 3752 τὸν
1052 3696 1262 3752 νεανίαν
1293 3697 1384 3751 καὶ
1431 3695 1668 3761 ἐντεῦθεν
1707 3696 1847 3751 ἆνίαι
1893 3697 1983 3750 καὶ

336 3785 550 3859 θλίψεις
585 3784 913 3858 ἀπεφύοντο,
945 3784 1188 3860 Ἐπέῤῥει
1221 3783 1279 3840 δὲ
1315 3787 1405 3841 καὶ
1447 3782 1751 3861 φροντίδων
1792 3785 1981 3858 ἐσμὸς,

326 3883 430 3944 τῆς
491 3875 615 3949 περὶ
671 3875 764 3929 τὸν
825 3875 970 3930 οἶκον
1035 3874 1349 3948 ἐπιμελείας
1405 3876 1496 3930 καὶ
1552 3882 1653 3944 τῆς
1710 3876 1980 3949 μητρυιῆς

325 3963 593 4036 προνοίας
624 3961 715 4017 καὶ
753 3966 863 4017 τῶν
889 3959 1141 4035 ἀδελφῶν
1174 3961 1296 4038 ἄρτι
1329 3963 1408 4038 ἐφ’
1430 3964 1617 4019 ἑαυτὸν
1644 3961 1980 4037 ἐξημμένης,

321 4052 585 4127 Ἐπείπερ
619 4054 654 4120 ἡ
683 4050 926 4128 γεωργία
987 4053 1155 4125 μικρά
1206 4072 1290 4112 τις
1331 4051 1616 4127 ἐπικουρία
1663 4048 1839 4106 ἐδόκει
1887 4049 1982 4106 αύ-

323 4144 402 4210 τῷ
434 4139 526 4194 καὶ
561 4139 811 4213 συνεργὸς
841 4139 978 4212 πρὸς
1015 4141 1106 4193 τὸν
1171 4139 1312 4214 βίον,
1359 4139 1676 4213 βουλεύεται
1716 4139 1852 4214 πρὸς
1884 4141 1982 4208 τὴν

330 4226 724 4303 βασιλεύουσαν
755 4225 1017 4291 εἰσελθεῖν
1067 4227 1348 4282 κάντεῦθεν
1395 4228 1573 4299 ἑαυτῷ
1619 4249 1678 4282 τε
1733 4227 1822 4282 καὶ
1865 4232 1984 4291 τοῖς

333 4316 622 4393 φιλτάτοις
653 4314 884 4385 ἐπαξίως
915 4317 1228 4388 ποριζεσθαι
1259 4316 1328 4370 τὰ
1376 4313 1587 4372 δέοντα.
1633 4315 1737 4371 Καὶ
1790 4319 1981 4370 τοῦτον

336 4406 433 4477 μὶο
491 4406 639 4480 εῖχεν
672 4407 699 4459 ὁ
739 4407 876 4479 πρὸς
933 4406 1034 4474 τὴν
1097 4405 1486 4479 βασιλεύουσαν
1531 4400 1684 4480 ἔρως,
1735 4404 1980 4460 ἀνθεῖλκε

327 4489 511 4548 δὲκαὶ
575 4499 824 4568 κατεῖχεν
855 4496 890 4562 ἡ
927 4495 1136 4568 μήτηρ,
1199 4495 1276 4566 μὴ
1336 4499 1694 4569 συγχωροῦσα
1751 4501 1977 4563 ποιῆσαι

321 4583 384 4634 τὸ
418 4581 844 4655 βουλευόμενον,
879 4580 1024 4637 ἀλλὰ
1072 4583 1397 4657 προσμένειν
1446 4581 1838 4657 παρακαλοῦσα
1886 4583 1976 4637 καὶ

325 4677 714 4749 γηροτροφεῖν,
769 4669 1111 4735 ἆπελθοῦσαν
1171 4669 1226 4726 δὲ
1280 4675 1639 4748 παραπέμψαι
1681 4678 1800 4732 ταῖς
1853 4672 1978 4726 ἑαυ-

319 4765 418 4815 τοῦ
454 4761 634 4834 χερσὶ,
679 4761 766 4816 καὶ
829 4761 970 4816 οὕτω
1028 4762 1251 4835 πορείαν
1304 4762 1612 4816 στείλασθαι
1670 4764 1769 4831 τήν
1831 4763 1976 4834 αύτῷ

322 4851 680 4922 καταθύμιον.
714 4849 893 4904 Ἀλλὰ
919 4849 1009 4904 καὶ
1042 4850 1216 4911 οὕτως
1248 4851 1416 4919 αὐτὴν
1450 4850 1682 4925 ἔχουσαν
1740 4848 1974 4906 δυσαπο-

325 4939 575 5000 σπάστως
608 4941 661 4993 αἱ
697 4939 950 5014 βιωτικαὶ
1009 4936 1289 5016 φροντίδες
1339 4938 1718 4995 ἀναπείθουσιν
1767 4940 1974 4995 ἀπολῦ-

322 5049 432 5086 σαι.
467 5029 632 5101 Ἄρας
662 5025 754 5081 οὖν
786 5027 845 5082 ἐκ
876 5023 1218 5088 Μακεδονίας
1244 5030 1343 5094 τήν
1379 5027 1640 5102 βατιλίδα
1686 5030 1974 5103 καταλαμ-

323 5111 489 5171 ϐάνει·
520 5118 611 5170 καὶ
659 5116 722 5170 τὸ
785 5115 981 5189 μεταξὺ
1041 5113 1291 5177 διανύσας
1342 5113 1639 5191 διάστημα,
1696 5120 1783 5173 καὶ
1841 5118 1976 5174 κατᾶ

323 5208 420 5266 τὰς
455 5210 673 5277 Χρυσᾶς
705 5204 884 5266 πύλας
913 5211 1015 5273 τῆς
1078 5203 1362 5279 βασιλίδος
1408 5207 1722 5280 γενόμενος,
1765 5209 1854 5261 καὶ
1906 5204 1976 5261 δι’

323 5294 500 5351 αὐτῶν
533 5294 791 5351 εἷ’σελθὼν
816 5293 924 5366 ἤδη
977 5296 1113 5369 πρὸς
1169 5296 1394 5372 ἑσπέραν
1457 5305 1557 5366 τῆς
1609 5300 1821 5373 ἡμέρας
1878 5296 1972 5353 οὕ-

321 5405 444 5456 σης,
497 5384 546 5438 ἐν
607 5389 676 5457 τῇ
733 5389 832 5439 τοῦ
890 5385 1048 5459 ἁγίου
1119 5386 1392 5459 μάρτυρος
1453 5383 1767 5460 Διομήδους
1811 5391 1973 5460 μονῇ,

324 5475 459 5528 κατᾶ
490 5476 557 5528 τὰ
588 5474 641 5528 ἐν
670 5479 787 5534 τοῖς
819 5472 1143 5547 προαυλίοις
1198 5474 1366 5548 βάθρα
1417 5476 1520 5547 τῳὸ
1564 5479 1660 5530 τοῦ
1701 5475 1975 5542 πυλῶνος,
2005 5517 2008 5520 .

325 5565 632 5625 κατάκοπος
657 5559 759 5631 ὧν,
783 5561 1074 5633 ἆτηπελῶς
1109 5567 1182 5627 ὼς
1212 5563 1401 5641 ἔτυχεν
1445 5563 1734 5640 ἐπιῤῥίψας
1785 5565 1974 5621 ἐαυτὸν

326 5650 636 5706 ἀνεπαύετο.
672 5651 802 5726 Πρεὶ
833 5650 1058 5727 πρώτην
1088 5649 1146 5707 δὲ
1175 5652 1422 5729 φυλακήν
1478 5660 1579 5722 τῆς
1625 5654 1817 5717 νυκτὸς
1847 5655 1973 5730 δναρ

2086 3430 2213 3502 jam
2263 3448 2330 3487 ex
2381 3430 2625 3502 ephebis
2673 3430 3048 3498 excessisset,
3098 3436 3327 3503 patrem
3379 3433 3598 3488 amisit.
3654 3435 3742 3489 Ita

2091 3521 2272 3576 orbus
2301 3520 2403 3576 ille
2434 3525 2618 3592 patre,
2653 3527 2842 3576 matre
2873 3520 3064 3590 vidua,
3092 3521 3249 3576 varie
3280 3521 3553 3577 afﬂictari
3582 3523 3736 3578 988

2091 3612 2269 3683 coepit
2297 3629 2366 3667 ac
2395 3612 2465 3666 de
2499 3629 2562 3666 re
2593 3611 2870 3666 familiari
2903 3611 3196 3666 sollicitus
3230 3629 3362 3666 esse
3397 3629 3739 3683 quanquam

2089 3699 2152 3754 in
2184 3716 2315 3754 eam
2345 3715 2548 3754 curam
2579 3705 2770 3752 mater
2814 3715 3050 3768 quoque
3083 3705 3139 3752 et
3186 3699 3398 3753 fratres
3431 3699 3741 3754 incumbe-

2089 3788 2251 3843 bant.
2303 3789 2567 3857 Cumque
2626 3787 2688 3841 in
2745 3787 3105 3858 agricultura
3159 3787 3234 3841 ad
3288 3788 3741 3844 sustentandam

2088 3878 2268 3933 vitam
2299 3893 2420 3932 non
2451 3877 2594 3931 satis
2622 3891 2752 3931 esse
2783 3875 3044 3947 praesidii
3076 3880 3331 3946 putaret,
3366 3877 3571 3932 statuit
3601 3881 3744 3948 Cpo-

2088 3966 2174 4021 lin
2205 3965 2496 4037 proﬁcisci
2531 3965 2733 4036 ibique
2780 3964 2890 4020 sibi
2925 3969 2984 4020 et
3031 3964 3154 4019 suis
3185 3964 3260 4019 ad
3311 3965 3490 4020 vitam
3535 3982 3740 4022 neces-

2088 4057 2245 4110 saria
2274 4071 2505 4127 parare.
2541 4056 2659 4109 Hoc
2685 4055 2816 4126 ejus
2838 4053 3101 4108 studium
3139 4054 3504 4125 impediebat
3529 4060 3740 4125 mater,

2086 4161 2330 4199 manere
2379 4159 2582 4198 secum
2635 4149 2696 4198 et
2741 4159 2912 4198 avum
2967 4143 3232 4198 enutrire
3280 4143 3523 4214 jubens,
3575 4150 3634 4198 et
3676 4162 3739 4199 se

2086 4238 2382 4289 mortuam
2415 4233 2538 4288 suis
2566 4232 2842 4288 manibus
2887 4232 3121 4299 efferre,
3155 4237 3333 4301 atque
3381 4233 3464 4286 ita
3495 4231 3736 4288 demum

2084 4321 2376 4393 proﬁcisci
2411 4338 2527 4392 quo
2559 4321 2757 4377 vellet.
2795 4321 2956 4376 Victa
3003 4325 3202 4376 tamen
3252 4321 3378 4376 haec
3424 4321 3554 4392 ejus
3583 4322 3736 4376 reti-

2083 4411 2266 4466 nendi
2310 4410 2602 4482 cupiditas
2655 4416 2741 4465 est
2789 4410 3142 4465 necessitate
3186 4409 3373 4464 victus
3417 4410 3732 4466 tolerandi.

2086 4501 2374 4556 Dimissus
2406 4500 2658 4555 Basilius
2689 4517 2761 4554 ex
2789 4499 3130 4554 Macedonia
3162 4499 3506 4570 Byzantium
3537 4500 3733 4567 venit;

2085 4597 2142 4645 et
2173 4607 2277 4661 per
2307 4596 2561 4644 Auream
2585 4590 2884 4661 ingressus
2913 4593 3144 4658 portam
3169 4588 3264 4642 die
3280 4589 3408 4660 jam
3429 4588 3503 4643 ad
3533 4605 3735 4660 vespe-

2084 4692 2209 4731 ram
2238 4676 2611 4741 inclinata,in
2625 4675 2810 4730 sancti
2830 4675 3107 4745 martyris
3121 4674 3421 4730 Diomedis
3445 4674 3734 4731 vestibulo

2087 4765 2194 4820 sub
2223 4765 2439 4837 gradus
2490 4770 2672 4835 portae
2723 4764 3106 4834 propinquos,
3139 4769 3206 4818 ut
3251 4770 3379 4820 erat
3425 4765 3618 4821 fessus
3661 4765 3733 4820 ab

2085 4855 2317 4922 itinere,
2351 4871 2470 4910 non
2500 4855 2720 4909 refecto
2751 4868 2996 4924 corpore
3029 4869 3155 4908 sese
3204 4854 3422 4925 abjecit
3451 4871 3518 4910 ac
3549 4856 3736 4925 quieti

2084 4944 2266 5000 dedit.
2299 4944 2384 4998 Ibi
2417 4945 2574 4999 circa
2594 4943 2845 5014 primam
2878 4943 3008 5014 ejus
3038 4943 3228 4996 noctis
3251 4944 3506 5014 vigiliam
3534 4959 3734 4998 mona-

2087 5033 2250 5088 sterii
2280 5032 2534 5104 principi
2559 5037 2796 5087 sanctus
2818 5030 3130 5084 Diomedes
3156 5031 3218 5084 in
3241 5030 3466 5084 somnis
3487 5031 3732 5098 assistit,

2077 5119 2297 5190 jubens
2355 5119 2428 5174 ad
2485 5124 2716 5189 portam
2772 5115 2969 5188 egredi
3029 5117 3431 5187 Basiliumque
3490 5118 3731 5173 nomine

2083 5225 2291 5264 vocare
2324 5222 2646 5276 secumque
2696 5206 2758 5259 in
2806 5204 3232 5259 monasterium
3279 5205 3598 5261 adductum
3629 5224 3733 5262 cu.-

2084 5313 2215 5351 rare
2243 5314 2254 5350 :
2289 5297 2447 5350 hunc
2480 5295 2639 5349 enim
2673 5293 2954 5348 divinitus
3009 5294 3428 5362 imperatorem
3460 5295 3731 5365 designa-

2085 5390 2207 5439 tum
2232 5386 2362 5456 ejus
2378 5382 3195 5439 monasteriiinstauratorem
3221 5383 3733 5454 ampliﬁcatorem-

2085 5490 2197 5544 que
2228 5473 2373 5527 fore.
2397 5472 2717 5528 Monachus
2739 5471 2924 5525 visum
2949 5471 3059 5525 hoc
3082 5470 3257 5525 inane
3281 5479 3444 5528 ratus
3466 5475 3732 5547 nihilque

2081 5567 2346 5617 moratus
2377 5577 2585 5616 somno
2615 5577 2675 5615 se
2706 5575 2941 5614 rursum
2975 5557 3092 5614 dat.
3121 5559 3266 5615 Cum
3301 5568 3499 5618 autem
3532 5564 3729 5622 denuo

2080 5652 2234 5708 989
2284 5651 2441 5707 idem
2498 5650 2860 5706 insomnium
2921 5648 3185 5705 oblatum
3235 5651 3452 5722 ipsum,
3487 5658 3551 5707 ut
3603 5659 3729 5710 erat
