4054 6286
397 347 551 412 1075

1750 343 2071 408 GEORGII
2114 343 2459 412 GEDRENI

3641 359 3778 420 1076

399 482 596 551 segnis
627 485 802 550 atque
855 479 1312 546 somniculosus,
1355 495 1475 535 non
1523 477 1860 547 excitasset,
1897 478 2053 538 videt

2168 483 2243 551 τῷ
2265 487 2368 549 τῆς
2397 489 2576 554 μονῆς
2607 484 2905 557 ἡγουμένῳ
2925 485 2954 538 ὃ
2980 487 3188 561 μάρτυς
3210 485 3483 566 ἐφίσταται
3505 487 3777 562 Διομήδης,

397 570 471 626 ad
530 587 593 625 se
653 569 894 624 tertium
953 569 1154 624 venire
1211 573 1556 639 martyrem,
1588 584 1708 624 non
1772 573 1835 624 ut
1892 568 2055 638 prius

399 658 628 732 placide
652 658 766 714 ista
779 658 1116 727 jubentem,
1139 658 1245 712 sed
1267 659 1521 729 graviter
1544 658 1737 714 minas
1768 656 2056 714 adhibenr

399 757 536 815 tem,
561 764 629 802 ac
648 749 762 802 nisi
788 747 1068 802 mandata
1091 747 1608 818 perageret.tlagra
1633 747 2054 804 intentantem.

397 839 481 892 Ita
502 837 743 892 demum
764 837 1090 894 monachus
1105 853 1210 906 per
1232 841 1454 890 metum
1475 852 1685 906 sopore
1707 835 2054 906 ignaviaque

396 926 660 982 excussis
692 932 875 996 portaa
908 925 1154 990 assistit,
1187 925 1611 993 Basiliumque,
1648 930 1711 978 ut
1740 929 1868 978 erat
1905 924 2054 978 divi-

398 1017 558 1072 nitus
607 1017 835 1088 jussus,
871 1021 1055 1070 vocat.
1107 1016 1214 1079 Qui
1273 1015 1476 1070 statim
1533 1014 1863 1086 respondit,
1901 1035 1926 1062 ν
1969 1015 2055 1072 En

397 1110 628 1172 adsum,
689 1109 938 1164 Domine
991 1124 1003 1161 :
1063 1107 1206 1177 quid
1265 1107 1513 1162 mandas
1585 1123 1751 1161 servo
1811 1113 1910 1161 tuo
1952 1105 1979 1159 ?
2025 1127 2053 1156 »

397 1199 716 1254 Monachus
746 1214 881 1252 eum
912 1197 973 1251 in
1005 1197 1433 1252 monasterium
1464 1196 1810 1264 introducit,
1844 1196 2052 1251 huma-

396 1289 642 1344 nissime
666 1292 900 1354 tractat,
917 1286 1076 1342 omni
1105 1301 1244 1341 cura
1267 1285 1814 1355 reticit.Stipulatus
1836 1284 2054 1340 deinde

399 1394 682 1433 arcanum
740 1392 876 1431 eum
925 1375 1038 1430 sibi
1077 1375 1377 1429 occultum
1428 1382 1797 1430 servaturum
1858 1390 2054 1442 neque

402 1465 832 1534 evulgaturum,
908 1463 1188 1534 martyris
1258 1463 1599 1519 vaticinium
1671 1467 1938 1535 exponit,
1999 1466 2057 1516 et

402 1555 727 1611 obtestatur
773 1560 838 1608 ut
896 1555 1055 1608 exitu
1102 1555 1210 1609 hoc
1269 1554 1692 1624 comprobante
1743 1557 1831 1610 sui
1876 1564 2054 1629 atque

401 1645 747 1700 monasterii
781 1643 920 1699 velit
956 1643 1328 1698 meminisse.
1362 1645 1506 1698 Cum
1559 1645 1804 1700 Basilius
1834 1647 1962 1701 hazc
1992 1653 2057 1702 ut

402 1751 462 1790 se
523 1734 698 1805 longe
755 1733 1062 1803 superiora
1121 1740 1512 1800 aversaretur,
1563 1734 1740 1803 idque
1794 1736 2055 1805 potiusa

400 1823 690 1879 monacho
722 1821 1134 1892 postularetut
1161 1822 1418 1892 aliquem
1446 1822 1762 1878 illustrium
1798 1827 2056 1882 virorum

400 1914 708 1968 dominum
741 1912 851 1968 sibi
883 1911 1250 1975 conciliaret,
1285 1912 1650 1982 perlibenter
1679 1913 1830 1968 hanc
1863 1915 1915 1968 ei
1948 1914 2049 1970 ille

397 2004 632 2061 navavit
677 2019 944 2074 operam,
995 2007 1054 2057 et
1104 2002 1387 2056 Basilium
1447 2003 1770 2073 TheOpliilo
1821 2005 1970 2075 (erat
1999 2005 2050 2060 is

397 2092 662 2148 Michaeli
691 2092 1065 2163 imperatoris
1088 2098 1145 2147 et
1171 2090 1367 2146 Bardae
1391 2092 1639 2146 Caesaris
1661 2100 2052 2164 cognatus,at-

399 2199 513 2254 que
534 2182 608 2238 ob
626 2189 866 2237 staturae
889 2181 1287 2238 humilitatem
1305 2181 1736 2252 Theophilitzes
1759 2183 2052 2240 diminuto

397 2272 680 2327 vocabulo
711 2270 1162 2342 appellabatur),
1197 2271 1298 2340 qui
1331 2271 1442 2325 isto
1485 2272 1849 2327 monasterio
1881 2273 2052 2328 l‘ami-

396 2362 626 2416 liariter
655 2360 950 2426 utebatur,
985 2359 1438 2416 commendavit.
1473 2360 1712 2416 Solebat
1740 2361 1835 2416 hic
1867 2363 2055 2416 Theo-

398 2449 676 2521 philitzes
692 2449 1472 2519 sempergenerosos,forma
1489 2449 1746 2520 eleganti
1760 2451 2056 2507 etfortituo

400 2540 538 2594 dine
561 2543 909 2610 praestantes
931 2537 1043 2592 sibi
1067 2554 1334 2608 quaerere
1356 2539 1510 2594 999
1532 2539 1810 2603 famulos,
1836 2554 2052 2608 eosque

403 2630 607 2684 sericis
634 2628 891 2682 vestibus
935 2629 1172 2698 alioque
1221 2627 1426 2683 habitu
1475 2645 1785 2684 exornare.
1819 2629 1919 2684 His
1963 2630 2052 2684 in.

407 2725 628 2776 sertum
661 2717 964 2785 Basiliam,
999 2734 1134 2772 cum
1180 2717 1402 2771 videret
1450 2719 1634 2772 animi
1667 2719 2052 2789 corporisque

400 2807 748 2862 fortitudine
776 2807 1027 2878 reliquis
1072 2805 1395 2862 admodum
1443 2807 1821 2872 antecellere,
1855 2813 2057 2878 proto-

401 2902 716 2952 stratorem
747 2911 884 2950 eum
911 2900 1091 2950 creat.
1125 2897 1193 2954 Et
1224 2896 1476 2950 Basilius
1507 2912 1742 2967 semper
1773 2897 1846 2952 ad
1876 2911 2054 2968 supe-

400 2990 560 3044 riora
591 2988 840 3044 tendens
862 2988 923 3042 in
949 2987 1074 3042 dies
1103 2987 1193 3041 sui
1225 3003 1491 3042 amorem
1514 2989 1574 3042 in
1603 2989 1804 3044 animo
1829 2989 2054 3044 domini

404 3081 586 3148 auxit,
620 3080 829 3149 suique
857 3076 1312 3133 admirationem
1343 3077 1659 3132 virtutibus
1689 3078 1812 3132 suis
1844 3079 2056 3132 excita-

2163 566 2401 627 κελεύων
2434 570 2663 644 ἐξελθεῖν
2701 573 2777 636 είς
2806 574 2898 629 τὸν
2925 580 3028 643 τῆς
3071 583 3247 649 μονῆς
3274 573 3503 630 πυλῶνα
3543 578 3626 632 καὶ
3674 579 3780 634 ὀνο·-

2167 659 2330 730 μαστὶ
2364 659 2587 718 καλέσαι
2620 661 2932 732 Βασίλειον,
2981 665 3068 718 καὶ
3129 665 3223 719 τὸν
3279 665 3644 721 ὑπακούσαντα
3685 666 3780 723 εἶσ-

2165 755 2385 823 αγαγεῖν
2419 749 2496 812 εἰς
2526 752 2589 807 τὸ
2650 755 3020 825 μοναστήριον
3079 754 3170 808 καὶ
3208 753 3520 828 ἐπιμελείας
3561 755 3777 824 ἀξιῶσιν

2165 841 2524 914 κεχρισμὲνον
2562 843 2665 916 γὰρ
2723 843 2863 898 εἶναι
2917 847 3112 900 τοῦτον
3175 843 3400 920 βασιλέα
3455 848 3596 920 παρὰ
3647 853 3779 917 Θεοῦ,

2166 928 2256 984 καὶ
2292 931 2457 985 αὑτὸν
2493 930 2717 1002 μέλλειν
2777 933 2850 993 είς
2914 932 3282 1008 ἀνοικοδομήν
3340 936 3431 989 καὶ
3464 933 3668 1006 αὔξησιν
3692 944 3777 1004 τῆς

2165 1017 2446 1090 παρούσης
2485 1018 2728 1094 γενέσθαι
2759 1027 2956 1091 μονῆς.
2998 1026 3056 1076 Ὁ
3105 1020 3162 1078 δὲ
3207 1022 3612 1098 καθηγούμενος
3659 1027 3776 1103 φάν-

2166 1128 2347 1179 τασμα
2401 1109 2465 1163 τὸ
2533 1110 2715 1164 θεαθὶν
2793 1109 2929 1166 εἶναι
2991 1109 3460 1185 ὑπολογισάμενος
3531 1112 3579 1168 ἐν
3629 1111 3780 1169 οὐδενὶ

2167 1195 2319 1270 λόγῳ
2349 1199 2413 1253 τὰ
2443 1195 2753 1267 λαληθέντα
2781 1197 3105 1268 ἐποιήσατο,
3135 1199 3283 1257 ἀλλὰ
3311 1201 3480 1258 πάλιν
3524 1203 3688 1257 ἑαυτὸν
3714 1209 3780 1275 τῷ

2163 1286 2315 1340 {invio
2372 1283 2716 1346 ἐπεδεδώκει.
2779 1289 2861 1345 Τὰ
2920 1289 3087 1362 ὅμοια
3126 1287 3185 1344 δὲ
3240 1289 3408 1346 πάλιν
3469 1289 3527 1346 ἐκ
3565 1288 3778 1367 δευτέρου

2164 1375 2516 1447 θεασάμενος,
2575 1375 2692 1433 ἐπεὶ
2763 1380 2838 1450 μή
2899 1377 3140 1455 ἀνέφερε,
3208 1383 3392 1450 νωθής
3460 1401 3541 1442 τις
3591 1379 3656 1436 ὢν
3702 1382 3774 1437 καὶ

2165 1462 2445 1533 ὑπνώδης,
2478 1464 2536 1520 ἐκ
2561 1467 2747 1540 τρίτου
2783 1465 2974 1540 βλέπει
3024 1468 3114 1522 τὸν
3162 1469 3410 1543 μάρτυρα
3462 1469 3628 1525 οὐκέθ’
3663 1471 3774 1538 ἡσύ-

2166 1573 2284 1631 χως
2342 1554 2432 1608 καὶ
2493 1557 2683 1628 πράως
2736 1555 3269 1630 παρακελευόμενον,
3329 1557 3478 1614 ἀλλὰ
3547 1559 3630 1616 καὶ
3680 1556 3777 1614 λίαν

2168 1640 2417 1718 σφοδρῶς
2445 1642 2777 1700 ἀπειλοῦντα
2808 1644 2898 1700 καὶ
2950 1646 3212 1720 μάστιγας
3261 1652 3345 1718 τῷ
3394 1644 3568 1702 δοκεῖν
3614 1647 3778 1723 ἐπιφέο

2166 1753 2346 1808 ροντα,
2399 1735 2446 1793 εἰ
2509 1737 2585 1808 μὴ
2642 1736 2833 1790 θὰττον
2897 1737 3226 1812 ὑπηρετήσει
3296 1745 3416 1800 τοῖς
3475 1739 3778 1814 λεγομένοις.

2089 1848 2132 1916 Β
2165 1823 2302 1879 Τότε
2335 1821 2381 1877 δ’
2411 1823 2501 1880 οὖν
2534 1820 2776 1902 ἔμφοϐος
2809 1822 3140 1890 διυπνισοείς
3187 1827 3278 1884 καὶ
3329 1829 3424 1886 τὸν
3478 1828 3626 1885 δκνον
3667 1829 3780 1885 ἑκτιο

2165 1913 2458 1984 ναξάμενος
2487 1918 2566 1984 τῷ
2621 1913 2834 1969 πυλῶνι
2902 1915 3197 1993 ἐφίσταται,
3247 1919 3337 1970 καὶ
3385 1919 3518 1972 κατὰ
3556 1918 3615 1973 τὸ
3663 1924 3780 1980 θεῖον

2168 2002 2489 2074 πρόσταγμα
2519 2000 2724 2058 ἐκαλευ
2762 2001 3031 2060 Βασίλειε.
3065 2004 3171 2060 Καὶ
3212 2005 3272 2063 ὃς
3307 2006 3482 2066 εὐθύς⁸
3518 2005 3646 2062 Ἱδοῦ
3673 2006 3780 2080 ἐγὼ,

2169 2092 2342 2165 κύριε·
2376 2091 2427 2146 τί
2466 2095 2827 2165 προστάσσεις
2863 2097 2943 2165 τῷ
2977 2090 3163 2162 δούλῳ
3193 2116 3293 2148 σου
3328 2115 3346 2163 ;
3385 2094 3526 2152 Εῗσω
3555 2092 3609 2150 δὲ
3651 2095 3782 2150 αὐτὸν

2166 2187 2266 2249 τῆς
2305 2189 2473 2252 μονῆς
2506 2181 2809 2258 εἰσαγαγὼν
2845 2179 3072 2253 δεούσης
3119 2204 3179 2239 τε
3228 2184 3516 2260 θεραπείας
3567 2185 3648 2239 καὶ
3694 2185 3784 2242 ἐπι-

2173 2267 2396 2342 μελείας
2428 2270 2629 2340 ἠξίωσε
2678 2271 2766 2326 καὶ
2815 2272 2994 2342 πάσης
3054 2271 3326 2345 μετέδωκε
3386 2272 3783 2351 φιλοφροσύνης.

2171 2358 2286 2414 Εἶτ’
2317 2357 2604 2432 ἐχεμυθεῖν
2637 2359 3079 2434 ἀσφαλίσάμενος
3114 2363 3204 2416 καὶ
3249 2365 3324 2435 μή
3393 2362 3646 2419 ἔκπυστον
3673 2363 3784 2437 πρός

2165 2469 2283 2504 τινα
2315 2448 2517 2516 θέσθαι,
2548 2447 2698 2506 ἀλλὰ
2756 2451 2883 2526 παρ’
2942 2451 3116 2522 ἑαυτῷ
3163 2451 3459 2529 φυλάττειν
3497 2454 3556 2509 τὸ
3610 2455 3782 2526 μυστή-

2169 2558 2286 2612 ριον
2314 2557 2712 2612 παρεγγυησας,
2776 2540 2879 2608 τήν
2935 2544 3033 2595 τοῦ
3095 2543 3372 2615 μάρτυρος
3428 2541 3570 2614 αύτῷ
3622 2541 3779 2621 ἐφανέ-

2169 2647 2310 2703 ρωσε
2341 2627 2670 2702 πρόρρησιν,
2709 2627 2799 2684 καὶ
2861 2630 2997 2701 μετὰ
3033 2631 3132 2697 τὴν
3191 2627 3417 2688 ἔκϐασιν
3473 2636 3576 2686 τῶν
3633 2651 3779 2707 πραγ·

2174 2717 2356 2791 μάτων
2389 2717 2582 2775 ἑαυτοῦ
2613 2739 2673 2773 τε
2701 2717 2791 2772 καὶ
2821 2724 2923 2786 τῆς
2957 2726 3125 2791 μονῆς
3170 2723 3482 2794 μεμνῆσθαι
3529 2717 3780 2778 ἐδυσώπει.

2169 2808 2256 2879 [Ρ.
2292 2807 2416 2880 561]
2449 2809 2561 2863 Τοῦ
2591 2803 2649 2861 δὲ
2679 2807 2752 2867 ὡς
2788 2806 2918 2881 ὑπὲρ
2951 2807 3140 2864 ἑαυτὸν
3185 2810 3248 2864 τὸ
3300 2813 3529 2884 πρᾶγμα
3563 2810 3783 2865 ἀποσειο-

2173 2896 2355 2968 μένου,
2385 2896 2474 2952 καὶ
2515 2893 2730 2969 μᾶλλον
2754 2895 3029 2966 ἀξιοῦντος
3080 2898 3173 2952 τὸν
3225 2899 3538 2974 ἡγούμενον
3585 2897 3783 2954 simiu-

2170 2984 2362 3054 σθῆναί
2390 3005 2497 3041 τινι
2521 2990 2631 3040 τῶν
2664 2984 3073 3062 ἐμφανεστὲρων
3106 2987 3182 3049 εἰς
3214 2983 3494 3061 δουλείαν,
3535 2987 3776 3048 ἀσπασίως

2168 3074 2355 3130 ἐαυτὸν
2395 3073 2472 3137 είς
2539 3078 2730 3129 τοῦτον
2791 3072 3081 3130 ἐκδέδωκεν
3113 3077 3141 3130 ὁ
3173 3076 3507 3151 ἡγούμενος,
3553 3077 3636 3132 καὶ
3681 3074 3778 3129 ἐπεὶ

403 3170 530 3223 vit:
565 3185 704 3224 nam
761 3175 820 3223 et
869 3185 1050 3223 manu
1101 3173 1228 3222 erat
1277 3173 1590 3238 promptus
1639 3171 1698 3222 et
1749 3167 2054 3222 animosus

2169 3165 2420 3232 συνήθως
2451 3163 2572 3238 εἶχε
2613 3167 2748 3236 πρὸς
2801 3163 2902 3231 τήν
2941 3162 3201 3234 τοιαύτην
3245 3168 3428 3240 μονὴν
3458 3166 3485 3220 ὁ
3516 3170 3606 3222 τοῦ
3652 3165 3784 3239 βασι-

2171 3253 2309 3276 Ἳιμκ
2345 3251 2567 3276 ιιΑμωὶἹ
2609 3252 2697 3276 ---Α
2730 3256 2820 3276 --ξε
2859 3250 3032 3276 οέ,9,.
3093 3256 3182 3276 --σε
3240 3254 3398 3276 νηιρ
3430 3275 3439 3276 ,
3495 3275 3504 3276 κ
3559 3274 3580 3276 _
3617 3253 3784 3276 “HLA-

407 3265 582 3330 atque
632 3259 705 3313 ad
756 3259 976 3329 quaevis
1024 3257 1302 3312 mandata
1352 3257 1730 3327 exsequenda
1787 3257 1946 3312 celer
1991 3273 2057 3311 ac

407 3351 679 3405 idoneus.

2171 3253 2310 3315 λέως
2345 3251 2578 3329 Μιχαὴλ
2609 3252 2700 3308 καὶ
2727 3256 2824 3308 τοῦ
2856 3250 3036 3324 Βάρδα
3090 3256 3187 3308 τοῦ
3237 3254 3510 3328 Καίσαρος
3552 3253 3784 3328 συγγενής

2170 3338 2460 3416 Θεόφιλος,
2491 3341 2550 3394 ὅν
2585 3340 3044 3414 ὑποκοριζόμενοι
3077 3338 3166 3396 διὰ
3203 3343 3266 3396 τὸ
3301 3343 3496 3417 μικρὸν
3532 3349 3624 3411 τῆς
3674 3341 3784 3410 ἡλι-

407 3437 526 3500 κίας
557 3435 916 3512 Θεοφιλίτζην
946 3432 1196 3504 ἐκάλουν,
1227 3435 1408 3505 τούτῳ
1439 3433 1728 3504 συνέστησε
1763 3435 1856 3489 τὸν
1917 3431 2203 3490 Βασίλειον
2267 3429 2349 3484 ἀεὶ
2406 3427 2654 3496 σπουδὴν
2716 3423 2904 3508 ἔχοντι
2961 3431 3243 3505 γενναίους
3297 3433 3392 3487 καὶ
3450 3429 3657 3492 εὐειδεῖς
3709 3427 3782 3486 καὶ

411 3528 492 3582 ἐπ’
559 3522 748 3600 ἀνδρίᾳ
815 3518 1142 3593 διαϐοήτους
1193 3531 1484 3593 κεκτῆσθαι
1544 3524 1666 3599 περὶ
1724 3523 1884 3578 αὐτὸν
1947 3521 2239 3597 ίιπηρὲναςο
2295 3519 2579 3584 τοιούτους
2636 3521 2739 3594 γὰρ
2799 3516 3240 3595 προσλαμϐάνων
3299 3528 3562 3599 Σηρικαῖς
3608 3543 3660 3577 τε
3710 3519 3779 3575 εὖ·

414 3615 506 3680 θὺς
580 3613 799 3687 ἐκόσμει
873 3614 1062 3682 ἓσθῆσι
1137 3611 1229 3666 καὶ
1303 3615 1370 3686 τῇ
1447 3610 1596 3687 ἄλλῃ
1699 3613 2008 3686 καταςτολῇ
2111 3609 2423 3688 διαπρεπῶς
2522 3610 2958 3684 κατελάμπρυνε.
3061 3611 3294 3676 Τούτοις
3398 3610 3779 3686 ἐγκαταλεγὲντα

399 3705 491 3759 τὸν
567 3700 851 3759 Βασίλειον
926 3703 1024 3757 παὶ
1099 3701 1235 3757 κατὰ
1307 3700 1452 3756 πολὺ
1528 3698 1794 3781 προύχειν
1865 3708 1973 3757 τῶν
2050 3699 2239 3756 ἄλλων
2316 3697 2582 3756 δοκοῦντα
2616 3699 2755 3754 κατᾶ
2790 3700 2892 3768 τὴν
2969 3702 3286 3772 σωματικὴν
3330 3703 3525 3777 ῥώμην
3577 3701 3658 3756 καὶ
3691 3703 3774 3772 ψυ-

401 3794 570 3869 χικὴν
645 3791 862 3868 ἀνδρίαν
941 3792 1417 3868 πρωτοστράτωρα
1490 3796 1684 3848 τοῦτον
1758 3788 2155 3866 προϐάλλεται.
2216 3789 2326 3846 Ἀεὶ
2385 3786 2442 3844 δδ
2514 3794 2630 3852 τοῖς
2705 3783 3010 3863 ἔμπροσθεν
3088 3788 3526 3866 ἐπεκτεινόμενος
3594 3789 3774 3864 ἡμέραν

400 3885 449 3954 ἐξ
551 3885 764 3959 ἡμέρας
863 3881 950 3937 ἐπὶ
1023 3881 1192 3937 πλέον
1266 3885 1522 3959 ἠγαπᾶτο
1595 3883 1744 3956 παρὰ
1814 3887 1912 3936 τοῦ
1987 3879 2277 3954 Θεοφίλου,
2351 3878 2444 3934 καὶ
2519 3878 2606 3934 ἐπὶ
2679 3884 2798 3941 τοῖς
2873 3878 3097 3940 οἰκείοις
3172 3883 3578 3954 προτερήμασιν
3646 3880 3775 3934 ἐθαυ-

407 3973 624 4046 μάζετο·
658 3975 724 4042 ἧν
756 3973 860 4050 γὰρ
889 3972 1024 4026 κατά
1053 3991 1112 4025 τε
1159 3971 1320 4046 χεῖρα
1377 3977 1622 4047 γενναῖος
1687 3971 1777 4025 καὶ
1844 3970 1982 4026 κατᾶ
2038 3971 2222 4044 ψυχὴν
2286 3964 2590 4044 θαῤῥαλέος
2645 3967 2735 4022 καὶ
2795 3968 2934 4042 πρὸς
2993 3971 3096 4022 πᾶν
3150 3969 3214 4024 τὸ
3267 3967 3622 4045 κελευόμενον
3677 3967 3776 4037 ὀξύς

403 4083 460 4118 τε
489 4063 578 4116 καὶ
615 4060 942 4130 ἐπιτὴδειος.

475 4152 719 4206 Interim
750 4157 941 4207 mater
992 4152 1144 4224 ejus,
1178 4151 1476 4222 quomodo
1507 4151 1621 4206 iter
1667 4149 1790 4204 ﬁlio
1823 4165 2060 4204 success

404 4243 578 4295 sisset
606 4247 665 4295 et
693 4257 873 4311 quem
906 4240 1177 4294 laborum
1211 4239 1391 4294 finem
1421 4241 1663 4294 sortitus
1698 4244 1876 4302 esset,
1908 4237 2060 4292 scire

402 4330 771 4395 desiderans,
806 4331 948 4385 dum
978 4330 1161 4384 animi
1208 4329 1468 4400 angitur,
1503 4328 1799 4383 insomnis
1847 4327 2059 4397 imagi-

400 4427 577 4476 natur
604 4421 802 4475 videre
837 4437 898 4475 se
933 4422 994 4476 in
1025 4419 1158 4475 aula
1209 4437 1315 4475 sua
1347 4436 1624 4492 magnam
1659 4419 1923 4490 plantam
1955 4434 2060 4472 cu-

401 4527 605 4581 presso
664 4510 1013 4578 assimilem,
1065 4525 1244 4564 aureo
1305 4514 1538 4575 trunco,
1598 4508 1781 4565 ramis
1838 4506 2058 4571 aureis,

402 4605 586 4654 totam
611 4599 868 4670 denique
904 4615 1047 4654 auro
1097 4599 1412 4666 nitentem,
1447 4604 1509 4652 et
1536 4613 1715 4669 super
1743 4599 1852 4652 hac
1884 4613 2057 4651 suum

403 4687 684 4742 Basilium
716 4687 1048 4742 considere.
1086 4687 1157 4742 Ut
1198 4687 1508 4759 evigilavit,
1543 4686 1907 4741 insomnium
1941 4685 2053 4739 hoc

403 4779 641 4835 mulieri
673 4777 909 4833 cuidam
930 4779 1221 4851 religiosa;
1253 4779 1550 4850 preponit.
1574 4781 1655 4834 Ea
1675 4778 1830 4832 bono
1860 4778 2051 4848 ipsam

403 4869 603 4923 animo
627 4867 799 4938 jubet
829 4883 956 4922 esse
993 4867 1099 4921 filii
1132 4883 1330 4933 causa,
1364 4865 1809 4937 conjiciensque
1841 4867 2055 4919 insom-

406 4957 489 5011 nii
522 4957 665 5022 vim,
698 4971 834 5012 eum
866 4957 1267 5012 Romanorum
1308 4955 1731 5024 imperatorem
1763 4953 1886 5008 fore
1919 4969 2052 5024 pro-

405 5046 659 5102 nuntiat.
684 5048 765 5100 Ex
797 5062 864 5101 eo
894 5050 1086 5100 mater
1115 5044 1333 5112 Basilii,
1357 5044 1469 5098 hoc
1499 5042 1711 5098 futurae
1743 5043 1853 5098 ﬁlii
1874 5042 2058 5098 felici-

405 5136 541 5193 tatis
573 5139 919 5208 argumento
951 5134 1251 5205 prioribus
1297 5133 1520 5201 addito,
1555 5133 1809 5190 sollicita
1847 5147 1953 5204 pro
1985 5149 2055 5187 eo

405 5241 532 5280 esse
564 5225 739 5280 desiit
769 5224 1072 5295 animique
1103 5223 1238 5278 laata
1268 5223 1522 5294 optimas
1553 5237 1686 5293 spes
1717 5223 1882 5278 aluit.

477 5487 649 5542 Forte
679 5501 784 5555 per
813 5485 872 5538 id
902 5490 1137 5557 tempus
1171 5484 1371 5540 Basilii
1402 5485 1681 5541 dominus
1697 5483 2058 5556 Theophilus

410 5573 472 5628 in
501 5571 975 5641 Peloponnesum
1006 5574 1151 5628 991
1192 5573 1534 5644 reipublicaa
1574 5589 1752 5629 causa
1783 5575 2056 5644 mittitur;

409 5681 528 5721 una
559 5661 735 5718 etiam
765 5661 980 5715 Basilio
1021 5661 1434 5731 proﬁciscente
1479 5678 1547 5718 ao
1593 5678 1698 5718 sua
1728 5663 2060 5717 ministeria

2245 4145 2344 4200 Καὶ
2378 4147 2406 4200 ὁ
2441 4146 2533 4218 μὶν
2564 4144 2851 4207 Βασίλειος
2893 4147 2959 4213 ἦν
3019 4145 3070 4199 ἐν
3130 4145 3365 4218 τούτοις,
3428 4151 3461 4216 ἡ
3518 4146 3574 4202 δὲ
3625 4148 3778 4220 μήτηρ

2174 4234 2341 4290 αὐτοῦ
2371 4233 2628 4312 ἐγλίχετο
2665 4235 2856 4306 μαθεῖν
2889 4238 3006 4296 πῶς
3050 4235 3198 4306 αύτῷ
3252 4235 3318 4290 τὰ
3367 4235 3503 4292 κατὰ
3545 4236 3636 4304 τήν
3677 4230 3776 4287 ὁδὸν

2170 4318 2301 4401 ἔσχε
2329 4323 2419 4377 καὶ
2449 4323 2578 4377 ποία
2625 4343 2710 4384 τις
2751 4323 2915 4377 αὐτὸν
2965 4322 3146 4379 παῦλα
3185 4329 3292 4379 τῶν
3355 4325 3530 4380 πόνων
3579 4321 3775 4391 ἐδίξατο.

2172 4415 2526 4486 Δυσθυμοῦσα
2558 4409 2616 4465 δὲ
2645 4411 2733 4466 καὶ
2773 4409 3133 4486 ἀσχάλλουσα
3163 4413 3263 4487 όρᾷ
3301 4416 3422 4478 καθ’
3467 4414 3652 4474 ὕπνους
3699 4407 3775 4482 μὲ-

2168 4521 2234 4574 γα
2261 4500 2424 4580 φυτὸν
2477 4501 2798 4574 κυπαρίσσῳ
2863 4501 3208 4574 προσεοικὸς,
3277 4500 3431 4558 ἔνδον
3488 4510 3584 4571 τῆς
3632 4498 3776 4566 αὐλῆς

2091 4581 2133 4645 ί)
2166 4589 2336 4659 αὐτῆς
2392 4589 2642 4660 ἑστηκὸς,
2698 4593 2932 4663 χρυσοῖς
2990 4591 3367 4664 πυκαζόμενον
3429 4589 3649 4666 φύλλοις
3698 4586 3769 4643 καὶ

2164 4684 2404 4758 χρυσοῦς
2432 4680 2562 4741 τοὺς
2592 4677 2831 4743 κλάδους
2858 4679 2948 4734 καὶ
2979 4681 3040 4734 τὸ
3101 4680 3366 4757 στέλεχος
3411 4681 3558 4758 ἔχον,
3597 4680 3652 4735 οὗ
3693 4677 3771 4754 ἐφ-

2165 4769 2383 4844 ύπερθεν
2415 4768 2674 4838 ὁταύτης
2725 4769 2843 4832 υἱὸς
2895 4767 3184 4833 Βασίλειος
3238 4769 3536 4841 ἐκαθέζετο.
3585 4781 3769 4825 Διυπνι-

2163 4863 2351 4921 σθεῖσα
2380 4854 2436 4912 δὲ
2467 4855 2744 4932 διηγεῖται
2777 4857 2840 4912 τὸ
2879 4857 3063 4933 ὅραμα
3118 4879 3225 4913 τινι
3267 4862 3375 4914 τῶν
3419 4855 3649 4914 εύλαϐῶν
3693 4875 3774 4928 γυ·

2162 4951 2384 5002 ναικῶνο
2420 4949 2454 5016 ἠ
2512 4944 2570 5000 δὶ
2629 4946 2884 5020 εὐθυμεῖν
2941 4967 3001 5002 τε
3057 4947 3342 5023 ἐπέτρεπεν
3409 4949 3497 5004 ἐπὶ
3548 4952 3620 5019 τῷ
3670 4944 3772 5014 υἱῷ,

2164 5035 2256 5091 καὶ
2310 5037 2374 5090 τὸ
2434 5035 2626 5108 ὁραθὶν
2685 5035 3041 5112 ἐπικρίνουσα
3101 5036 3330 5111 βασιλέα
3378 5038 3650 5110 Ῥωμαίων
3698 5050 3774 5107 για

2165 5125 2343 5180 νέσθαι
2383 5125 2476 5179 τὸν
2508 5125 2625 5179 υἱὸν
2657 5126 2828 5195 αὐτῆς
2860 5124 3202 5204 ἀπεφαίνετο.
3234 5129 3371 5187 Τοῖς
3401 5124 3669 5200 προτέροις
3697 5117 3772 5173 οὖν

2164 5213 2257 5269 καὶ
2289 5217 2450 5269 τοῦτο
2483 5209 2875 5289 προσλαϐοῦσα
2933 5211 3128 5269 λοιπὸν
3173 5217 3208 5284 ἡ
3269 5217 3453 5288 μήτηρ
3509 5212 3687 5268 οὐκέτισ
3721 5209 3771 5262 τὸ

2168 5303 2272 5358 ἀπὸ
2309 5299 2470 5359 τοῦδε
2525 5303 2650 5377 περὶ
2709 5302 2873 5358 αὐτοῦ
2934 5299 3240 5381 ἐδυσφόρει,
3291 5301 3420 5358 ἀλλ’
3473 5300 3645 5376 ἔχαιρε
3697 5295 3771 5351 καὶ

2169 5393 2415 5466 χρηστὰς
2445 5392 2534 5449 ἐπὶ
2561 5397 2642 5464 τῷ
2671 5394 2773 5465 υίῷ
2803 5388 2992 5471 ἔτρεφε
3018 5393 3116 5454 τὰς
3141 5389 3391 5453 ἐλπίδας.

2240 5477 2446 5552 Συνέϐη
2482 5480 2540 5536 δὲ
2587 5483 2705 5537 κατ’
2770 5481 2946 5537 ἐκεῖνο
3002 5486 3194 5557 καιροῦ
3249 5479 3509 5559 Θεόφιλον
3561 5480 3643 5534 τὸν
3693 5476 3771 5529 τοῦ

2168 5571 2458 5630 Βασιλείου
2487 5573 2672 5648 κύριον
2724 5570 3004 5647 δημοσίων
3065 5573 3227 5648 χάριν
3277 5572 3600 5648 πραγμάτων
3649 5567 3767 5622 duae

2171 5661 2434 5732 σταλῆναι
2476 5663 2553 5727 είς
2583 5661 3026 5733 Πελοπόννησον.
3078 5661 3279 5718 Εἵπετο
3307 5660 3482 5734 τούτῳ
3526 5659 3607 5714 καὶ
3636 5658 3661 5712 6
3688 5661 3766 5709 Βι-
