4056 6276
236 365 396 427 1017

1360 361 1907 432 HISTORIARUM
1949 360 2512 425 COMPENDIUM.

3493 359 3647 422 10⁸18

234 499 465 563 σιλειος.
505 501 605 570 τὴν
649 500 1032 577 ἀφωρισμένην
1093 504 1240 576 αὐτῷ
1291 503 1588 579 ὖπηρεσίαν
1618 497 1845 568 ἀποπλή

1964 556 1969 568 ι
1997 498 2272 552 obeunte.
2306 497 2451 553 Cum
2483 497 2543 551 in
2578 496 2851 552 Achaiam
2879 499 3120 550 ventum
3153 497 3326 562 esset,
3352 490 3651 565 TheOphi-

238 595 369 662 ρῶν.
404 587 701 644 Ἐλθόντων
761 587 818 644 δὲ
855 590 930 652 εἷς
981 589 1209 667 Ἀχαίαν
1263 592 1438 667 εἰσῄει
1505 595 1599 665 μὶν
1631 593 1660 646 ὁ
1692 590 1890 646 Θεόφι-

219 677 340 742 ”λος
369 678 444 740 εἰς
475 679 567 734 τὸν
596 683 693 733 τοῦ
724 681 1126 752 πρωτοκλήτου
1175 679 1432 756 ’Δνὸρέου
1478 679 1602 736 ναὸν
1654 699 1887 755 προσευ-

239 768 487 841 ξόμενος,
522 767 583 822 ού
614 767 932 837 συνεισῆλθε
963 767 1006 824 δ’
1061 771 1212 843 ἄύτῷ
1250 771 1339 826 καὶ
1367 773 1396 826 ὁ
1428 768 1714 834 Βασίλειος
1739 768 1884 836 τότε,

234 863 306 930 τῇ
339 857 511 929 οἰκείᾳ
541 854 807 928 διακονίᾳ,
849 859 921 920 ὡς
950 852 1140 928 ἔοικεν,
1172 859 1600 934 ἀπασχοληθείς.
1633 865 1883 932 Ὕστερον

237 944 412 1002 δὲκαὶ
446 947 609 1009 αὐτὸς
661 950 743 1018 τῷ
797 947 1092 1021 ἀποστόλῳ
1147 948 1489 1024 ἀποπληρῶν
1527 951 1595 1002 τὰ
1621 948 1885 1017 καθήκον-

229 1058 320 1102 τα,
352 1040 544 1110 καιροῦ
599 1033 952 1110 δραξάμενος,
1020 1035 1207 1092 εἷ’σεισι
1267 1040 1432 1112 μόνος
1483 1037 1557 1099 εἰς
1619 1036 1708 1092 τὸν
1734 1034 1879 1091 ναόν.

228 1123 532 1202 Ἐφήδρευε
572 1122 630 1179 δέ
690 1143 775 1187 τις
837 1130 916 1198 τῷ
971 1126 1100 1199 θείῳ
1156 1129 1369 1200 τεμένει
1424 1131 1519 1181 τοῦ
1569 1123 1879 1180 ἀποστόλου

232 1213 479 1288 μοναχὸς
515 1213 708 1287 ἀρετῆς
766 1212 1222 1288 ἀντιποιούμενος
1279 1213 1367 1270 διὰ
1409 1214 1551 1289 βίου.
1587 1213 1758 1274 υύτος
1785 1211 1876 1266 τὸν

230 1305 327 1378 μὲν
361 1303 626 1378 Θεόφιλον
660 1302 970 1368 εἶσελθόντα
1027 1306 1160 1378 μετὰ
1220 1305 1488 1375 τοσαύτης
1545 1301 1871 1380 δορυφορίας

224 1391 351 1449 οὔτε
426 1392 714 1465 ὑπεδέξατο
790 1394 912 1450 οὕτε
987 1397 1218 1458 ἀναστὰς
1295 1394 1675 1466 κατησπάσατο
1750 1393 1871 1447 οὕτε

223 1485 373 1545 τινὸς
432 1483 632 1553 ἠξίωσε
693 1489 887 1559 μικρᾶς
934 1486 1061 1560 γοῦν
1126 1489 1507 1561 προσρήσεως,
1561 1483 1780 1558 ὕστερον
1814 1479 1870 1536 δὲ

218 1577 319 1628 τοῦ
350 1571 670 1633 Βασιλείους
702 1573 1109 1648 εἰσερχομένου,
1135 1576 1210 1638 ὡς
1240 1573 1474 1649 εἶ’ρηται,
1510 1573 1678 1645 μόνου
1709 1569 1869 1639 ὓπεξα

222 1662 416 1732 ανέστη
485 1682 543 1716 τε
607 1660 679 1722 ὣς
745 1683 850 1716 τινι
916 1667 1024 1717 τῶν
1076 1662 1416 1738 κρειττόνων,
1478 1664 1563 1734 [Ρ.
1597 1662 1723 1731 562]
1775 1659 1864 1713 καὶ

216 1751 321 1819 τήν
354 1747 404 1818 ἐξ
436 1746 585 1808 ἔθους
628 1754 744 1808 τοῖς
804 1748 1086 1822 βασιλεῦσι
1147 1749 1453 1825 πρέπουσαν
1485 1748 1859 1823 προφήνεγκεν

2001 586 2092 642 lus
2123 585 2403 657 precandi
2432 587 2619 660 gratia
2648 583 2937 656 templum
2973 583 3093 637 Divi
3120 581 3496 653 Andreas,qui
3529 577 3652 653 pri-

1998 692 2129 730 mus
2160 675 2233 730 ad
2264 673 2513 745 apostoli
2554 674 2919 729 iunctionem
2975 675 3064 726 est
3120 676 3380 732 vocatus,
3440 671 3642 737 i'ntrat,

1998 764 2211 820 Basilio
2243 770 2368 818 tum
2389 780 2509 818 non
2539 763 2882 828 comitante,
2915 759 3073 830 quod
3103 753 3152 814 is
3184 759 3469 815 nimirum
3501 771 3644 814 suo-

1992 874 2126 912 rum
2157 858 2527 930 negotiorum
2589 871 2766 910 causa
2821 853 3027 909 abesse
3090 846 3427 923 cogebatur.
3478 847 3638 918 Post,

1993 947 2246 1003 Basilius
2287 962 2522 1018 quoque
2576 939 3076 1015 opportunitatem
3121 939 3329 996 nactus
3388 937 3547 996 solus
3578 941 3640 995 in

1991 1037 2148 1092 idem
2180 1038 2383 1092 fanum
2415 1053 2474 1090 se
2507 1033 2754 1102 confert,
2808 1031 3072 1104 apostolo
3107 1029 3374 1084 debitum
3406 1029 3639 1086 exhibi-

1990 1133 2155 1181 turus
2193 1125 2440 1180 cultum.
2467 1119 2828 1177 Prtesidebat
2857 1126 2980 1174 tum
3040 1117 3092 1172 ei
3142 1117 3278 1172 fano
3309 1121 3637 1178 monachus

1987 1215 2250 1287 quidam,
2283 1213 2482 1268 virtuti
2505 1228 2611 1283 per
2642 1225 2881 1268 omnem
2895 1206 3074 1263 vitam
3106 1201 3471 1262 deditusliic
3501 1226 3638 1265 cum

1983 1311 2120 1359 ante
2151 1306 2482 1377 ingressum
2541 1306 2703 1356 tanto
2762 1315 2896 1354 cum
2956 1289 3280 1352 satellitum
3348 1292 3633 1352 comitatu

1981 1394 2372 1466 Theophilum
2429 1408 2621 1464 neque
2681 1388 3010 1459 excepisset
3064 1402 3258 1456 neque
3316 1401 3632 1457 assurgens

1980 1485 2295 1540 salutasset
2324 1498 2515 1552 neque
2543 1480 2788 1535 omnino
2820 1475 2910 1532 vel
2960 1469 3208 1529 minimo
3251 1471 3512 1545 alloquio
3540 1474 3626 1529 di-

1976 1579 2188 1644 gnatus
2209 1578 2383 1634 esset,
2417 1578 2555 1624 tunc
2575 1559 3049 1623 Basiliointranti
3079 1558 3189 1617 soli
3220 1565 3278 1616 et
3308 1561 3632 1618 assurrexit

1975 1671 2042 1723 ut
2055 1664 2504 1737 magistratui,et
2517 1659 2814 1733 quomodo
2831 1659 3218 1728 imperatores
3239 1655 3481 1710 salutari
3498 1666 3625 1709 mas

1975 1763 2064 1812 est
2085 1773 2218 1812 eum
2251 1753 2543 1810 salutavit.
2579 1753 2695 1806 Hoc
2719 1765 2853 1804 cum
2877 1747 3160 1801 vidissent
3210 1741 3483 1798 nonnulli
3517 1745 3621 1814 qui

217 1834 510 1912 εύφημίαν.
566 1835 736 1909 Ὃπερ
792 1839 901 1889 τῶν
955 1835 1126 1890 ἐκεῖσε
1183 1834 1603 1910 παρατυχόντων
1655 1831 1852 1894 ἰδόντες

1972 1847 2122 1902 forte
2153 1844 2234 1899 ibi
2264 1843 2532 1904 aderant,
2567 1837 2800 1894 mulieri
2834 1854 2964 1906 quas
2997 1834 3069 1888 iis
3122 1829 3267 1888 locis
3325 1831 3536 1886 virtute
3565 1831 3622 1886 et

211 1926 354 1986 τινὲς
386 1927 452 1996 τῇ
480 1924 616 1977 κατᾶ
643 1923 770 1985 τοὺς
822 1922 1022 1986 τόπους
1076 1923 1312 1986 ἐκείνους
1364 1921 1717 1997 πρωτευούσῃ
1764 1943 1862 1976 κα-

211 2013 283 2067 τὰ
339 2033 396 2066 τε
441 2010 641 2085 τρόπον
701 2011 789 2065 καὶ
870 2012 1138 2084 εὐγένειαν
1220 2011 1456 2087 γυναικὶ,
1510 2011 1546 2080 ἢ
1606 2007 1864 2080 Δανιηλῖς

212 2102 322 2156 ἀπὸ
375 2105 471 2154 τοῦ
527 2099 730 2170 ταύτης
813 2098 1001 2176 ἀνδρὸς
1084 2103 1418 2175 ὠνομάζετο,
1484 2099 1866 2175 ἀπαγγέλλου-

214 2212 322 2246 σιν.
352 2191 564 2259 Ἐκείνη
611 2188 667 2243 δὲ
722 2189 784 2244 τὸ
852 2188 1130 2246 διοπτικὸν
1186 2195 1282 2246 τοῦ
1317 2194 1582 2266 μοναχοῦ,
1619 2187 1750 2263 μηδ’
1779 2189 1862 2244 ὅτι

212 2283 582 2354 προορατικοῦ
662 2279 1005 2354 χαρῖσματος
1094 2281 1323 2350 ἠξίωται
1397 2281 1685 2355 ἀγνοοῦσα,
1765 2279 1864 2334 οὐκ

212 2369 420 2444 ἐγένετο
451 2367 573 2439 περὶ
605 2368 664 2422 τὸ
697 2367 894 2447 λεχθὲν
949 2368 1185 2442 ἀμελὴς,
1242 2368 1370 2425 ἀλλ’
1399 2369 1512 2440 ἅμα
1558 2390 1618 2424 τε
1659 2365 1861 2436 ἤκουσε

209 2458 304 2513 καὶ
350 2455 839 2529 προσκαλεσαμένη
898 2458 990 2511 τὸν
1043 2458 1282 2532 μοναχὸν
1340 2454 1668 2512 όνειδιστικὰ
1723 2456 1857 2532 πρὸς

211 2546 370 2601 αὐτὸν
401 2543 599 2620 διεξῄει
646 2546 888 2620 ῥήματα,
955 2567 976 2595 α
1011 2549 1287 2609 Τοσαῦτος
1346 2546 1568 2624 χρόνος,
1601 2545 1854 2619 λέγουσα,

210 2637 378 2708 πάτερ
429 2636 778 2707 πνευματικὲ,
836 2636 888 2706 ἐξ
948 2633 1010 2690 οὗ
1069 2657 1152 2689 σοι
1209 2635 1484 2710 γνώριμος
1543 2632 1653 2710 ἐγὼ
1702 2633 1858 2688 καθέ-

209 2746 402 2794 στηκα,
461 2724 550 2780 καὶ
611 2721 760 2784 οἶδάς
825 2745 890 2796 με
949 2724 1086 2778 κατὰ
1143 2723 1235 2778 τὸν
1284 2725 1450 2777 τόπον
1499 2722 1550 2776 ἐν
1589 2726 1717 2775 πᾶσι
1747 2726 1856 2776 τῶν

208 2811 435 2868 πολλῶν
494 2810 872 2889 διαφέρουσαν,
931 2812 1022 2866 καὶ
1082 2809 1340 2866 οὐδέποτε
1388 2807 1510 2865 οὔτε
1547 2807 1856 2882 ἐπηγέρθης

206 2902 534 2974 θεασάμενός
571 2922 638 2974 με
690 2899 813 2956 οὕτε
867 2900 1084 2971 ante.»
1145 2920 1260 2974 μοι·
1298 2897 1422 2955 ἀλλ’
1456 2895 1580 2954 οὐδὲ
1627 2902 1705 2968 τῷ
1737 2896 1856 2969 ἐμῷ

207 2993 312 3064 υἱῷ
345 2987 467 3046 οὔτε
497 2990 703 3068 έγγόνῳ
751 2993 850 3060 τήν
901 2991 1158 3061 τοιαύτην
1201 2989 1493 3064 απένειμας
1523 2988 1857 3068 φιλοφροσύ-

201 3103 326 3150 νην.
360 3081 458 3134 Καὶ
515 3084 631 3142 πῶς
696 3084 790 3156 νῦρ
851 3079 1134 3155 ἄνθρωπον
1192 3077 1386 3148 εὐτελῆ
1445 3079 1536 3134 καὶ
1585 3077 1730 3148 ξένον
1762 3076 1854 3132 καὶ

197 3171 407 3236 πένητα
467 3165 751 3224 διανύοντα
833 3170 955 3243 βίον
1034 3167 1161 3224 ἰδὼν
1219 3167 1572 3238 ὑπεξανέστης
1629 3167 1719 3221 καὶ
1777 3165 1851 3228 ὡς

202 3256 434 3334 βασιλέα
463 3256 725 3329 ἐτίμησας
753 3277 767 3325 3
796 3290 861 3301 —
895 3259 1026 3332 Οὐχ
1049 3259 1123 3319 ὡς
1151 3254 1238 3312 ἕνα
1256 3263 1363 3312 τῶν
1394 3231 1677 3334 τυχόντων
1700 3252 1844 3310 εἶδον
1888 3231 1929 3298 C

199 3344 294 3400 τὰν
327 3342 494 3417 ἄνδρα
550 3344 682 3419 ἐγὼ,
739 3346 1027 3424 ἀντέφησεν
1084 3349 1111 3401 ὁ
1172 3347 1437 3420 μοναχὸς,
1496 3344 1620 3400 ἀλλ’
1667 3345 1740 3406 ὠς
1787 3344 1846 3400 ἐκ

203 3439 339 3490 Θεοῦ
397 3432 628 3508 βασιλέα
682 3436 966 3506 Ῥωμαίων
1029 3435 1131 3490 ὑπὸ
1208 3439 1441 3509 Χριστοῦ
1493 3455 1842 3512 προκεχειρι-

204 3525 404 3594 σμένον
463 3520 590 3577 ἰδὼν
647 3523 929 3594 ἐξανέστην
995 3523 1082 3578 καὶ
1135 3523 1515 3603 ἐπευφήμησω
1572 3529 1688 3585 τοῖς
1741 3523 1843 3600 γὰρ

199 3613 310 3667 ἀπὸ
365 3617 499 3668 Θεοῦ
537 3614 927 3686 τετιμημένοις
983 3613 1315 3690 ὀφειλομένη
1363 3613 1578 3675 πάντως
1609 3612 1720 3669 ἐστὶ
1750 3614 1841 3669 καὶ

197 3704 232 3770 ἡ
267 3700 318 3772 ἐξ
348 3701 649 3775 ἀνθρώπων
683 3705 842 3773 τιμή.
877 3726 907 3754 ››

267 3792 327 3847 Ὁ
387 3791 480 3865 μὶν
539 3792 631 3846 οὗν
692 3790 957 3868 Θεόφιλος
1013 3794 1080 3846 τα
1151 3794 1597 3868 προστεταγμένα
1651 3792 1842 3854 ἀνύσας

191 3877 378 3953 εἶ’χετο
409 3879 575 3935 πάλιν
622 3883 718 3948 τῆς
749 3881 840 3936 επὶ
870 3883 970 3951 τὴν
1033 3879 1292 3956 βασιλίδα
1345 3878 1496 3950 ὁδοῦ,
1529 3883 1557 3938 ὁ
1587 3878 1645 3937 δὲ
1677 3880 1838 3938 Βασί-

191 3967 342 4032 λείος
393 3968 634 4040 ἀσθενείᾳ
689 3970 970 4047 συσχεθεὶς
1023 3971 1276 4043 σώματος
1325 3970 1513 4025 αὐτόθι
1568 3969 1838 4042 καταλιμ-

188 4056 436 4111 πάνεται·
519 4055 838 4128 ἐπιμελείας
903 4055 960 4111 δὲ
1023 4064 1123 4125 τῆς
1204 4061 1594 4131 προσηκούσης
1652 4059 1838 4136 τυχὼν

190 4146 329 4218 πρὸς
386 4147 485 4213 τὴν
545 4143 736 4199 ἄνοδον
796 4146 1146 4218 ἡτοιμάζετο.
1205 4149 1301 4204 "0v
1367 4146 1841 4218 μετακαλεσαμένη

188 4238 224 4303 ἡ
263 4232 635 4309 προρῥηθεῖσα
684 4235 820 4308 γυνὴ
877 4227 1136 4304 Δανιηλὶς
1189 4232 1386 4309 δώροις
1420 4236 1579 4290 αὐτὸν
1621 4236 1711 4289 καὶ
1747 4255 1843 4308 με-

190 4323 390 4400 γαλοις
440 4320 706 4392 δεξιοῦται
757 4323 1079 4398 χαρίσμασι,
1136 4321 1304 4397 μηδὲν
1353 4321 1533 4397 ἕτερον
1575 4320 1844 4394 ἐπιζητή-

190 4434 328 4467 σασα
385 4415 512 4486 παρ’
561 4413 728 4467 αὐτοῦ
784 4413 818 4480 ἢ
860 4419 1229 4486 πνευματικῆς
1299 4411 1668 4492 ἀδελφότητος
1728 4415 1840 4488 (70)

191 4497 487 4573 συνδόσμῳ
520 4498 832 4569 συνδεθῆναι
877 4504 1011 4575 πρὸς
1065 4502 1318 4571 Ἰωάννην
1351 4502 1442 4557 τὸν
1474 4503 1675 4571 ταύτης
1705 4503 1838 4560 υἱόν.

1972 1936 2202 2010 generis
2225 1929 2534 1990 nobilitate
2566 1928 2893 2003 principem
2925 1923 3164 1980 tenebat
3189 1919 3556 1995 dignitatem,
3589 1938 3624 1975 a

1971 2007 2118 2082 mari
2131 2031 2184 2080 to
2199 2041 2305 2080 suo
2323 2021 2607 2077 Dianielis
2622 2019 3024 2080 dicta,narran
3034 2020 3071 2068 t.
3099 2015 3178 2066 Ea
3189 2007 3619 2085 perspicaciam

1971 2111 2245 2168 monachi
2261 2110 2599 2178 denumque
2619 2108 2679 2160 in
2713 2121 2780 2159 eo
2800 2099 3475 2158 vaticinandidivinuum
3499 2115 3619 2152 non

1968 2203 2270 2274 ignorans,
2317 2199 2594 2256 nuntium
2617 2211 2752 2250 eum
2783 2207 3162 2263 nequaquam
3189 2185 3447 2260 neglexit
3471 2205 3483 2241 :
3511 2183 3614 2241 sed

1967 2271 2129 2346 illico
2160 2290 2453 2346 monacho
2482 2286 2557 2342 ad
2580 2301 2641 2340 se
2663 2290 2862 2338 vocato
2887 2275 3262 2352 exprobravit
3290 2271 3447 2348 quod
3475 2276 3610 2340 sibi,

1966 2386 2239 2450 quam.ut
2265 2383 2434 2450 pater
2463 2372 2810 2446 spiritualis,
2827 2376 2989 2425 tanto
3004 2375 3268 2438 tempore
3291 2371 3490 2419 notam
3515 2359 3618 2417 ha-

1963 2470 2131 2524 beret
2172 2465 2566 2535 omnibusque
2622 2460 2962 2516 hominibus
3011 2458 3083 2512 iis
3138 2457 3198 2509 in
3242 2453 3387 2508 locis
3437 2451 3609 2524 longe

1963 2563 2242 2631 praestare
2275 2558 2472 2624 sciret,
2504 2569 2810 2623 nunquam
2860 2549 2950 2606 vel
2996 2543 3418 2603 assurrexisset
3463 2559 3608 2598 con-

1962 2630 2200 2720 spectas,
2233 2663 2426 2718 neque
2456 2645 2603 2700 votis
2651 2643 3000 2714 prosecutus
3055 2641 3229 2699 esset,
3262 2650 3329 2688 ac
3360 2649 3433 2686 ne
3485 2630 3607 2684 filio

1961 2718 2202 2807 quidem
2234 2754 2339 2791 suo
2369 2741 2473 2790 aut
2501 2727 2700 2804 nepoti
2724 2745 2858 2784 eum
2878 2740 3146 2795 unquam
3177 2718 3481 2775 habuisset
3503 2719 3607 2773 ho-

1961 2842 2192 2886 norem.
2214 2840 2375 2878 nunc
2403 2827 2600 2878 autem
2633 2817 2860 2874 homini
2889 2812 3156 2886 pauperi,
3190 2809 3501 2882 peregrino
3549 2812 3608 2862 et

1959 2916 2112 2970 θοαὶ
2143 2914 2324 2970 vitam
2372 2910 2607 2982 degenti
2638 2909 2877 2978 inopem
2910 2900 3351 2967 assurrexisset,
3385 2905 3442 2953 et
3471 2904 3607 2954 tan-

1960 3021 2140 3075 quam
2187 3004 2608 3074 imperatorem
2663 2997 3031 3054 honorasset.
3066 3014 3094 3042 «
3143 2989 3320 3061 Atqui
3355 3005 3481 3062 ego,
3514 3001 3608 3075 re-

1959 3093 2202 3165 spondit
2228 3091 2576 3148 monachus.
2610 3104 2744 3143 eum
2774 3101 2895 3140 non
2924 3089 2989 3138 ut
3019 3078 3356 3136 communis
3406 3069 3608 3132 condi-

1958 3163 2138 3238 tionis
2158 3181 2420 3252 aliquem
2437 3178 2576 3244 vidi,
2602 3175 2706 3231 sed
2727 3181 2794 3231 ut
2821 3190 2856 3228 a
2876 3174 2992 3227 Deo
3026 3170 3386 3225 destinatum
3417 3163 3608 3237 impe—

1957 3273 2046 3327 rio
2069 3274 2468 3328 Romanorum
2493 3264 2752 3340 gerendo
2811 3269 2870 3318 et
2899 3261 2972 3318 ad
3004 3259 3114 3314 hoc
3145 3275 3179 3314 a
3227 3257 3457 3313 Christo
3503 3255 3603 3310 de-

1952 3362 2169 3418 lectum
2201 3359 2452 3416 intuitus
2483 3354 2800 3422 assurrexi,
2835 3353 3009 3423 eique
3065 3343 3394 3421 gratulatus
3446 3362 3597 3400 sum.

1953 3452 2206 3509 Omnino
2238 3450 2397 3504 enim
2444 3447 2517 3504 ab
2576 3443 2918 3500 hominibus
2978 3441 3167 3495 honor
3199 3437 3272 3492 iis
3329 3429 3599 3502 debetur,

1952 3559 2101 3614 quos
2131 3543 2356 3596 honore
2388 3541 2540 3596 Deus
2571 3537 2846 3608 dignatus
2889 3537 2997 3587 est.
3030 3551 3052 3583 ι

2023 3797 2313 3851 Caeterum
2344 3789 2703 3862 Theophilus
2733 3782 3018 3844 confectis
3061 3779 3356 3840 mandatis
3387 3779 3598 3853 Cpolin

1951 3885 2161 3940 reverti
2197 3879 2471 3945 instituit,
2505 3881 2711 3936 relicto
2745 3877 2823 3932 ibi
2859 3873 3092 3939 Basilio,
3143 3874 3312 3943 cujus
3344 3871 3456 3925 iter
3503 3868 3597 3924 in-

1953 3973 2264 4031 commoda
2292 3970 2562 4029 valetudo
2595 3965 2975 4039 impediebat.
2998 3962 3104 4029 Qui
3132 3979 3266 4017 cum
3283 3960 3601 4032 diligenter

1953 4070 2152 4120 curato
2175 4077 2421 4132 corpore
2453 4059 2768 4114 sanitatem
2822 4053 3160 4124 recepisset,
3194 4054 3253 4106 et
3282 4067 3342 4105 se
3369 4048 3494 4122 jam
3527 4039 3600 4102 ad

1951 4154 2207 4208 reditum
2239 4156 2495 4223 pararet,
2525 4167 2562 4206 a
2591 4146 2896 4203 Danielide
2948 4149 3220 4200 evocatus
3279 4145 3338 4196 et
3387 4135 3600 4211 amplls

1951 4240 2125 4298 bonis
2154 4239 2400 4297 allectus
2431 4241 2539 4306 est,
2583 4236 2733 4291 nihil
2783 4235 2855 4290 ab
2888 4234 3016 4305 ipso
3047 4229 3388 4304 requirente
3417 4245 3597 4299 quam

1951 4338 2017 4386 ut
2045 4347 2178 4386 cum
2209 4330 2440 4385 Joanne
2463 4327 2644 4394 (hunc
2675 4341 2746 4380 ea
2776 4321 2964 4379 filium
2993 4315 3269 4388 habebat)
3314 4317 3594 4390 spiritua-

1952 4423 2068 4476 lem
2116 4419 2314 4475 fratris
2345 4416 2760 4472 necessitatem
2812 4411 3207 4468 contraheret.
3265 4408 3430 4474 Quod
3462 4423 3595 4462 cum

1954 4509 2053 4564 ille
2087 4514 2146 4564 et
2171 4525 2290 4561 suaa
2319 4505 2626 4562 tenuitatis
2656 4501 2929 4560 conscius
2962 4506 3020 4555 et
3057 4499 3350 4553 illustrem
3382 4493 3598 4550 mulie-

185 4592 248 4646 Ὀ
279 4587 334 4644 δὲ
366 4591 499 4664 πρὸς
560 4591 623 4644 τὸ
681 4588 872 4644 ἑαυτοῦ
931 4585 1259 4644 ἀποϐλέπων
1294 4589 1505 4653 εὐτελὲς
1539 4591 1625 4645 καὶ
1656 4593 1717 4645 τὸ
1749 4612 1844 4645 πε·-

1964 4598 2033 4651 ris
2055 4603 2271 4652 statum
2307 4593 2692 4650 considerans
2724 4597 2788 4646 ut
2827 4607 2888 4648 se
2920 4588 3191 4645 altiorem
3223 4603 3349 4642 rem
3399 4585 3597 4639 detre-

188 4680 402 4754 ριφανὲς
433 4685 534 4748 τῆς
592 4679 846 4752 γυναικὸς
903 4679 976 4740 ὡς
1034 4680 1162 4752 ὑπὲρ
1204 4680 1365 4734 αὐτὸν
1426 4679 1636 4752 μᾶλλον
1680 4681 1836 4736 οὖσαν

188 4763 442 4828 διωθεῖτο
475 4767 573 4835 τὴν
615 4762 866 4838 ἔντευξινο
936 4765 1163 4822 πλείονα
1221 4767 1278 4824 δὲ
1310 4769 1654 4844 παράκλησιν
1688 4768 1834 4841 δεξά-

193 4872 354 4924 μενος
385 4852 616 4926 ἐκληροῖ
671 4857 762 4910 τὸν
820 4857 1024 4926 ταύτης
1085 4856 1302 4912 σκοπόν.
1355 4857 1835 4933 Ἐκπληρωθεῖσης

192 4939 252 4995 δὲ
279 4945 347 5015 τῇ
378 4943 591 5016 γυναικὶ
629 4951 728 5013 τῆς
788 4944 1038 5022 ἐφέσεως.
1097 4942 1271 5016 ἔδοξεν
1304 4947 1444 5021 αὐτῇ
1488 4950 1563 5020 μὴ
1614 4948 1832 5023 ἐπικρύε

187 5048 341 5084 πτειν
398 5033 461 5086 τὸ
521 5029 782 5106 βούλημα
832 5037 928 5088 τοῦ
987 5038 1144 5105 Θεοῦ,
1185 5033 1328 5091 ἀλλὰ
1370 5033 1715 5110 δημοσιεύειν
1745 5040 1836 5094 καὶ

1945 4691 2152 4746 ctaret,
2187 4683 2426 4739 tandem
2459 4681 2728 4754 pluribus
2771 4681 2900 4749 ejus
2954 4673 3467 4732 adhortationibus
3499 4691 3592 4728 ce-

1945 4769 2092 4830 dens
2132 4772 2396 4844 perfecit.
2426 4771 2686 4827 Dianelis
2746 4769 3061 4840 impetrato
3124 4764 3281 4837 quod
3339 4763 3596 4831 volebat,

1946 4863 2150 4918 statuit
2178 4863 2488 4917 consiliam
2522 4855 2624 4914 Dei
2666 4875 2785 4914 non
2818 4856 3130 4920 occultare,
3165 4855 3268 4910 sed
3299 4851 3594 4926 quomodo

1946 4953 2058 5008 sibi
2089 4953 2406 5025 magniﬁca
2434 4951 2564 5022 ejus
2583 4949 2854 5005 voluntas
2869 4945 3219 5003 denuntiata
3233 4950 3289 4998 et
3301 4943 3594 5014 patefacta

1947 5051 2091 5114 erat,
2124 5046 2207 5100 ita
2235 5045 2509 5117 detegere
2541 5038 3039 5098 Basilio.Seorsim
3063 5038 3260 5108 itaque
3283 5035 3336 5089 ei
3364 5056 3383 5081 σι
3413 5031 3588 5098 Scito,

1393 5164 1758 5222 XYLANDRI
1796 5170 1882 5224 ET
1923 5165 2138 5225 GOARI
2177 5167 2401 5223 ΝΟΤιΕ.

258 5270 367 5352 (70)
402 5267 482 5326 Ad
519 5270 704 5354 instar
741 5271 1076 5398 adoptionis
1126 5293 1242 5347 qua
1285 5277 1419 5349 quis
1452 5275 1694 5336 alterius
1726 5281 1826 5337 ad-

258 5338 466 5397 nbltur
521 5340 700 5398 illius.
758 5342 848 5396 ἀδε
894 5345 1208 5398 ιοοποίησιν.
1244 5365 1361 5398 mia
1416 5351 1524 5398 sibi
1567 5349 1824 5398 alienum

187 5338 466 5420 scribitur
521 5338 1208 5420 filiusta’t‘aaitponoinﬂv,
1244 5338 1361 5420 qua,
1416 5351 1524 5404 Sibi
1567 5349 1828 5407 alienum

183 5413 444 5497 fraterno
475 5431 677 5497 amore
708 5413 982 5488 deinceps
1006 5413 1829 5497 prcsequ'endum.utriusque

183 5484 436 5539 fortunas
460 5487 829 5557 participem.
856 5484 1238 5545 consiliorum
1262 5508 1328 5546 ac
1354 5493 1601 5548 subsidii
1628 5484 1825 5550 aucto—

184 5572 334 5624 rem,
354 5565 650 5638 perpelup
679 5558 953 5638 amicitiae
980 5576 1135 5638 nexu
1161 5562 1520 5638 devinciunt.
1545 5567 1830 5638 excogita-

183 5627 719 5722 ‘veieigrzn‘ci.hliaac
749 5637 945 5722 tamen
967 5637 1030 5685 ut
1061 5633 1324 5722 antiquis
1354 5635 1577 5708 legibus
1609 5627 1826 5722 ignota,

182 5695 428 5754 familiis
479 5710 688 5772 nocua,
748 5712 1064 5774 pravorum
1122 5695 1500 5762 consiliorum
1559 5695 1720 5781 origo
1763 5695 1829 5765 δέ

1943 5283 2337 5341 nefandorum
2360 5277 2688 5337 facinorum
2723 5278 3002 5350 adjutrix,
3025 5269 3591 5350 posteris_Ecclesiaa

1941 5371 2050 5412 nec
2083 5351 2693 5425 nonlmperiilegibus
2717 5343 3048 5425 proscripta
3064 5346 3244 5425 {uitet
3269 5343 3548 5425 damnata
3575 5361 3590 5403 :

1941 5417 2658 5498 Antiquuum'tamen‘ejus
2677 5417 2735 5476 in
2750 5417 3394 5498 Ecclesiacelebrandae
3411 5418 3592 5473 ritum

1942 5490 2363 5568 Each-elogium
2387 5565 2393 5568 _
2419 5490 2679 5551 asservat
2701 5511 2714 5560 ;
2736 5490 3169 5568 __damnationis
3222 5491 3326 5568 Jus
3358 5491 3584 5546 ϐιωσο-

1942 5563 2280 5633 romanum,
2337 5565 2650 5634 Blastares,
2695 5565 2914 5634 aliique
2949 5563 3281 5634 Graecorum
3306 5565 3590 5630 iurecon-

1941 5637 2081 5697 sulti
2104 5639 2482 5696 manifestum
2517 5633 3271 5710 proferunt’testimonium.
3306 5635 3479 5690 Gou.
