4056 6276
342 424 497 487 10⁸79

1699 415 2014 482 GEORGII
2058 415 2408 477 CEDRENI

3597 409 3763 478 1080

343 560 564 632 inquit,
598 557 726 626 filii,
758 558 943 612 Deum
992 560 1052 612 te
1081 558 1145 612 in
1187 555 1426 612 sublimi
1457 555 1691 628 imperii
1749 551 1992 625 Specula

2111 547 2311 625 φανερὰ
2337 547 2542 632 τιθέναι
2591 547 2658 602 τὰ
2693 545 2958 624 μεγαλεῖα
3015 549 3112 604 τοῦ
3167 552 3322 616 Θεοῦ,
3355 550 3444 610 οἷς
3476 546 3596 603 οἵδε
3622 549 3760 624 τρόο

347 649 792 712 collocaturum,
811 645 1134 718 orbemque
1157 651 1450 702 terrarum
1471 646 1532 701 in
1549 651 1712 701 tuam
1736 647 1993 715 potesta-

347 744 469 792 tem
501 736 936 792 daturum.Hoc
986 752 1186 790 meum
1216 733 1557 790 vaticinium
1581 733 1682 790 ubi
1713 730 1994 803 implebi-

348 831 466 894 tur,
500 825 650 880 nihil
680 825 786 880 abs
827 829 882 880 te
913 825 1075 880 aliud
1135 831 1270 897 peto
1303 825 1456 880 993
1490 840 1666 894 quam
1723 827 1790 878 ut
1844 819 1988 876 mihi

346 914 614 984 meisque
647 912 851 967 liberis
906 912 1228 967 benevolus
1274 913 1354 968 sis
1410 917 1586 982 atque
1645 910 1927 966 clemens.
1964 931 1986 960 δ

351 1003 634 1058 Promisit
654 1001 906 1056 Basilius
931 1018 1014 1068 se,
1053 1001 1213 1056 exitu
1227 1001 1339 1056 hoc
1363 1000 1704 1056 vaticinium
1719 1015 1988 1069 compro-

347 1090 548 1160 bante,
572 1106 813 1162 operam
845 1089 1122 1146 daturum
1153 1094 1219 1144 ut
1250 1105 1378 1144 eam
1402 1089 1582 1144 totius
1612 1088 1782 1142 istius
1808 1087 1990 1158 regio-

346 1183 442 1238 nis
511 1181 816 1237 dominam
895 1181 1092 1236 faciat.
1163 1181 1232 1235 Et
1297 1179 1606 1234 consulata
1685 1177 1991 1234 Danielide

345 1271 555 1343 Cpolin
587 1270 660 1325 ad
682 1271 892 1325 herum
925 1285 1095 1324 suum
1121 1268 1316 1324 rediit.
1348 1269 1415 1322 In
1447 1267 1788 1324 Macedonia
1817 1283 1992 1338 porro

347 1358 573 1430 praedia
601 1358 792 1413 multa
811 1357 955 1412 emit
979 1373 1048 1412 ea
1071 1357 1322 1429 pecunia
1343 1373 1520 1428 quam
1544 1355 1622 1410 ibi
1645 1354 1990 1426 acquisivis-

346 1448 780 1518 set,eﬂ'ecitque
805 1452 871 1501 ut
898 1447 1022 1501 suis
1059 1445 1329 1500 omnium
1359 1462 1558 1500 rerum
1591 1445 1997 1517 suppeditaret

349 1537 536 1608 capia.
560 1537 691 1608 Ipse
723 1541 922 1591 autem
972 1551 1106 1590 cum
1163 1535 1406 1590 domino
1465 1551 1571 1590 suo
1628 1534 1992 1602 versabatur,

347 1625 521 1696 eique
547 1624 925 1679 inserviebat.

2104 655 2229 696 ποις
2267 631 2651 712 προλεγόμενα
2705 636 2796 690 καὶ
2854 634 3318 710 δηλοποιούμενα.
3380 635 3518 709 ἰδίᾳ
3573 639 3762 694 τοίνυν

2105 723 2563 800 παραστησαμένη
2589 724 2682 779 τὸν
2715 723 3026 795 Βασίλειον,
3058 749 3086 776 ‹‹
3119 728 3278 794 Ἴσθι,
3311 724 3435 802 ἔφη,
3469 727 3516 781 ὦ
3545 727 3754 795 τέκνον,
3838 780 3843 784 .

2099 813 2174 875 ὡς
2206 814 2234 866 6
2265 813 2394 874 Θεός
2455 834 2514 868 σε
2561 812 2652 868 ἐπὶ
2714 813 2954 888 μεγάλης
3000 814 3191 886 μέλλει
3247 816 3452 870 τιθέναι
3489 823 3594 885 τῆς
3621 837 3759 871 σκο-

2099 907 2226 965 πιᾶς
2280 901 2370 956 καὶ
2427 901 2612 976 κύριον
2672 899 3042 958 ἀποδεικνύεὶν
3101 904 3278 974 πάσης
3331 911 3431 973 τῆς
3487 909 3615 980 γῆς.
3663 906 3756 968 Εἰς

2099 984 2259 1065 ἔργον
2291 989 2387 1046 οὖν
2421 987 2656 1061 ἐκϐάσης
2689 999 2790 1060 τῆς
2839 991 2978 1064 ἐμῆς
3025 991 3382 1069 προρρήσεως
3419 991 3579 1048 οὐδὲν
3615 993 3758 1049 αἰτῶ

2099 1077 2278 1155 ἕτερον
2306 1080 2452 1156 παρὰ
2481 1085 2597 1150 σοῦ,
2630 1079 2760 1136 ἀλλ’
2786 1080 2822 1149 ἦ
2852 1081 2916 1135 τὸ
2964 1081 3128 1154 μόνον
3169 1081 3477 1156 ἀγαπᾶσθαι
3505 1082 3599 1137 καὶ
3629 1082 3756 1138 ἐλε-

2100 1171 2271 1224 εῖσθαι
2305 1168 2402 1242 ἐμέ
2427 1189 2487 1224 τε
2516 1169 2758 1231 καὶτοὺς
2871 1169 3032 1242 ἐμοῦ.
3071 1193 3092 1222 ι
3125 1171 3190 1228 Ὀ
3238 1167 3318 1238 δὲ,
3352 1172 3397 1224 εἱ
3430 1167 3555 1240 δοίη
3597 1171 3760 1228 τελε-

2103 1265 2292 1328 σθῆναι
2331 1259 2461 1322 Θεὸς
2514 1259 2585 1314 τὰ
2645 1259 2987 1332 μηνυόμενα,
3041 1260 3232 1334 κυρίαν
3274 1259 3440 1328 αὐτὴν
3473 1261 3762 1340 ἀποφῆναι

2099 1349 2566 1426 κατεπηγγείλατο
2623 1351 2825 1421 πάσης,
2885 1351 2930 1406 εί
2989 1352 3105 1405 οἷόν
3143 1371 3223 1419 τε,
3256 1351 3465 1421 ἐκείνης
3493 1359 3596 1422 τῆς
3628 1360 3756 1429 γῆς.

2103 1439 2201 1496 Καὶ
2259 1438 2432 1501 οὕτως
2489 1439 2862 1513 ἀσπασάμενος
2940 1441 3040 1508 τὴν
3121 1445 3347 1514 γυναῖκα
3405 1442 3558 1512 ἆνήει
3619 1443 3762 1516 πρὸς

2099 1533 2198 1599 τήν
2261 1528 2652 1604 βασιλεύουσαν
2709 1529 2800 1584 καὶ
2853 1530 2944 1584 τὸν
3001 1530 3193 1584 ἑαυτοῦ
3247 1531 3460 1605 κύριον.
3512 1533 3654 1588 Ἀπὸ
3702 1529 3763 1588 δὲ

2097 1623 2206 1673 τῶν
2279 1617 2522 1683 ἐντεῦθεν
2571 1619 2722 1691 αὐτῷ
2791 1617 3242 1694 προσγενομένων
3297 1621 3608 1695 χρημάτων
3675 1621 3765 1692 ἐξ-

347 1710 698 1784 ωνησάμενος
760 1715 840 1780 [Ρ.
874 1711 1000 1783 563]
1031 1709 1108 1773 εἷς
1137 1707 1469 1766 Μακεδονίαν
1499 1711 1719 1780 κτήσεις
1746 1707 1930 1770 ἱκανὰς
1956 1707 2278 1778 κατέστησεν
2329 1705 2419 1762 ἐπὶ
2475 1705 2735 1778 εὐπορίας
2759 1707 3001 1769 ’ἅπαντας
3025 1706 3156 1769 τοὺς
3183 1709 3564 1782 προσήκοντας
3592 1707 3763 1784 δαψι-

347 1795 506 1869 λοῦς,
537 1805 700 1868 συνῆν
733 1795 782 1852 δ’
803 1799 957 1872 ’ὅμως
988 1799 1080 1852 καὶ
1111 1795 1354 1868 διηκόνει
1383 1803 1462 1870 τῷ
1492 1798 1668 1872 κυρίῳ
1698 1797 1888 1854 αὐτοῦ.

422 1889 686 1958 Quodam
737 1887 832 1944 die
899 1889 1228 1961 Antigonus
1301 1888 1640 1944 scholarum
1695 1887 1994 1960 princeps,
2025 1888 2073 1954 Β

347 1977 594 2033 Caesaris
625 1976 826 2033 Bardm
858 1977 1042 2044 ﬁlius,
1092 1982 1440 2050 sumptuoso
1489 1977 1750 2032 convivio
1811 1991 1994 2048 appa-

354 2071 506 2136 rato,
536 2066 728 2138 primo
758 2066 888 2122 loco
911 2071 1138 2138 patrem
1172 2083 1347 2122 suum
1386 2066 1671 2133 invitavit,
1703 2065 1874 2136 isque
1901 2081 1997 2119 se-

346 2173 483 2212 cum
515 2156 734 2210 multos
765 2155 915 2210 alios
946 2155 1018 2210 de
1043 2156 1332 2226 cognatis,
1353 2156 1561 2210 amicis
1587 2172 1654 2210 ac
1683 2154 1994 2210 familiari-

346 2244 460 2300 bus
510 2243 796 2310 adduxit;
828 2244 1192 2316 aderantque
1224 2245 1276 2300 ei
1318 2245 1497 2300 etiam
1531 2243 1764 2316 Bulgari
1798 2243 1996 2306 amici,

351 2335 606 2405 quitum
647 2335 797 2388 forte
845 2334 1106 2406 Byzantii
1165 2333 1476 2404 degebant.
1536 2335 1735 2404 Neque
1793 2333 2000 2387 aberat

346 2421 705 2492 Theophilus
737 2421 936 2476 Basilii
971 2421 1341 2488 dominus,ut
1369 2423 1494 2493 ipse
1523 2438 1759 2492 quoque
1791 2435 1998 2492 cogna-

351 2518 448 2565 tus
477 2509 740 2565 Czesaris.
764 2511 926 2564 Inter
953 2510 1166 2580 pocula
1195 2509 1268 2566 de
1316 2511 1539 2565 athleta
1603 2510 1859 2580 quodam
1891 2526 1997 2564 suo

363 2615 426 2656 se
449 2598 777 2671 jactabant,
801 2615 979 2670 quem
1012 2615 1212 2654 secum
1270 2599 1592 2667 habebant,
1622 2599 1834 2654 robore
1865 2615 1998 2654 cor~

356 2689 518 2763 poris
551 2687 870 2760 superbum
897 2705 912 2754 ;
945 2693 1406 2761 arroganterque
1465 2689 1872 2760 gloriabantur
1899 2705 2000 2743 ne-

351 2779 574 2836 minem
607 2795 737 2832 esse
769 2779 871 2848 qui
904 2794 1036 2832 cum
1071 2794 1140 2833 eo
1171 2793 1383 2833 manus
1413 2777 1682 2834 conferre
1731 2778 1996 2834 auderet.

349 2867 538 2924 Medio
571 2867 832 2923 convivio
889 2867 1250 2939 Theophilus
1279 2867 1352 2923 ad
1384 2868 1674 2924 Caesarem
1722 2885 1736 2924 :
1770 2869 1826 2923 Si
1859 2874 1996 2936 tuae,

354 2957 572 3029 inquit,
629 2956 928 3029 majestati
995 2956 1210 3028 placet,
1269 2957 1559 3013 famulum
1626 2957 1837 3026 habeo,
1897 2958 1999 3028 qui

354 3062 490 3101 cum
545 3044 802 3117 glorioso
859 3044 973 3098 isto
1039 3044 1290 3115 Bulgaro
1367 3046 1649 3100 decertet.
1725 3047 1999 3118 Magnum

351 3135 514 3188 enim
571 3133 828 3189 dedecus
887 3134 1170 3188 Romanis
1229 3133 1410 3189 fuerit
1457 3135 1638 3190 istum
1713 3133 2000 3190 invictum

347 3223 508 3278 994
561 3223 622 3276 in
691 3223 1023 3294 Bulgariam
1094 3223 1328 3277 reverti.
1415 3224 1708 3279 Probante
1766 3240 1992 3278 sermo-

353 3329 494 3368 nem
543 3313 773 3368 Caasare
823 3315 882 3365 et
935 3309 1369 3366 adolescentem
1421 3312 1492 3382 (is
1549 3318 1676 3368 erat
1725 3313 1996 3384 Basilius)

351 3399 618 3472 produci
637 3399 910 3470 jubente,
942 3399 1368 3454 Constantinus
1425 3401 1730 3471 patricius,
1763 3403 1999 3457 Thomas

354 3488 672 3560 logothetaa
703 3492 890 3558 pater,
923 3487 1027 3557 qui
1072 3502 1428 3559 magnopere
1471 3488 1704 3544 favebat
1759 3490 1997 3557 Basilio,

355 3576 645 3634 nimirum
675 3581 734 3632 et
761 3577 886 3646 ipse
916 3575 1213 3630 Armenias
1243 3575 1464 3647 stirpis,
1518 3576 1716 3633 locum
1763 3579 1826 3632 in
1883 3596 2000 3650 quo

353 3665 640 3722 luctaturi
671 3669 842 3720 erant
879 3664 1191 3720 humidum
1221 3670 1904 3738 cernens,metuensque
1926 3685 2003 3724 ne

357 3755 434 3810 ob
457 3755 586 3826 ejus
632 3753 1029 3810 lubricitatem
1078 3753 1330 3810 Basilius
1387 3753 1645 3824 caderet,
1671 3755 1912 3826 pulvere
1937 3775 2003 3814 ac

357 3845 535 3900 scobe
585 3860 716 3914 qum
748 3860 912 3900 serra
943 3843 1142 3899 scissis
1200 3843 1378 3915 lignis
1410 3843 1475 3898 fit
1519 3845 1749 3914 ingesta
1804 3847 2002 3902 locum

355 3933 636 3989 contexit.
669 3935 756 3988 Ita
785 3933 1036 4005 Bulgaro
1067 3949 1419 4004 congressus
1459 3933 1715 3990 Basilius
1770 3935 2006 4006 pueruli

361 4039 498 4080 eum
533 4022 724 4077 instar
745 4022 1117 4094 campressit,
1150 4023 1658 4094 constrictumque
1677 4023 1853 4080 veluti
1885 4042 2008 4082 ma-

365 4111 640 4184 nipulum
673 4110 872 4166 herba)
905 4116 1008 4166 aut
1037 4111 1316 4183 glaubum
1338 4111 1492 4168 lanaa
1516 4112 1802 4168 facillime
1833 4115 2010 4170 subli-

360 4217 521 4256 mem
546 4201 800 4273 arripuit
831 4205 888 4255 et
915 4217 1095 4272 super
1112 4216 1381 4256 mansam
1417 4200 1654 4273 abjecit,
1676 4218 2008 4275 magnoque

365 4289 666 4346 Romanos
690 4289 904 4362 gaudio
937 4288 1154 4358 affecit,
1181 4289 1406 4361 pudore
1463 4289 1730 4362 Bulgaris
1778 4291 2008 4348 oborto.

362 4377 450 4434 Ab
479 4394 547 4433 eo
593 4379 687 4433 die
739 4377 901 4434 fama
941 4376 1140 4432 Basilii
1173 4393 1300 4433 sese
1358 4391 1466 4448 per
1492 4377 1701 4433 urbem
1752 4378 2008 4446 diffudit,

361 4467 654 4539 ccepitque
687 4467 750 4521 in
781 4483 882 4521 ore
921 4469 980 4519 et
1009 4463 1401 4522 admiratione
1433 4467 1702 4522 omnium
1752 4484 1900 4526 esse.

2175 1887 2272 1942 Ἓν
2303 1905 2410 1939 τινι
2441 1881 2500 1939 δέ
2537 1887 2646 1938 τῶν
2705 1886 2927 1958 ἡμερῶν
2985 1885 3292 1961 Ἀντίγονος
3322 1887 3350 1940 6
3381 1890 3490 1942 τῶν
3523 1884 3759 1960 σχολῶν

2104 1972 2504 2054 ἀφηγούμενος,
2564 1973 2592 2027 6
2649 1976 2746 2027 τοῦ
2803 1974 3077 2050 Καίσαρος
3115 1971 3299 2048 Βάρδα
3346 1975 3484 2047 υἱὸς,
3518 1974 3763 2029 ἑστίασιν

2100 2061 2382 2132 πολυτελῆ
2467 2062 3002 2136 κατασκευασάμενος
3079 2061 3382 2137 δαιτυμόνα
3488 2064 3613 2138 εἶχε
3694 2063 3764 2118 τὲ

2100 2156 2293 2226 πρῶτα
2346 2155 2453 2204 τῶν
2503 2149 2872 2224 ἀνακειμένων
2927 2153 3018 2206 τὸν
3079 2153 3271 2206 ἑαυτοῦ
3309 2149 3516 2228 πατέρα
3547 2149 3765 2224 Βάρδαν

2099 2242 2192 2296 τὸν
2223 2239 2483 2315 Καίσαρα,
2542 2239 2604 2304 ὅς
2659 2239 2908 2304 πολλοὺς
2961 2243 3053 2297 καὶ
3110 2241 3316 2304 ἄλλους
3342 2247 3450 2297 τῶν
3491 2247 3766 2318 συγγενῶν

2101 2329 2190 2386 καὶ
2219 2329 2399 2409 φίλων
2429 2330 2520 2384 καὶ
2552 2332 2794 2401 συνήθων
2846 2326 3180 2406 παραλαϐὼν
3209 2332 3346 2404 πρὸς
3385 2333 3485 2402 τήν
3518 2330 3765 2408 εὐωχίαν

2102 2420 2266 2493 ἀπῄει
2298 2440 2310 2453 ·
2345 2425 2704 2494 συμπαρῆσαν
2737 2416 2784 2473 δ’
2825 2420 2970 2493 αὐτῷ
3017 2421 3104 2476 καὶ
3155 2421 3463 2496 Βούλγαροι
3507 2423 3771 2492 συνήθεις

2101 2508 2191 2563 καὶ
2221 2507 2398 2584 φίλοι,
2433 2505 2576 2562 οὕτω
2616 2510 2932 2583 παρατυχὸν
2984 2512 3053 2582 τῇ
3107 2507 3351 2586 βασιλίδι
3383 2505 3767 2585 ἐνδιατρίϐον-

2101 2618 2206 2661 τες.
2239 2599 2356 2654 Ούκ
2383 2597 2528 2662 ἀπῆς
2561 2594 2618 2651 δέ
2647 2603 2748 2666 τῆς
2797 2594 3118 2659 πανδαισίας
3171 2595 3297 2653 οὐδὲ
3349 2599 3376 2653 6
3423 2597 3702 2676 Θεόφιλος
3736 2601 3768 2654 6

2100 2689 2197 2740 τοῦ
2229 2684 2519 2742 Βασιλείου
2575 2684 2785 2760 κύριος,
2844 2688 2934 2741 οἷα
2992 2689 3250 2762 συγγενὴς
3305 2687 3395 2742 καὶ
3463 2687 3626 2750 αὐτὸς
3663 2692 3768 2743 τοῦ

2107 2776 2396 2851 Καίσαρος.
2430 2779 2544 2833 Τοῦ
2576 2772 2632 2830 δὲ
2661 2776 2833 2830 πότοῦ
2851 2775 3144 2850 προϊόντος
3165 2777 3256 2831 καὶ
3278 2776 3636 2850 ἀκμαζούσης
3660 2784 3766 2846 τῆς

2105 2864 2364 2940 εὐωχίας,
2399 2863 2516 2920 ἐπεὶ
2547 2863 2742 2941 ἔτυχον
2791 2865 2842 2918 οἱ
2895 2863 3201 2938 Βούλγαροι
3232 2859 3455 2940 ἔχοντές
3485 2887 3610 2920 τινα
3645 2869 3772 2940 μεθ’

2107 2955 2310 3009 ἑαυτῶν
2367 2951 2532 3029 ἄνδρα
2589 2953 2883 3022 ἀθλητικὸν
2931 2955 3021 3009 καὶ
3062 2953 3144 3009 ἐπ’
3177 2953 3330 3030 ἰσχύϊ
3358 2955 3774 3028 σεμνυνόμενον

2111 3043 2389 3114 σώματος,
2422 3039 2645 3098 ἐδόκουν
2681 3041 2764 3098 ἐπ’
2799 3043 2948 3114 αύτῷ
2980 3042 3118 3118 μέγα
3169 3049 3386 3117 φρονεῖν
3433 3043 3524 3098 καὶ
3555 3043 3774 3114 ἠλαζο-

2105 3131 2324 3187 νεύοντο
2355 3130 2445 3185 καὶ
2481 3127 2684 3204 μηδένα
2724 3131 2862 3185 εἶναι
2890 3131 2982 3186 τὸν
3017 3130 3093 3192 εἷς
3135 3137 3326 3206 χεῖρας
3357 3131 3522 3187 αὐτοῦ
3554 3153 3776 3206 συμπε·

2037 3245 2079 3312 C
2110 3226 2218 3274 σεῖν
2263 3217 2560 3312 δυνάμενον
2616 3218 3047 3312 ἐμεγαλαύχουν.
3099 3219 3402 3312 ᾼέγειγοῦνῗ
3423 3223 3546 3294 περὶ
3596 3223 3776 3312 μέσας

2109 3311 2375 3384 τραπέζας
2403 3309 2432 3363 6
2463 3308 2726 3386 Θεόφιλος
2757 3309 2894 3383 πρὸς
2941 3309 3032 3364 τὸν
3083 3309 3339 3384 Καίσαρα,
3373 3311 3448 3372 ὡς
3480 3334 3508 3361 ‹‹
3545 3311 3610 3366 El
3641 3310 3773 3384 ἆρέι

2109 3421 2222 3455 σκει
2256 3405 2324 3475 τῇ
2384 3405 2451 3474 σῇ
2511 3399 2744 3472 ἐξουσίᾳ,
2797 3395 2912 3456 ἔστι
2968 3422 3050 3463 τις
3081 3405 3189 3456 τῶν
3216 3401 3631 3476 ὑπηρετούντων
3669 3424 3771 3475 μοι

2110 3487 2398 3561 δυνάμενος
2459 3489 2848 3562 συμπλακῆναι
2893 3493 2973 3560 τῷ
3010 3485 3326 3564 περιϐοήτῳ
3367 3490 3547 3562 τούτῳ
3580 3493 3774 3548 Βουλ-

2109 3577 2282 3652 γάρῳ·
2347 3578 2486 3650 μέγα
2541 3577 2642 3653 γὰρ
2697 3575 2902 3640 ὄνειδος
2957 3577 3276 3651 Ῥωμαίοις,
3307 3578 3354 3632 εί
3387 3577 3561 3640 οὕτως
3593 3579 3770 3636 ἄκατ-

2111 3667 2415 3742 αγώνιστος
2459 3667 2617 3728 οὗτος
2665 3665 2718 3721 ἐν
2770 3666 3080 3744 Βουλγσρίᾳ
3115 3666 3501 3742 παραγένηται.
3539 3689 3566 3720 ι
3596 3669 3776 3724 Ἀπο-

2113 3751 2404 3827 δεξαμένου
2462 3751 2520 3810 δέ
2572 3755 2664 3810 τὸν
2722 3754 2884 3828 λόγον
2931 3759 3028 3810 τοῦ
3083 3755 3373 3830 Καίσαρος,
3405 3757 3776 3830 καὶπροστά-

2113 3844 2300 3913 ξαντος
2332 3841 2408 3904 εἷς
2445 3845 2608 3915 μέσον
2659 3841 2885 3918 ἄγεσθαι
2939 3845 3033 3898 τὸν
3091 3845 3387 3914 νεανίσκον,
3422 3845 3452 3898 6
3480 3845 3780 3919 πατρίκιος

2115 3938 2522 3996 Κωνσταντῖνος
2555 3934 2582 3988 6
2615 3939 2786 4007 Θωμᾶ
2812 3937 2910 3990 τοῦ
2969 3933 3264 4009 λογοθέτου
3311 3937 3517 4006 πατήρ,
3562 3933 3782 4010 σφόδρα

2117 4019 2322 4100 φιλίως
2353 4022 2491 4096 πρὸς
2519 4022 2612 4076 τὸν
2663 4020 2948 4078 Βασίλέιον
2999 4023 3342 4095 διακείμενος
3369 4023 3462 4078 ’ἁτε
3490 4024 3582 4078 καὶ
3614 4023 3788 4089 αὐτὸς

2118 4111 2170 4182 ἐξ
2229 4111 2528 4184 Ἀρμενίων
2583 4112 2684 4180 τήν
2723 4115 2822 4166 τοῦ
2881 4111 3073 4188 γένους
3130 4108 3309 4167 ’έλκων
3372 4112 3580 4186 σειρὰν,
3633 4113 3783 4168 κάθ-

2117 4221 2284 4276 υγρον
2318 4198 2447 4256 ἰδὼν
2471 4201 2563 4256 τὸν
2592 4201 2761 4257 τόπον
2819 4200 2871 4256 ἐν
2925 4202 3074 4278 ᾧπερ
3124 4199 3362 4276 ἔμελλον
3393 4204 3446 4257 οἱ
3475 4202 3784 4259 παλαισταὶ

2119 4288 2532 4363 συμπλακῆναι,
2564 4291 2656 4344 καὶ
2705 4287 2883 4354 δείσας
2919 4291 3013 4346 τὸν
3065 4290 3127 4346 ἐκ
3171 4298 3272 4361 τῆς
3308 4291 3614 4368 ὑγρότητος
3655 4293 3786 4348 ὄλι-

2121 4383 2270 4452 σθον,
2328 4379 2477 4437 κόνιν
2533 4381 2626 4437 καὶ
2681 4383 2894 4456 πρίσμα
2949 4383 3056 4438 ἀπὸ
3112 4380 3290 4453 ξύλων
3349 4381 3647 4458 ἐπιῤῥαίνει
3701 4388 3787 4455 τῷ

2121 4467 2324 4548 ἐδάφει.
2385 4469 2462 4528 Οὗ
2519 4470 2812 4547 γενομένου
2869 4469 3208 4544 συμπλακεὶς
3267 4474 3347 4542 τῷ
3401 4467 3716 4547 Βουλγάρῳ
3755 4472 3787 4524 6

361 4553 666 4624 Βασίλειος,
724 4553 815 4606 καὶ
873 4550 1056 4626 ὥσπερ
1114 4573 1166 4608 τι
1225 4550 1442 4607 παιδίον
1491 4555 1716 4631 νεογνὸν
1771 4553 1960 4619 πιέσας
2009 4557 2099 4612 καὶ
2157 4559 2516 4638 περισφίγξας
2575 4557 2757 4629 αύτὺν,
2816 4557 3000 4634 ὥσπερ
3055 4563 3178 4615 τινὰ
3234 4557 3434 4634 δεσμὸν
3491 4559 3708 4634 χόρτου
3749 4561 3790 4630 ἢ

361 4640 530 4696 πόκον
607 4640 755 4707 ἐρίου
828 4639 1047 4718 κούφως
1113 4641 1258 4694 οὕτω
1314 4641 1404 4694 καὶ
1465 4637 1666 4714 ῥᾳδίως
1745 4645 2078 4719 μετεωρίσας
2143 4645 2322 4702 ἐπάνω
2396 4653 2496 4717 τῆς
2566 4647 2922 4723 τραπέρῥιψε.
2999 4650 3174 4706 Τοῦτο
3247 4649 3538 4722 γενόμενον
3602 4655 3788 4723 χαρᾶς

367 4731 464 4803 μὲν
559 4729 686 4789 τοὺς
762 4729 1100 4801 Ῥωμαίους,
1177 4727 1444 4804 αἰσχύνης
1517 4728 1575 4784 δὲ
1648 4731 1777 4792 τοὺς
1853 4733 2206 4810 Βουλγάρους
2279 4735 2595 4804 ἐνέπλησεν.
2674 4737 2798 4790 Ἀπ’
2871 4734 3082 4808 ἐκείνης
3113 4734 3169 4792 δὲ
3242 4743 3342 4805 τῆς
3415 4732 3628 4809 ἡμέρας
3695 4737 3791 4793 ἐπὶ

363 4817 533 4904 πλέον
565 4819 600 4886 ἠ
631 4819 730 4871 τοῦ
759 4814 1050 4872 Βασιλείου
1079 4815 1330 4886 ἡπλοῦτο
1363 4821 1522 4895 φήμη
1555 4817 1652 4872 ἀνὰ
1675 4821 1777 4888 τήν
1807 4820 2221 4896 βασιλεύουσαν,
2253 4825 2344 4878 καὶ
2393 4829 2510 4888 τοῖς
2558 4823 2812 4880 ἁπάντων
2844 4821 3118 4904 διεφέρετο
3151 4825 3383 4898 στόμασι
3413 4820 3794 4899 περίϐλεπτος

361 4903 470 4978 ἢδη
505 4905 876 4976 καθεστηκώς.

435 4997 548 5052 Sed
579 5001 638 5051 et
668 4993 829 5050 aliud
859 4995 1164 5068 quippiam
1212 5012 1327 5052 usu
1369 4997 1530 5052 venit
1572 4999 1728 5069 quod
1761 4999 1998 5072 gloriam

2197 4997 2404 5072 Συνέϐη
2437 4999 2496 5058 δὲ
2517 5002 2607 5058 καὶ
2638 4999 2780 5058 ἄλλο
2838 5025 2886 5058 τι
2949 5003 3012 5057 τὸ
3067 5001 3158 5058 ἐπὶ
3205 5000 3374 5057 πλέον
3399 4998 3563 5074 δόξης
3593 4999 3793 5076 ἐξᾶραν

369 5087 630 5143 hominis
690 5085 873 5140 auxit.
907 5085 1048 5140 Erat
1103 5086 1448 5158 imperatori
1505 5087 1790 5143 Michaelo
1831 5105 2022 5158 equus

369 5176 630 5232 infrenis
662 5179 719 5230 et
741 5179 1081 5240 contumax,
1113 5175 1431 5246 cmteroqui
1451 5177 2022 5245 statura,velocitate

371 5269 430 5319 et
457 5264 898 5336 pulchritudine
929 5281 1137 5320 omnes
1167 5264 1546 5336 quiunquam
1563 5265 2021 5322 admirationem

367 5359 714 5410 meruerant
733 5370 1044 5426 superans.
1079 5355 1130 5409 ls
1163 5353 1346 5410 semel
1376 5354 1630 5410 vinculis
1662 5355 1892 5411 solutus
1922 5361 2024 5412 aut

366 5440 589 5511 alioqui
621 5441 928 5509 dimissus,
960 5441 1312 5496 diflicillime
1345 5447 1406 5497 et
1439 5459 1560 5496 non
1593 5443 1721 5496 sine
1762 5444 2022 5498 maximo

369 5529 722 5596 equisonum
749 5530 950 5584 labore
983 5530 1110 5601 capi
1143 5535 1320 5600 atque
1353 5532 1541 5585 teneri
1590 5537 1839 5602 poterat.
1876 5533 2023 5588 Huic

372 5615 639 5670 insidens
668 5617 994 5688 imperator
1023 5625 1298 5674 venatum
1331 5619 1482 5684 exit;
1515 5635 1770 5690 cumque
1793 5619 2020 5676 calamo

373 5703 638 5774 leporem
669 5705 980 5776 tetigisset,
1029 5707 1103 5760 ab
1150 5707 1300 5764 995
1331 5721 1484 5776 equo
1542 5706 1742 5762 desilit
1785 5714 1853 5762 ut
1884 5724 2020 5763 eum

2129 5091 2316 5144 αὐτόν’
2345 5091 2540 5155 Ἵππος
2566 5091 2633 5161 ἧν
2661 5092 2806 5167 παρὰ
2842 5096 2922 5163 τῷ
2979 5089 3198 5168 βασιλεῖ
3230 5088 3465 5166 Μιχαὴλ
3499 5089 3795 5164 σκληραύο

2130 5199 2239 5255 χην
2267 5201 2326 5236 τε
2353 5183 2443 5234 καὶ
2475 5178 2748 5252 δυσήνιος,
2779 5181 2974 5253 ἡλικίᾳ
3035 5182 3130 5255 μὲν
3187 5183 3278 5236 καὶ
3337 5178 3532 5234 κάλλει
3566 5179 3660 5234 καὶ
3691 5181 3794 5236 τά-

2131 5289 2222 5344 χει
2251 5269 2340 5323 καὶ
2371 5269 2670 5344 ὠραιότητι
2731 5267 2908 5332 εἳδους
2961 5269 3088 5333 τοὺς
3145 5271 3370 5324 πώποτε
3428 5269 3794 5342 θαυμαζομέ-

2129 5377 2256 5418 νους
2294 5351 2796 5433 ὑπερϐαλλόμενος,
2825 5358 2883 5420 ὃς
2937 5357 2982 5412 εἰ
3026 5353 3187 5432 ἔτυχε
3218 5356 3401 5420 λυθεὶς
3428 5361 3538 5411 τῶν
3569 5354 3794 5430 δεσμῶν

2129 5443 2165 5513 ἢ
2197 5443 2388 5506 ἄλλως
2437 5465 2553 5506 πως
2611 5447 2848 5523 ἀφεθεὶς,
2907 5445 3030 5501 λίαν
3062 5447 3129 5516 ἦν
3164 5444 3452 5521 δωσχερὴς
3484 5445 3560 5506 εἷς
3594 5451 3794 5518 χεῖρας

2129 5535 2282 5594 αὖθις
2312 5532 2488 5588 ἐλθεῖν
2519 5535 2610 5589 καὶ
2665 5533 2851 5590 πολλὰ
2906 5535 3199 5610 πράγματα
3231 5536 3369 5606 πρὸς
3399 5535 3461 5588 τὸ
3486 5540 3792 5608 κατασχεῖν

2129 5627 2361 5696 παρεῖχε
2418 5627 2534 5685 τοῖς
2582 5622 2937 5696 ἱπποκόμοις.
2991 5625 3200 5680 Τοῦτον
3253 5621 3660 5691 ἐπικαθήμενος
3693 5622 3791 5676 τὸν

2126 5706 2300 5766 ’ίππον
2349 5711 2378 5764 6
2437 5709 2694 5784 βασιλεὺς
2752 5711 2887 5786 πρὸς
2946 5713 3114 5786 θήραν
3162 5709 3328 5786 ἐξῄει,
3357 5711 3447 5766 καὶ
3487 5729 3786 5764 κατευστο-
