4056 6276
298 382 450 442 1081

1663 379 1986 444 GEORGII
2031 381 2372 443 CEDRENI

3545 378 3702 443 1082

295 514 476 589 χήσας
508 512 733 590 λαγωοῦ
771 515 840 585 τῇ
900 507 1086 587 ῥάϐδῳ
1138 514 1249 585 (71)
1305 515 1404 568 τοῦ
1435 509 1612 568 ’ίππου
1657 514 1938 584 καθήλατο

2052 520 2310 571 necaret.
2341 518 2540 589 Equus
2564 514 2812 571 sessoris
2835 530 3051 570 vacuus
3073 512 3324 585 proripit
3344 530 3406 568 se
3430 514 3704 586 saltuque

295 601 433 677 πρὸς
459 603 523 658 τὸ
555 603 748 680 σφάξαι
797 602 891 656 τὸν
951 599 1186 677 λαγωόν.
1242 607 1477 679 ’Ἁφετος
1520 600 1577 657 δὲ
1607 603 1635 656 6
1660 600 1832 664 'lmtoc
1862 622 1953 656 κα·-

294 690 597 770 ταληφθεὶς
677 689 974 765 ἀπεσκίρτα
1055 690 1145 744 καὶ
1229 687 1503 761 ἀπεπηδα·
1574 691 1664 746 καὶ
1722 689 1951 746 πολλῶν

297 778 719 853 συνδραμόντων
773 779 1102 852 ἱπποκόμων
1147 799 1206 833 τε
1253 779 1342 833 καὶ
1393 779 1675 858 ἀρχόντων
1715 781 1802 834 καὶ
1843 784 1953 835 τῶν

296 875 510 929 λοιπῶν
542 876 650 927 τῶν
701 870 825 945 περὶ
877 868 968 926 τὸν
1033 870 1284 947 βασιλέα,
1316 870 1415 927 οὐκ
1461 874 1528 941 ἦν
1583 877 1693 927 τὶνι
1723 868 1949 927 δυνατὸν

294 966 590 1037 κατασχεῖν
644 959 736 1016 τὸν
788 958 988 1028 ἵππον,
1045 957 1184 1014 ὥστε
1237 961 1557 1034 θυμωθέντα
1598 961 1690 1016 τὸν
1725 960 1953 1036 βασιλέα

292 1052 545 1107 κελεῦσαι
604 1052 689 1125 [Ρ.
750 1052 874 1116 564]
932 1050 978 1104 εἰ
1051 1049 1374 1123 κρατηθείη,
1436 1047 1763 1121 διακοπῆναι
1821 1050 1950 1113 τοὺς

295 1139 578 1204 ὀπισθίους
612 1138 776 1194 αὐτοῦ
817 1142 924 1193 τῶν
971 1135 1177 1194 ποδῶν.
1232 1140 1540 1214 ΙΙαρῃτεῖτο
1572 1136 1631 1194 δέ
1663 1141 1690 1194 6
1724 1142 1948 1214 Καῖσαρ,

295 1230 388 1285 καὶ
418 1225 593 1284 ἐδεῖτο
623 1232 725 1281 τοῦ
759 1225 1031 1300 βασιλέως
1076 1229 1150 1301 μή
1185 1226 1274 1282 διὰ
1304 1229 1432 1302 μίαν
1458 1228 1646 1283 κακίαν
1677 1229 1947 1298 τοσαύτην

294 1319 495 1391 ἀρετὴν
520 1315 697 1372 ’ίππου
750 1315 923 1390 μάτην
974 1315 1405 1390 παραπολέσθαι.
1458 1318 1560 1373 Καὶ
1597 1318 1650 1371 οἱ
1686 1318 1783 1391 μέν
1812 1318 1949 1386 ἦσαν

289 1407 343 1462 ἐν
370 1403 753 1483 διαλογισμοῖς
805 1403 1098 1473 τοιούτοις,
1160 1407 1189 1460 6
1247 1403 1303 1460 δὲ
1350 1404 1633 1469 Βασίλειος
1673 1402 1951 1480 παραδρα-

298 1495 417 1568 μὼν
442 1499 524 1567 τῷ
553 1492 727 1568 κυρίῳ
758 1493 948 1562 αὐτοῦ,
986 1517 1012 1543 ‹‹
1046 1494 1107 1549 Εἰ
1164 1492 1493 1570 περιδράμω
1532 1495 1625 1549 τὸν
1659 1493 1947 1568 βασιλικὸν

294 1585 492 1655 ίππον,
546 1578 674 1663 ἔφη,
728 1583 817 1638 καὶ
877 1583 984 1637 ἀπὸ
1039 1587 1137 1638 τοῦ
1194 1587 1333 1656 ἐμοῦ
1372 1583 1708 1659 έκτιναχθεὶς
1740 1579 1946 1659 ἔποχος

295 1672 448 1744 αὐτῷ
504 1673 768 1748 γένωμαι,
827 1672 931 1747 ἇρὰ
985 1692 1047 1746 γε
1125 1669 1215 1726 διὰ
1289 1673 1389 1742 τήν
1483 1672 1774 1747 βασιλικὴν
1854 1672 1946 1747 έφ-

294 1757 512 1835 εστρίδα
541 1762 655 1835 (72)
686 1760 774 1815 καὶ
803 1761 897 1816 τὸν
946 1756 1266 1841 κοκκοϐαφῆ
1315 1761 1543 1835 χαλινὸν
1574 1763 1945 1836 ἀγανακτῆσαι

2056 604 2301 676 aufugit.
2359 606 2673 677 Multisque
2743 603 3236 658 concurrentibus
3294 603 3704 672 equisonibus,

2055 708 2167 746 nec
2199 709 2321 749 non
2351 693 2696 765 proceribus
2733 698 2790 748 et
2826 692 3077 763 reliquis
3112 692 3213 762 qui
3233 698 3403 747 erant
3435 692 3496 746 in
3523 693 3708 747 comi—

2056 787 2183 838 tatu
2208 784 2784 854 imperatoris,nemo
2808 782 2921 836 fuit
2940 781 3042 854 qui
3075 797 3286 851 capere
3320 798 3454 835 eum
3485 788 3705 852 posset.

2056 873 2261 943 Itaque
2293 873 2491 928 animo
2524 874 2945 927 alfervescente
2990 871 3319 942 imperator
3340 870 3514 941 jubet
3555 871 3708 941 ejus,

2056 960 2157 1017 ubi
2189 961 2659 1032 comprehensus
2689 961 2862 1027 foret,
2908 960 3273 1032 posteriores
3306 959 3488 1030 pedes
3519 960 3710 1015 disse-

2054 1050 2199 1115 cari,
2257 1050 2489 1105 Cmsare
2527 1049 2879 1105 dehortante
2940 1055 3000 1104 et
3029 1056 3313 1120 precante
3372 1066 3447 1107 ne
3486 1056 3709 1109 temere

2054 1144 2234 1195 tantae
2258 1140 2489 1195 virtutis
2504 1155 2693 1211 equus
2711 1139 2785 1194 ob
2804 1156 2989 1194 unum
3014 1145 3324 1210 peccatum
3340 1141 3706 1211 perderetur.

2055 1229 2156 1284 His
2187 1229 2270 1284 ita
2300 1229 2456 1284 inter
2506 1244 2569 1283 se
2599 1228 3098 1299 colloquentibus,
3129 1229 3379 1284 Basilius
3409 1229 3481 1283 ad
3515 1229 3705 1283 domi-

2053 1334 2196 1373 num
2228 1335 2402 1374 suum
2434 1334 2782 1374 accurrens:
2814 1318 2892 1386 Si,
2924 1317 3138 1388 inquit,
3168 1334 3301 1372 meo
3328 1334 3479 1388 equo
3503 1324 3703 1374 vectus

2053 1407 2430 1478 imperatoris
2481 1423 2701 1478 equum
2755 1423 2935 1462 cursu
2987 1422 3359 1476 assequerer,
3394 1413 3452 1461 et
3509 1422 3702 1462 ameo

2053 1495 2332 1567 delapsus
2362 1495 2424 1550 in
2456 1511 2590 1550 eum
2639 1494 2954 1561 insilirem,
2982 1493 3296 1550 'numnam
3329 1500 3706 1550 succenseret

2051 1584 2199 1640 mihi
2230 1585 2555 1657 imperator
2610 1583 3016 1656 paludamenti
3073 1585 3220 1657 regii
3282 1589 3340 1638 et
3396 1583 3707 1655 purpurati

2049 1673 2218 1728 fraani
2247 1673 2436 1745 gratia
2455 1673 2484 1728 ‘l
2509 1674 2577 1727 In
2616 1688 2820 1727 aurem
2854 1672 2967 1728 hoc
2995 1672 3337 1744 imperatori
3370 1671 3706 1726 insusurrat

2050 1765 2430 1837 TheOphilus,
2462 1765 2664 1835 itaque
2694 1765 2746 1820 is
2776 1764 2906 1819 ﬁeri
2930 1764 3121 1836 jubet.
3146 1766 3217 1818 Et
3248 1763 3500 1818 Basilius
3523 1762 3705 1818 soler-

290 1851 322 1905 6
487 1848 521 1904 λ
553 1849 566 1886 ³
746 1851 758 1871 ’
793 1848 808 1868 ’
896 1853 922 1864 ”
952 1871 965 1885 ·
1162 1854 1184 1864 “
1417 1852 1465 1883 θ’
1588 1848 1615 1868 ν
1697 1849 1710 1869 ’

356 1851 481 1925 βασι
526 1870 613 1911 eo:
644 1869 741 1903 κατ
788 1869 967 1923 εμου,
1003 1875 1024 1902 ι
1084 1856 1190 1903 Του
1257 1847 1314 1904 δὲ
1370 1871 1505 1924 προς
1555 1871 1648 1912 ους
1688 1851 1940 1923 υπομνή-

2052 1861 2142 1909 ter
2166 1871 2273 1910 suo
2305 1870 2456 1925 equo
2489 1853 2866 1925 imperatoris
2910 1870 3130 1924 equum
3179 1859 3485 1909 assecutus
3516 1868 3550 1907 a
3592 1869 3698 1907 suo

299 1960 487 2001 σαντος
518 1938 609 1993 τὸν
668 1936 917 2014 βασιλέα,
974 1939 1224 1993 κάκείνου
1281 1937 1635 2002 κελεύσαντος
1665 1942 1828 1995 τοῦτο
1857 1959 1943 2013 γε-

2051 1944 2251 2000 desilit
2304 1944 2487 2015 inque
2542 1945 2919 2015 imperatoris
2977 1960 3194 2015 equum
3236 1943 3453 2013 evadit,
3484 1958 3699 2015 magna

288 2026 492 2099 νέσθαι,
551 2028 763 2103 εὐφυῶς
823 2029 851 2082 6
920 2026 1205 2090 Βασίλειος
1259 2030 1351 2083 τὸν
1410 2029 1603 2083 ἑαυτοῦ
1639 2028 1951 2102 παρελάσας

286 2116 492 2185 ἳππον,
551 2116 643 2171 καὶ
709 2120 789 2189 τῷ
853 2118 951 2171 τοῦ
1049 2114 1316 2191 βασιλέως
1380 2117 1516 2171 κατά
1580 2115 1945 2193 παράλληλον

290 2202 548 2274 ἐξισώσας
606 2206 892 2280 γραμμήν,
952 2203 1132 2275 ἠλατό
1188 2226 1247 2260 τε
1298 2204 1496 2267 ἕύθέυς
1551 2205 1640 2260 καὶ
1686 2205 1822 2278 πρὸς
1852 2204 1943 2260 τὸν

295 2302 582 2378 βασιλικὸν
612 2299 961 2372 ἀπεπήδησεν
1007 2302 1201 2371 ἳππον,
1259 2300 1400 2380 μέγα
1457 2303 1636 2376 θαῦμα
1667 2300 1801 2363 ἐνεὶς
1829 2307 1947 2364 τοῖς

289 2395 668 2466 παρατυχοῦσι
733 2390 824 2445 καὶ
894 2391 1216 2464 θεωμένοις.
1286 2392 1575 2467 Θαυμάσας
1642 2388 1699 2446 δὲ
1760 2390 1849 2446 καὶ
1918 2392 1947 2444 6

302 2479 559 2556 βασιλεὺς
590 2480 691 2548 τὴν
723 2480 842 2553 μετ’
871 2477 1093 2553 ἀνδρίας
1125 2478 1345 2553 εύφυῗαν
1395 2479 1561 2535 αὐτοῦ
1590 2482 1678 2535 καὶ
1713 2479 1946 2550 σύνεσιν,

294 2568 497 2632 εὐθέως
529 2567 843 2628 ἀποσπάσας
873 2568 1034 2622 αὐτὸν
1095 2567 1201 2622 ἀπὸ
1256 2571 1353 2622 τοῦ
1384 2569 1714 2645 Θεοφιλίτζη
1748 2567 1798 2623 έν
1831 2574 1950 2633 τοῖς

291 2658 488 2714 ἑαυτοῦ
540 2657 832 2731 προσέταξε
880 2656 1198 2733 στράτορσιν
1257 2661 1389 2729 (75).
1447 2657 1660 2733 Ἠγάπα
1717 2654 1776 2711 δὲ
1828 2654 1950 2711 δια-

292 2746 569 2823 φερόντως
601 2745 786 2817 αὐτὸν,
825 2747 912 2801 καὶ
966 2752 1085 2808 ταῖς
1140 2750 1277 2801 κατά
1333 2747 1526 2821 μικρὸν
1579 2743 1840 2821 προόδοις
1871 2747 1949 2810 εἰς

288 2838 389 2906 τὴν
421 2839 517 2890 τοῦ
556 2833 1060 2909 πρωτοστράτωρος
1106 2834 1252 2908 τάξιν
1310 2835 1571 2910 ἀνήγαγε.
1606 2833 1945 2909 Κυνηγεσίας

291 2921 349 2979 δέ
378 2944 512 2979 ποτε
573 2924 867 2997 γενομένης
923 2928 1003 2995 τῷ
1063 2922 1280 2998 βασιλεῖ
1334 2924 1472 2980 κατὰ
1509 2924 1573 2979 τὸ
1604 2923 1943 2980 Φιλοπάτιον

289 3020 687 3087 προεπορεύετο
769 3011 966 3067 τούτου
1042 3013 1070 3066 ὁ
1145 3014 1587 3088 πρωυοστράτωρ
1686 3007 1945 3091 ἔφιππος,

288 3101 680 3179 ἐπιφερόμενος
732 3099 822 3156 ἐπὶ
882 3102 1060 3172 ζώνης
1120 3103 1208 3157 καὶ
1267 3102 1329 3157 τὸ
1390 3101 1670 3177 βασιλικὸν
1713 3100 1945 3179 βαρδού-

285 3211 424 3246 κιον.
457 3188 703 3263 Θορύϐου
762 3186 820 3245 δὲ
876 3189 965 3245 καὶ
1024 3191 1159 3266 βοῆς
1209 3190 1503 3267 γενομένης
1534 3192 1637 3247 ὑπὸ
1664 3196 1761 3247 τοῦ
1792 3189 1941 3262 πλή-

2050 2033 2322 2089 omnium
2353 2034 2455 2105 qui
2492 2034 2840 2105 spectabant
2867 2051 3003 2089 cum
3043 2034 3457 2089 admiratione.
3505 2035 3698 2104 Atque

2048 2123 2397 2195 imperatior
2424 2123 2603 2178 etiam
2636 2123 2765 2194 ejus
2789 2140 2921 2178 cum
2945 2123 3294 2179 fortitudine
3320 2122 3699 2194 prudentiam

2049 2213 2363 2279 miratus,a
2382 2213 2779 2285 Theophilitze
2804 2213 3072 2269 avulsum
3102 2214 3260 2268 inter
3295 2229 3394 2267 sus
3418 2216 3701 2267 stratores

2048 2302 2293 2373 recepit,
2310 2318 2730 2373 summumque
2743 2318 2944 2358 amore
2956 2307 3306 2373 prosecutus
3325 2318 3394 2356 ac
3413 2300 3703 2372 paulatim

2051 2392 2308 2447 evehens
2327 2397 2819 2464 protostratorem
2842 2392 3058 2447 deinde
3078 2391 3558 2447 constituit.Cum
3587 2406 3698 2445 au-

2052 2486 2172 2535 tem
2203 2480 2525 2552 aliquando
2559 2482 2883 2553 imperator
2903 2482 3061 2553 apud
3084 2480 3485 2551 Philopatium
3521 2495 3702 2534 vena-

2050 2575 2236 2636 retur,
2269 2576 2328 2625 et
2365 2577 2502 2626 ante
2533 2587 2670 2626 eum
2724 2587 2907 2643 eques
2938 2571 3050 2626 iret
3079 2573 3469 2642 protostrator
3497 2568 3698 2624 ferens

2050 2659 2113 2712 in
2135 2657 2331 2714 balteo
2381 2659 2729 2715 barducium
2783 2660 3180 2731 imperatoris,
3231 2657 3609 2727 tumultuque
3641 2661 3700 2712 et

2052 2748 2312 2802 clamore
2341 2764 2376 2803 a
2419 2749 2576 2804 996
2620 2749 2795 2804 turba
2844 2749 3003 2803 edito
3061 2747 3237 2818 lupus
3268 2748 3530 2818 ingense
3553 2745 3701 2800 silva

2051 2836 2465 2907 procurrisset,
2511 2836 2762 2891 Basilius
2810 2852 2949 2891 eum
2978 2837 3286 2891 insecutus
3315 2834 3698 2906 imperatorio

2052 2924 2333 2980 barducio
2364 2924 2555 2995 petiit,
2587 2929 2763 2995 atque
2795 2941 2864 2980 eo
2905 2929 3083 2994 caput
3112 2924 3240 2996 ejus
3280 2923 3542 2978 medium
3577 2921 3701 2977 dis-

2053 3012 2258 3068 secuit.
2274 3011 2588 3083 Equitabat
2613 3017 2745 3083 post
2760 3013 3178 3083 imperatorem
3193 3010 3265 3065 de
3291 3027 3457 3066 more
3478 3011 3695 3078 Cwsar,

2052 3103 2152 3176 qui
2175 3119 2310 3158 cum
2323 3104 2433 3158 hoc
2463 3102 2802 3171 vidisset,ad
2820 3101 3204 3157 familiarium
3228 3117 3471 3156 suorum
3487 3116 3695 3171 quem-

2053 3193 2189 3247 dam
2259 3191 2489 3248 occulte
2547 3191 2765 3246 dixisse
2811 3191 3043 3247 fertur:
3081 3192 3237 3247 Heus
3290 3196 3376 3258 tu,
3418 3190 3692 3245 existimo

289 3292 421 3344 θουσ
450 3251 617 3340 λύκος
654 3285 755 3349 τῆς
796 3276 935 3349 ὕλης
991 3251 1203 3355 ἐξέθορε
1222 3251 1234 3267 ⁸
1254 3251 1626 3355 παμμεγέθης.
1656 3251 1940 3355 Ὁρμήσάς

2052 3288 2315 3337 nostram
2342 3280 2633 3336 familiam
2653 3280 2726 3335 ab
2755 3281 2867 3336 hoc
2896 3280 3139 3335 homine
3181 3251 3562 3351 exstirpatam
3596 3280 3693 3334 iri.

292 3367 350 3426 δὲ
377 3369 606 3425 κατόπιν
665 3369 833 3424 αὐτοῦ
892 3369 920 3422 6
977 3367 1262 3431 Βασίλειος
1315 3364 1505 3444 ἕῤῥὶψε
1534 3371 1650 3425 κατ’
1682 3370 1849 3425 αὐτοῦ
1877 3372 1940 3426 τὸ

298 3456 581 3533 βασιλικὸν
639 3455 968 3532 βαρδούκιον
1024 3460 1152 3530 (74),
1209 3459 1299 3513 καὶ
1356 3458 1545 3533 τυχὼν
1600 3457 1696 3512 τοῦ
1744 3458 1939 3532 θηρίου

288 3547 429 3602 κατὰ
483 3548 547 3601 τὸ
599 3548 759 3620 μέσον
815 3554 916 3616 τῆς
971 3545 1216 3625 κεφαλῆς
1273 3548 1473 3618 ταύτην
1515 3547 1933 3625 έδιχοτόμησεν.

283 3635 544 3700 Ὀπισθεν
579 3633 637 3689 δὲ
665 3639 762 3690 ’τυῦ
798 3632 1068 3710 βασιλέως
1124 3636 1261 3691 κατᾶ
1306 3637 1369 3692 τὸ
1422 3639 1644 3709 σὺνηθες
1673 3638 1940 3711 ἑπόμενος

284 3725 564 3798 ὁιίαῖσαρ,
623 3725 713 3779 καὶ
769 3724 832 3778 τὸ
896 3725 1115 3800 γεγονὸς
1171 3726 1520 3800 θεασάμενος,
1579 3727 1745 3783 εἰπεῖν
1778 3726 1937 3802 λέγε-

277 3833 365 3868 ται
396 3812 533 3888 πρός
565 3833 685 3868 τινα
709 3817 819 3869 τῶν
852 3815 1095 3884 συνήθων
1128 3811 1180 3868 ἐν
1218 3815 1526 3890 μυστηρίῳ·
1574 3839 1602 3868 α
1632 3820 1859 3886 Τοῦτον,
1888 3817 1934 3871 ὦ

278 3908 401 3973 τάν,
459 3905 699 3978 ἡγοῦμεν
784 3903 876 3957 τὸν
958 3900 1246 3977 ἄνθρωπον
1327 3902 1554 3980 ὄλεθρον
1609 3909 1930 3980 γενήσεσθαι

2048 3371 2210 3426 Idem
2241 3370 2556 3442 perhibent
2574 3371 2777 3426 Bardaa
2794 3370 3137 3441 praedixisse
3161 3371 3415 3425 Leonem
3432 3369 3697 3441 philoso-

2048 3462 2256 3533 phum,
2281 3461 2381 3531 qui
2415 3460 2696 3516 Basilium
2728 3460 2912 3530 signis
2943 3459 3296 3531 quibusdam
3329 3459 3694 3527 describens,

2046 3551 2365 3605 nominans
2414 3550 2592 3605 etiam
2647 3554 2707 3605 et
2746 3549 2929 3620 digito
2986 3550 3424 3618 demonstrans,
3479 3549 3697 3604 dixerit

2045 3639 2336 3695 universa)
2369 3639 2742 3710 imperatoris
2796 3638 3038 3693 familiae
3070 3639 3247 3693 exitio
3287 3638 3572 3693 futurum.
3606 3640 3689 3692 Ex

2046 3744 2114 3783 eo
2146 3729 2340 3784 Caesar
2369 3743 2605 3798 semper
2638 3726 2853 3781 Basilio
2912 3726 3162 3781 insidias
3220 3727 3455 3791 struxit,
3505 3726 3689 3781 irritis

2044 3823 2330 3872 conatus:
2364 3814 2788 3871 difﬁcillimum
2845 3814 3064 3885 quippe
3122 3819 3214 3869 est
3259 3814 3320 3869 id
3350 3814 3690 3869 rescindere

2044 3905 2203 3977 quod
2236 3905 2438 3961 divina
2467 3904 2652 3960 semel
2685 3904 2889 3959 statuit
2910 3903 3301 3974 providentia.

283 3987 453 4066 ἄρδην
485 3998 584 4061 τῆς
615 3993 775 4064 ἡμῶν
809 3995 1016 4064 γενεᾶς.
1053 4015 1081 4043 ››
1115 3991 1253 4046 Φασὶ
1282 3989 1330 4046 δ’
1364 3991 1445 4047 ὅτι
1486 3995 1575 4048 καὶ
1620 3993 1767 4048 Λέων
1826 3994 1974 4065 αὖτῷ
2030 3997 2192 4048 τοῦτο
2249 3992 2629 4066 προεθέσπισεν
2682 3992 2710 4045 6
2765 3988 3087 4068 φιλόσοφος,
3120 3991 3383 4063 ὀνομαστὶ
3411 3991 3501 4045 τὸν
3531 3988 3700 4064 ἄνδρα

283 4078 518 4141 καλέσας
548 4079 636 4133 καὶ
665 4084 869 4151 σημεῖα
899 4079 1182 4157 ὑποφήνας
1211 4081 1328 4134 τινὰ
1356 4082 1446 4136 καὶ
1477 4086 1557 4153 τῷ
1612 4078 1867 4154 δακτύλῳ
1924 4079 2119 4151 δείξας,
2180 4080 2268 4134 καὶ
2323 4083 2514 4135 τοῦτον
2542 4077 2752 4142 ἔσεσθαι
2784 4079 3061 4153 προειπὼν
3091 4086 3193 4149 τῆς
3223 4079 3510 4151 συμπάσης
3543 4080 3698 4152 ὑμῶν

287 4168 442 4241 ὑμῶν
470 4172 652 4244 γενεᾶς
682 4168 775 4223 τὸν
804 4166 1052 4242 ὄλεθρον.
1086 4166 1436 4244 Ἐνήδρευσεν
1465 4170 1557 4224 οὗν
1598 4170 1680 4224 ἀεὶ
1712 4171 1741 4225 6
1773 4176 1996 4244 Καῖσαρ,
2036 4170 2163 4238 ἣνυε
2220 4165 2278 4223 δὲ
2318 4166 2495 4224 οὐδέν·
2546 4170 2822 4243 ἀκυρῶσαι
2882 4168 2984 4241 γάρ
3045 4166 3409 4244 παγχάλεπον
3460 4168 3529 4238 ἦν
3561 4170 3695 4243 ὅπερ

286 4252 423 4328 ἅπαξ
449 4259 519 4329 τῇ
556 4254 791 4331 Προνοίᾳ
817 4257 1062 4330 γενέσθαι
1094 4252 1289 4319 έδοκει.

1496 4359 1857 4415 XYLANDRI
1893 4361 1981 4414 ET
2009 4360 2220 4415 GOARI
2260 4359 2480 4415 NOTAE.

357 4454 471 4530 (7i)
502 4454 745 4525 Sagitta,
778 4460 942 4530 puto,
965 4460 1069 4509 aut
1087 4455 1315 4527 spiculo
1344 4455 1580 4510 missili.
1605 4457 1755 4530 sane
1776 4457 1933 4530 apud

2114 4456 2430 4530 (74)_Qu_id
2483 4456 2565 4530 sit
2624 4451 2945 4530 βαρδούκιον
3002 4456 3370 4523 barducium,
3403 4456 3688 4530 incertus

285 4525 521 4580 Latinos
550 4531 755 4597 poetas
790 4525 1097 4581 calamum
1120 4525 1266 4596 lquo
1313 4543 1384 4581 ue
1414 4544 1521 4598 pro
1552 4527 1763 4599 sagitta
1792 4525 1932 4598 poni

285 4596 659 4652 observatum
690 4603 800 4652 est.
831 4597 1114 4652 nimirum
1148 4544 1307 4652 quod
1348 4615 1416 4652 ex
1447 4598 1691 4652 calamis
1722 4600 1932 4652 ﬁerent

282 4596 659 4652 observatum
690 4603 800 4666 est,
831 4597 1114 4652 nimirum
1148 4614 1263 4668 quo

286 4668 535 4740 sagittae.
566 4668 843 4741 Virgilius
872 4686 885 4723 :

972 4739 1104 4795 Cum
1137 4740 1444 4810 Daphnidis
1472 4757 1680 4796 arcum.

568 4829 804 4896 Fregisti
830 4835 879 4883 et
908 4828 1162 4884 calamos.

290 4914 563 4968 Horatius
587 4932 600 4968 :

573 5004 785 5060 Calami
807 5007 1022 5077 spicula
1052 5006 1262 5062 Gnosii.
1290 5006 1425 5061 XYL.

356 5092 581 5174 (72).0h.
598 5093 944 5176 religionem
967 5111 1102 5176 erga
1124 5095 1284 5176 regia
1305 5111 1574 5176 quaeque,
1597 5096 1684 5176 vel
1708 5112 1780 5176 ne
1801 5112 1937 5167 pur-

285 5180 450 5237 pura)
471 5164 736 5237 insidens
755 5164 1088 5236 tyrannidis
1110 5164 1396 5220 affectatae
1419 5166 1552 5221 aliis
1569 5164 1934 5237 opinionem,

284 5235 397 5289 sibi
434 5234 763 5305 periculum
785 5234 1122 5293 induceret.
1155 5237 1329 5291 Gosa.

500 5305 879 5382 Ἱπποκόμοις,
938 5308 1310 5382 equisonibus.
1354 5307 1428 5382 _Hi
1480 5307 1938 5382 πρωτοστράτορα

278 5376 625 5446 praefectum
676 5376 995 5445 habebant,
1021 5383 1129 5433 τῶν
1163 5376 1493 5449 ἱπποκόμων
1524 5376 1762 5449 πρῶτον,
1816 5376 1935 5435 non

279 5452 347 5501 ut
377 5450 485 5521 sub
517 5467 583 5505 eo
615 5450 827 5505 vilibus
858 5451 1164 5521 obsequiis
1195 5466 1381 5521 equos
1414 5454 1713 5513 curarent.
1742 5451 1845 5506 sed
1876 5456 1943 5505 ut

279 5519 654 5592 stabulorum
705 5519 1058 5577 nobiliorem
1107 5519 1520 5592 praefecturam
1551 5527 1847 5592 gererent,
1881 5528 1942 5577 et

278 5590 650 5663 imperatori,
686 5594 734 5646 si
768 5593 965 5648 forsan
1026 5590 1210 5663 eques
1267 5593 1401 5658 iret,
1443 5590 1936 5663 obsequerentur.

286 5662 364 5717 De
400 5663 616 5734 quibus
648 5664 928 5720 Codinus.
963 5662 1137 5719 ϐολῇ.

2045 4527 2416 4583 δυωρϐι-θᾶο
2472 4527 2655 4583 fuisse
2701 4528 2978 4599 balistam
3029 4535 3131 4584 aut
3180 4528 3423 4599 aliquod
3469 4527 3571 4582 teli
3601 4528 3692 4581 vel

1348 4597 1429 4653 επ
1447 4597 1691 4654 calamis
1722 4597 1934 4655 ﬁerent
2037 4599 2224 4669 jaculi
2255 4614 2460 4674 genus.
2486 4598 2621 4674 X_YL.
2654 4631 2715 4674 έ-
2751 4597 3082 4674 Βαρδούκιον
3109 4597 3470 4674 securiculan}
3504 4600 3691 4653 inter-

2041 4675 2308 4745 pretatur
2327 4671 2634 4745 Meursius.
2654 4673 2775 4745 Quo
2796 4670 3196 4745 argumento?
3216 4672 3363 4738 Quia
3391 4670 3465 4726 ad
3484 4686 3691 4745 zonam

2044 4741 2565 4815 appenditur,quia
2596 4743 2805 4815 projici
2839 4741 3113 4815 p6test,et
3146 4744 3282 4798 fera)
3307 4748 3483 4814 caput
3512 4741 3691 4795 disse-

2043 4829 2198 4868 care.
2232 4813 2480 4881 Divinat,
2515 4820 2573 4868 et
2603 4813 2769 4869 nihil
2796 4813 2870 4869 ad
2902 4831 3027 4869 rem
3076 4813 3393 4887 depromit:
3428 4817 3530 4869 Diu
3560 4819 3690 4866 ante

2044 4901 2128 4940 me
2160 4887 2294 4940 torsi
2335 4891 2630 4954 antequam
2684 4889 2939 4942 vocabuli
2991 4887 3157 4956 hujus
3187 4889 3558 4956 signiﬁcatum
3588 4899 3688 4956 ea:-

2045 4958 2264 5026 quirere
2313 4952 2549 5026 possein,
2605 4957 2811 5012 scribit
2868 4952 3257 5013 Leunclavius
3309 4952 3685 5026 Onomastico

2046 5024 2334 5082 secundo:
2360 5028 2455 5080 Ait
2493 5043 2628 5081 vero
2678 5028 2898 5083 ibidem
2934 5045 2945 5083 :
2985 5030 3199 5083 Bardac
3244 5042 3456 5090 urceus,
3491 5024 3690 5093 lagena

2044 5098 2230 5167 ﬁglini
2273 5099 2471 5166 operis,
2506 5114 2662 5166 aqua
2691 5100 2971 5167 gestanda:
3011 5101 3184 5166 facta.
3220 5100 3325 5162 Qui
3354 5096 3691 5151 Barducz'um

2047 5170 2399 5238 imperatoris
2455 5168 2622 5236 gerit,
2646 5170 2981 5239 intelligitur
3006 5170 3100 5223 ille
3130 5173 3228 5238 qui
3260 5169 3510 5236 lagenam
3540 5181 3690 5239 aqua

2041 5236 2265 5310 plenam
2295 5241 2539 5308 gestabat
2597 5256 2755 5308 eques
2811 5236 2884 5294 (id
2939 5256 3095 5295 usum
3126 5236 3494 5309 imperatoris.
3530 5236 3685 5292 Reti-

2046 5313 2267 5366 nuerint
2324 5317 2374 5364 et
2409 5312 2573 5365 Turci
2627 5311 2727 5365 hoc
2779 5314 3025 5381 ofﬁcium
3060 5328 3073 5364 ε
3106 5328 3233 5366 nam
3264 5312 3412 5364 inter
3456 5310 3688 5381 juvenes

2048 5381 2169 5437 illos
2200 5388 2304 5436 tres
2361 5384 2457 5451 qui
2503 5382 2717 5437 sultano
2745 5388 2870 5437 sunt
2922 5384 3110 5437 intimi
3164 5381 3513 5445 cubicularii,
3545 5396 3688 5435 unus

2048 5460 2126 5507 est
2169 5455 2412 5521 kinptar,
2445 5455 2542 5522 qui
2560 5460 2724 5522 potus
2753 5455 2961 5509 sultani
2991 5470 3182 5509 curam
3229 5455 3371 5523 gerit
3400 5460 3450 5507 et
3479 5468 3688 5522 semper

2049 5540 2249 5595 aquam
2262 5525 2616 5595 progsultuno
2645 5540 2822 5579 secum
2852 5524 3001 5579 vehit
3030 5541 3191 5595 eques
3219 5527 3279 5579 in
3311 5524 3526 5594 lagena,
3551 5525 3691 5577 sicut

2049 5593 2181 5667 olim
2210 5611 2274 5648 ea
2302 5593 2509 5667 solebat
2539 5593 2709 5650 etiam
2737 5612 2845 5667 pro
2873 5593 3203 5666 imperatore
3259 5593 3443 5655 Graeco
3474 5598 3531 5650 in
3563 5596 3691 5649 bar-

2051 5665 2213 5721 ducio
2240 5665 2383 5722 vehi.
2416 5666 2590 5721 Gesn.
