4054 6286
205 369 368 436 1085

1540 373 1864 434 GEORGII
1908 374 2264 438 CEDRENI

271 505 424 577 ’Λρτι
459 500 516 558 δὲ
544 505 642 558 τοῦ
672 499 944 578 βασιλέως
1004 501 1237 577 Μιχαὴλ
1296 504 1432 560 κατὰ
1473 505 1704 578 Κρητῶν
1759 500 1838 574 ἆξ-

2026 507 2346 578 Postquam
2368 507 2582 566 deinde
2603 510 2923 566 Michaelus
2947 526 3082 565 cum
3099 509 3287 565 Barda
3306 509 3599 565 avunculo

205 592 499 654 ελάσαντος
561 591 694 666 μετὰ
748 590 933 666 Βάρδα
991 592 1262 668 Καίσαρος
1307 597 1406 648 τοῦ
1458 592 1604 656 θείου
1659 591 1847 661 αύτοῦ,

197 682 284 736 καὶ
346 677 724 756 σοϐαρώτερον
804 678 1117 754 ἁπτομένου
1193 687 1304 738 τῶν
1363 683 1699 758 πραγμάτων
1755 685 1851 736 τοῦ

207 768 387 846 Βαρδα
415 771 504 825 καὶ
559 770 698 824 κατὰ
759 771 954 844 μικρὸν
1010 770 1270 833 ἀνιῶντος
1323 772 1414 826 τὸν
1474 771 1703 846 βασιλέα
1757 770 1850 825 καὶ

193 866 309 922 τοῖς
342 861 465 934 περὶ
494 860 652 914 αὐτὸν
706 859 964 921 ὑπονοίας
1021 861 1276 936 ἄφορμήν
1329 857 1593 928 διδόντος,
1625 860 1739 914 ἐπεὶ
1795 859 1847 914 ἰν

199 955 317 1012 τοῖς
347 952 555 1020 Κήποις
583 947 824 1023 ἐγένοντο
855 949 1048 1023 (τόπος
1092 947 1149 1004 δὲ
1205 951 1256 1004 οἱ
1314 953 1496 1021 Κῆποι
1553 951 1690 1004 κατὰ
1747 951 1846 1018 τὴν

198 1038 492 1114 παράλιον,
530 1042 608 1112 [Ρ.
639 1040 768 1111 566]
799 1034 923 1093 ἔνθα
944 1040 1084 1112 πρὸς
1112 1041 1209 1107 τήν
1263 1038 1532 1104 θάλασσαν
1593 1035 1848 1102 εἰσϐολὰς

194 1133 433 1184 ποιεῖται
491 1129 519 1183 ὁ
595 1125 904 1202 Μαίανδρος
980 1129 1275 1201 ποταμὸς),
1333 1129 1558 1193 ἆνταῦθα
1625 1127 1690 1198 δὴ
1744 1136 1844 1198 τῆς

189 1219 453 1282 συαευῆς
499 1217 590 1272 καὶ
636 1216 868 1289 μελέτης
898 1219 1196 1292 γενομένης
1242 1224 1358 1280 τοῖς
1409 1218 1536 1293 περὶ
1591 1219 1686 1272 τὸν
1745 1221 1844 1293 βα-

191 1308 368 1372 σιλέα,
426 1307 516 1360 ἳνα
578 1309 652 1380 μὴ
712 1309 1178 1382 καταταχηθὲντες
1259 1309 1470 1362 πάθωσι
1537 1307 1750 1381 μᾶλλον
1807 1306 1843 1376 ἤ

195 1395 488 1472 δράσωσιν,
574 1395 986 1459 ἐπισπεύσαντες
1069 1399 1343 1473 ἀναιροῦσι
1429 1401 1522 1453 τὸν
1608 1395 1844 1472 Βαρδαν,

187 1489 366 1552 καθὼς
416 1485 618 1541 ἄνωθεν
680 1488 707 1540 6
763 1485 932 1562 λόγος
1003 1484 1305 1564 διαρρήδην
1366 1485 1634 1558 ἐδήλωσε,
1695 1507 1844 1563 περι-

183 1575 459 1631 πλακέντα
488 1581 604 1638 τοῖς
633 1580 732 1632 τοῦ
776 1575 1047 1651 βασιλέως
1077 1577 1226 1634 ποσί.
1296 1581 1521 1652 Πρώτην
1587 1579 1687 1652 ἦγε
1742 1598 1842 1648 τηε

184 1669 413 1720 νικαῦτα
475 1666 581 1737 μὴν
643 1665 670 1718 6
731 1665 1059 1732 Ἀπρίλλιος
1143 1673 1244 1734 τῆς
1317 1665 1386 1721 ιδ’
1445 1666 1839 1738 ἐπινεμήσεώς.

177 1755 648 1818 Ἀποκτανθέντος
709 1753 800 1809 οὖν
859 1759 956 1810 τοῦ
1017 1753 1193 1830 Βάρδα
1280 1756 1439 1820 εὐθὺς
1498 1758 1526 1811 6
1587 1755 1842 1832 βασιλεὺς

185 1847 286 1914 τήν
314 1866 371 1900 τε
403 1841 818 1920 στρατοπεδείαν
877 1844 1138 1900 καταλύει
1195 1845 1284 1900 καὶ
1329 1847 1520 1900 νόστου
1547 1847 1684 1922 πρὸς
1738 1849 1838 1916 τὴν
1877 1869 1918 1934 Β

189 1932 582 2007 βασιλεύουσαν
660 1933 954 2006 μέμνηται.
1037 1932 1383 1998 Ἐπανελθὼν
1452 1931 1509 1989 δὲ
1582 1935 1719 2008 πρὸς
1777 1935 1840 1990 τὸ

196 2023 515 2093 Βυζάντιον,
549 2023 768 2097 ἐπείπερ
800 2022 1001 2085 οἰκείας
1050 2023 1276 2099 ἡμοίρει
1339 2027 1528 2099 γονῆς,
1578 2023 1841 2079 εἰσποιεῖς

192 2114 283 2168 ταί
347 2133 406 2168 τε
461 2114 552 2168 τὸν
604 2113 884 2168 Βασίλειον
922 2113 1010 2168 καὶ
1069 2114 1144 2177 εἰς
1206 2116 1306 2183 τὴν
1363 2119 1470 2169 τῶν
1534 2115 1841 2191 μαγίστρων

191 2197 503 2272 ἀναϐιϐάζει
533 2204 724 2276 τιμήν.
758 2205 822 2256 "0
857 2205 931 2275 μὴ
993 2204 1170 2280 φὲρων
1207 2203 1310 2258 ὑπὸ
1361 2204 1559 2280 φθόνου
1618 2206 1646 2260 6
1687 2212 1837 2278 Συμε-

188 2289 378 2356 ϐέτιος
442 2293 470 2348 ὁ
524 2289 821 2367 λογοθὲτης
876 2297 974 2347 τοῦ
1039 2289 1272 2368 δρόμου,
1331 2296 1358 2348 6
1415 2297 1510 2347 τοῦ
1572 2295 1842 2365 Καίσαρος

184 2379 369 2456 Βάρδα
455 2376 724 2455 γαμϐρὸς,
792 2381 1267 2458 προφασισάμενος
1312 2381 1375 2436 τὸ
1436 2383 1511 2455 μή
1581 2379 1839 2446 δύνασθαι

186 2469 404 2542 ζῇνέπὶ
460 2477 560 2539 τῆς
625 2467 911 2545 βασιλίδος
967 2473 1066 2538 τὴν
1121 2475 1231 2526 τῶν
1289 2473 1611 2546 Θρᾳκησίων
1646 2471 1839 2542 ἐξαιτεῖ

182 2560 530 2635 στρατηγίαν,
571 2560 662 2615 καὶ
705 2558 771 2629 δὴ
825 2560 914 2616 καί
976 2557 1264 2635 λαμϐάνει.
1319 2559 1536 2637 Ὀλίγου
1605 2559 1662 2616 δὲ
1718 2583 1834 2616 και⁴

185 2655 284 2726 ροῦ
316 2649 683 2725 παρελθόντος
720 2651 809 2706 καί
867 2658 965 2719 τῆς
1026 2649 1304 2724 βασιλείας
1361 2649 1681 2728 ἐπισφαλῶς
1735 2672 1836 2706 κυο

189 2734 566 2813 ϐερνωμένης,
606 2739 696 2793 ἅτε
725 2743 820 2793 τοῦ
854 2736 1126 2813 βασιλέως
1157 2739 1290 2813 πρὸς
1322 2737 1540 2809 ἄλλοις,
1589 2739 1717 2795 ἀλλ’
1769 2741 1832 2794 οὐ

186 2833 312 2891 ταῖς
366 2832 472 2882 τῶν
537 2828 873 2903 πραγμάτων
933 2826 1235 2898 διοικήσεσι
1293 2829 1380 2882 τὸν
1432 2833 1553 2882 νοῦν
1585 2823 1832 2904 ἔχοντος,

186 2917 280 2972 καὶ
336 2921 434 2971 τοῦ
492 2927 718 2980 θανάτου
775 2917 832 2971 δὲ
870 2921 968 2971 τοῦ
1011 2915 1191 2992 Βάρδα
1223 2919 1468 2994 καθαρῶς
1524 2917 1834 2993 ἐλέγξαντος

188 3009 292 3077 τήν
323 3006 492 3061 αὐτοῦ
523 3005 794 3069 ούθὲνειαν
841 3009 931 3060 καί
993 3004 1246 3084 ἀφέλειαν
1307 3005 1532 3081 (ἔκείνου
1589 3009 1688 3084 γὰρ
1739 3009 1833 3063 ἐπ-

192 3100 596 3171 αγρυπνοῦντος
626 3096 700 3158 ὡς
733 3100 996 3151 κοινωνοῦ
1033 3100 1141 3150 τῶν
1197 3097 1556 3173 πραγμάτων,
1616 3099 1704 3153 καὶ
1733 3105 1834 3168 τῆς

189 3183 514 3255 διοικήσεως
545 3186 663 3248 καθ’
701 3183 822 3238 ὅσον
875 3185 990 3239 οἷόν
1022 3203 1080 3240 τε
1137 3185 1525 3260 ἀντεχομένου,
1593 3191 1660 3260 τῇ
1715 3189 1835 3242 τούι

185 3296 283 3330 του
317 3272 606 3348 ἂπιμελείᾳ
635 3274 725 3328 καὶ
756 3273 966 3348 σπουδῇ
1017 3277 1051 3344 ἡ
1109 3278 1206 3330 τοῦ
1270 3273 1539 3349 βασιλέως
1598 3275 1840 3332 ούθὲνεία

187 3361 541 3419 ἐκαλύπτετο·
585 3361 698 3417 ἐπεὶ
744 3359 789 3416 δ’
847 3365 1048 3425 ἒκεῖνος
1109 3363 1394 3443 ἀπεσφάγη
1451 3365 1540 3419 καὶ
1598 3368 1632 3434 ἡ
1698 3371 1841 3420 πᾶσα

183 3461 288 3524 τῆς
324 3450 603 3528 βασιλείας
635 3452 854 3530 φροντὶς
889 3451 965 3514 εἷς
1002 3453 1165 3525 μόνον
1222 3451 1474 3527 περιέστη
1532 3452 1622 3508 τὸν
1688 3456 1842 3530 βασι-

186 3541 307 3610 λέα,
364 3541 489 3596 τότε
557 3539 624 3609 δὴ
673 3543 922 3614 καθαρῶς
982 3541 1044 3596 τὸ
1103 3541 1267 3596 αὐτοῦ
1323 3541 1692 3614 ἀνεπιτήδειον
1751 3545 1840 3599 καὶ

183 3631 325 3706 πρὸς
408 3631 501 3692 τὰς
566 3628 856 3692 πολιτικὰς
913 3630 1129 3705 πράξεις
1199 3631 1578 3694 ἀναπεπτωκὸς
1653 3631 1843 3703 ἐξηλέ-

186 3721 403 3796 γχετο),
437 3718 679 3793 ἐγίνοντο
714 3719 859 3792 παρὰ
913 3723 1010 3773 τοῦ
1069 3725 1255 3773 κοινοῦ
1313 3726 1558 3795 συνεχεῖς
1616 3719 1841 3796 διαγογ-

191 3809 401 3888 γυσμοὶ
441 3809 576 3864 κατὰ
632 3807 731 3863 τοῦ
790 3807 1080 3883 βασιλέως,
1141 3809 1230 3864 καὶ
1289 3810 1399 3864 οὔθ’
1455 3811 1488 3879 ἡ
1536 3811 1841 3885 σύγκλητος

191 3899 318 3956 οὕτε
402 3899 465 3955 τὸ
523 3897 836 3972 πολίτευμα
879 3906 996 3962 τοῖς
1051 3899 1444 3975 πραττομένοις
1525 3901 1839 3977 ἠρέσκοντο,

187 3990 280 4045 καὶ
325 3988 458 4043 αὐτὸ
517 3985 584 4056 δὴ
642 3988 704 4042 τὸ
759 3990 1066 4063 στράτευμα
1125 3984 1559 4061 ἆνασεσϐημὲνον
1597 3993 1684 4046 καὶ
1754 4013 1840 4046 κε-

184 4077 477 4151 κινημένον
505 4076 819 4155 ἔτύγγανεν.
862 4080 1054 4134 ’Ἁτινα
1086 4076 1175 4133 διὰ
1231 4083 1338 4134 τῶν
1397 4080 1743 4135 οἰκειοτάτων
1813 4077 1841 4130 6

186 4168 449 4244 βασιλεὺς
534 4167 945 4239 ἐνωτιζόμενος,
1005 4168 1093 4240 καὶ
1165 4170 1264 4238 τὴν
1325 4170 1514 4223 ἑαυτοῦ
1570 4174 1843 4224 κατανοῶν

193 4258 332 4332 πρὸς
387 4257 482 4318 τὰς
537 4257 808 4329 κοσμικὰς
870 4255 1244 4332 ἐπιχειρήσεις
1329 4255 1670 4329 ἀδεξιότητα,
1731 4259 1843 4331 ἅμα

184 4344 245 4401 3‘:
276 4346 368 4400 καὶ
424 4345 774 4400 ἐπανάστασιν
831 4342 1179 4417 εὐλαϐηθεὶς,
1238 4347 1498 4402 κοινωνὸν
1539 4344 1676 4422 ἔγνω
1733 4353 1840 4402 τῶν

181 4434 519 4508 πραγμάτων
549 4430 953 4507 προσλαϐέσθαι
994 4435 1084 4488 καὶ
1139 4443 1240 4504 τῆς
1301 4436 1502 4510 ἀρχῆς.
1563 4436 1669 4491 Καὶ
1727 4435 1841 4491 ἐπεὶ

182 4523 295 4598 πρὸ
322 4521 540 4599 ὀλίγου,
572 4523 646 4586 ὡς
706 4524 906 4578 ἄνωθεν
959 4521 1205 4596 εἴπομεν,
1263 4524 1723 4597 υἱοποιησάμενος
1775 4526 1842 4595 ἦν

181 4611 278 4667 τὸν
308 4609 614 4681 Βασίλειον,
646 4608 768 4684 ᾔδει
801 4608 856 4664 δὶ
913 4609 1072 4666 αὐτὸν
1115 4613 1204 4666 καὶ
1269 4609 1461 4686 ἀνδρίᾳ
1497 4613 1588 4666 καὶ
1638 4615 1837 4668 συνέσει

1961 594 2396 664 expeditionem
2447 600 2729 670 suscepit,
2761 605 2822 652 et
2874 599 3092 653 Bardas
3124 598 3482 652 insolentius
3515 615 3608 652 res

1959 688 2210 740 tractare
2260 689 2454 757 cmpit,
2504 687 2908 759 paulatimque
2959 689 3375 758 imperatorem
3417 688 3607 741 offen-

1960 771 2106 828 dens
2136 775 2396 830 sinistris
2427 777 2499 831 de
2531 793 2591 831 se
2624 776 3062 848 suspicionibus
3092 793 3298 832 ansam
3333 777 3604 847 praabuit,

1957 868 2022 916 ut
2049 866 2238 934 Cepos
2272 871 2510 921 ventum
2545 871 2633 920 est
2680 866 2861 937 (Cepi,
2896 867 3094 920 Latine
3127 865 3330 921 hortos
3364 864 3604 933 dixeris,

1957 953 2069 1009 loci
2102 969 2321 1009 nomen
2366 961 2456 1010 est
2507 955 2810 1022 maritimi,
2843 955 2944 1009 ubi
2976 953 3270 1009 Maeander
3300 953 3512 1008 fluvius
3542 954 3600 1007 in

1955 1061 2118 1099 mare
2143 1044 2453 1113 illabitur),
2485 1045 2811 1114 imperator
2842 1059 2973 1098 cum
3016 1045 3140 1097 suis
3169 1042 3303 1098 iniit
3331 1044 3602 1112 consilia,

1957 1151 2030 1187 ne
2062 1151 2094 1187 a
2123 1133 2312 1188 Barda
2343 1133 2626 1204 praeventi
2651 1133 3128 1204 opprimerentur
3154 1149 3166 1198 ;
3191 1139 3250 1186 et
3278 1149 3340 1186 re
3373 1149 3602 1203 compo-

1956 1222 2068 1277 sita
2099 1228 2276 1292 atque
2308 1227 2599 1277 maturata
2619 1223 2772 1276 999
2810 1221 3028 1277 Bardas
3072 1221 3252 1292 pedes
3285 1222 3602 1292 imperato-

1954 1311 2037 1365 ris
2059 1311 2366 1382 amplexus
2391 1312 2718 1366 trucidatus
2742 1317 2832 1366 est
2856 1329 2868 1376 ;
2903 1329 3034 1381 quae
3058 1327 3151 1364 res
3173 1328 3352 1382 supra
3373 1327 3406 1364 a
3430 1311 3599 1364 nobis

1956 1399 2238 1469 exposita.
2274 1405 2488 1454 Actum
2521 1400 2631 1454 hoc
2666 1400 2758 1454 die
2791 1401 2983 1471 prima
3012 1399 3250 1469 Aprilis.
3273 1398 3597 1454 indictione

1955 1489 2039 1543 14.
2061 1488 2379 1543 Interfecto
2407 1489 2610 1556 Barda,
2643 1490 2966 1560 imperator
2987 1488 3362 1558 expeditione
3385 1489 3604 1543 omissa

1956 1577 2155 1632 statim
2193 1578 2533 1647 Byzantium
2573 1578 2751 1632 rediit
2778 1593 2791 1643 ;
2816 1585 2875 1631 et
2896 1594 2961 1631 eo
2983 1592 3419 1642 reversus,cum
3434 1577 3598 1648 prole

1954 1666 2488 1732 careret,Basilium
2513 1667 2587 1721 ad
2611 1667 2931 1739 magisterii
2955 1667 3302 1737 dignitatem
3335 1673 3596 1721 evectum

1952 1756 2271 1826 adoptavit.
2305 1755 2468 1819 Quod
2502 1773 2636 1810 cum
2668 1771 2786 1810 non
2821 1755 3001 1810 ferret
3029 1772 3148 1826 prie
3181 1755 3400 1809 invidia
3432 1757 3601 1825 Sym—

1954 1846 2147 1902 batius
2181 1847 2372 1901 dromi
2405 1847 2722 1918 logotheta.
2759 1846 2958 1901 Bardm
2990 1863 3190 1918 gener,
3225 1846 3598 1917 praetendens

1955 1954 2016 1992 se
2047 1937 2210 2007 Cpoli
2244 1938 2438 1991 vivere
2468 1953 2586 1991 non
2619 1953 2814 2007 posse,
2847 1937 3018 2008 petiit
3047 1937 3500 2008 impetravitque
3532 1940 3598 1991 ut

1952 2026 2380 2081 Thracensibus
2403 2027 2820 2097 praeficeretur.
2848 2027 3095 2081 Paulum
3119 2025 3345 2080 efﬂuxit
3369 2031 3594 2096 tempo-

1952 2117 2052 2183 ris,
2082 2133 2214 2170 cum
2265 2116 2406 2171 satis
2437 2117 2629 2186 patuit
2670 2116 2984 2187 imperium
3019 2116 3348 2187 periculose
3378 2116 3594 2187 guber-

1949 2206 2101 2274 nari,
2135 2206 2355 2277 quippe
2387 2206 2672 2260 Michaelo
2721 2207 2854 2261 aliis
2894 2222 3074 2276 quam
3113 2205 3454 2276 reipublicae
3487 2222 3586 2277 ge-

1949 2295 2146 2350 rendas
2169 2295 2418 2366 negotiis
2445 2296 2696 2362 intento,
2729 2295 2977 2366 ejusque
3008 2295 3286 2350 {utilitate
3309 2310 3374 2349 ac
3398 2295 3590 2349 stulti~

1949 2385 2030 2438 tia
2058 2397 2093 2438 a
2149 2383 2346 2438 Bardze
2377 2385 2621 2438 interitu
2652 2385 2847 2455 palam
2897 2384 3325 2439 innotescente.
3360 2384 3588 2436 Etenim

1948 2473 2156 2538 Barda,
2187 2480 2255 2527 ut
2309 2474 2411 2543 qui
2469 2473 2844 2544 imperatoris
2903 2473 3125 2544 collega
3181 2478 3358 2539 esset,
3391 2489 3496 2543 pro
3527 2490 3589 2528 re

1947 2561 2184 2634 publica
2233 2562 2561 2616 excubante
2593 2579 2660 2617 ac
2709 2578 2813 2633 pro
2844 2562 2997 2616 virili
3047 2563 3175 2632 ejus
3209 2563 3594 2617 administra-

1946 2653 2092 2705 tioni
2125 2653 2375 2719 intento,
2390 2652 2686 2706 industria
2706 2651 2884 2721 hujus
2901 2657 3076 2722 atque
3099 2652 3404 2723 diligentia
3424 2653 3588 2722 igna-

1945 2742 2100 2796 viam
2133 2741 2404 2796 Michaeli
2455 2742 2796 2796 occultaret.
2832 2741 3070 2796 Sublato
3105 2741 3309 2808 Barda,
3345 2747 3402 2794 et
3427 2741 3590 2795 omni

1945 2828 2180 2899 imperii
2234 2831 2641 2899 procuratioee
2697 2829 2758 2882 in
2801 2828 3042 2882 unicum
3075 2827 3455 2882 incumbente
3487 2828 3594 2881 Mi-

1945 2918 2241 2987 chaelum,
2274 2918 2589 2989 perspicue
2631 2918 2905 2988 apparuit
2936 2933 3113 2987 quam
3145 2916 3194 2970 is
3226 2922 3384 2972 esset
3413 2918 3590 2971 homo

1945 3007 2019 3062 ad
2041 3021 2166 3061 rem
2189 3007 2488 3078 publicam
2513 3005 3133 3076 tractandamineptus
3162 3012 3339 3076 atque
3370 3006 3588 3076 segnis.

1944 3097 2146 3166 Itaque
2196 3095 2572 3150 subditorum
2629 3094 2849 3150 crebra)
2899 3100 3066 3148 erant
3115 3093 3186 3148 de
3234 3093 3590 3165 imperatore

1951 3186 2230 3257 querelis,
2259 3193 2317 3239 et
2335 3202 2531 3256 neque
2560 3185 2791 3239 senatui
2824 3201 3018 3255 neque
3041 3184 3264 3239 civibUS
3295 3191 3424 3239 acta
3451 3202 3593 3256 pro-

1949 3276 2501 3347 babantur,ipsique
2525 3277 2703 3330 etiam
2726 3276 3018 3330 exercitus
3039 3274 3592 3346 ferociebantatque

1952 3365 2416 3438 exagitabantur.
2451 3365 2588 3430 Quae
2639 3365 2845 3419 1000
2875 3365 3076 3419 omnia
3106 3365 3425 3419 Michaelus
3457 3379 3592 3419 cum

1950 3454 2484 3510 afamiliarissimis
2505 3455 2614 3509 sibi
2644 3454 2914 3509 nuntiata
2931 3455 3312 3525 percepisset,
3331 3454 3593 3509 sentiens

1951 3559 2130 3612 quam
2187 3543 2316 3614 ipse
2346 3548 2502 3598 esset
2532 3543 2604 3598 ad
2639 3543 2785 3597 tanti
2833 3543 3068 3613 imperii
3101 3542 3593 3613 gubernationem

1950 3645 2158 3703 parum
2181 3632 2452 3698 idoneus,
2478 3632 2773 3701 simulque
2792 3631 2902 3685 sibi
2925 3648 2958 3685 a
2979 3631 3270 3686 seditione
3296 3637 3589 3699 metuens,

1951 3721 2236 3792 collegam
2259 3720 2464 3776 statuit
2484 3719 2594 3772 sibi
2615 3719 2968 3775 adsciscere.
2989 3722 3059 3774 Et
3077 3721 3216 3789 quia
3237 3721 3412 3790 paulo
3430 3725 3590 3784 ante,

1950 3816 2015 3864 ut
2039 3809 2318 3873 diximus,
2354 3807 2633 3863 Basiliam
2667 3807 3063 3878 adoptaverat,
3098 3808 3591 3879 sciebatqueeum

1948 3899 2197 3969 reliquis
2228 3897 2575 3952 fortitudine
2607 3903 2665 3950 et
2708 3898 3024 3967 prudentia
3052 3899 3300 3967 anteire,
3335 3904 3392 3953 et
3419 3915 3594 3969 posse

1950 3989 2199 4058 implere
2232 3987 2389 4057 quod
2439 3985 2549 4041 sibi
2580 3985 2653 4040 ad
2682 3987 3112 4057 rempublicam
3146 3989 3593 4060 temperandam

1952 4077 2316 4132 dexteritatis
2348 4075 2569 4142 deerat,
2602 4076 2861 4130 maxime
2891 4082 3088 4131 autem
3121 4092 3398 4149 suprema
3429 4084 3591 4148 pote-

1953 4172 2101 4221 state
2135 4183 2202 4221 eo
2226 4166 2416 4236 ipsum
2440 4165 3218 4236 impellente,imperatoriis
3249 4182 3380 4222 eum
3416 4170 3594 4223 bono-

1949 4256 2136 4321 ribus,
2161 4254 2490 4327 insignibus
2513 4259 2690 4324 atque
2712 4255 2921 4326 opibus
2944 4263 3208 4323 exornat,
3243 4271 3588 4328 progressus

1950 4347 2126 4417 hujus
2156 4345 2242 4400 rei
2274 4355 2452 4400 causa
2482 4345 2717 4416 publice
2763 4346 2824 4399 in
2856 4346 3052 4400 nobile
3104 4347 3314 4401 divinae
3348 4347 3592 4417 Sapien-

1951 4438 2045 4490 tim
2071 4437 2372 4502 fanum,ac
2396 4435 2610 4488 Basilio
2637 4451 2917 4490 coronam
2939 4436 3158 4506 regiam
3189 4436 3443 4506 imponit
3463 4436 3590 4508 ipso

1952 4532 2169 4580 sancta
2228 4527 2608 4578 Pentecostes
2662 4525 2811 4579 festo
2872 4525 2986 4592 die,
3021 4525 3121 4596 qui
3160 4525 3270 4580 fuit
3301 4525 3427 4580 dies
3463 4525 3594 4580 Maii

1941 4614 2220 4685 vigesima
2251 4618 2433 4679 sexta,
2469 4612 2790 4666 indictione
2819 4612 3049 4668 decima
3075 4619 3304 4684 quarta.

183 4706 293 4758 τῶν
323 4699 555 4757 πολλῶν
586 4697 906 4778 διαφέροντα
935 4701 1024 4755 καὶ
1058 4701 1240 4756 ἱκανὸν
1273 4700 1622 4775 ἀναπληροῦν
1653 4703 1713 4756 τὸ
1745 4702 1797 4755 ἐν
1825 4701 1893 4776 τῇ
1926 4697 2243 4775 κυϐερνήσει
2277 4704 2374 4754 τοῦ
2406 4704 2676 4773 κοσμικοῦ
2711 4699 2945 4778 σκάφους
2977 4702 3276 4775 ὓστὲρημα,
3307 4702 3370 4756 τὸ
3427 4701 3593 4758 πλέον

185 4789 245 4847 δὶ
277 4791 366 4846 καὶ
398 4791 703 4866 ὓπερτάτης
732 4788 1015 4862 δυνάμεως
1052 4790 1345 4867 ἐναγούσης
1379 4791 1455 4854 είς
1482 4795 1644 4846 τοῦτο
1677 4791 1856 4862 αὐτὸν,
1888 4792 1977 4846 καὶ
2013 4790 2289 4866 βασιλείας
2315 4793 2454 4862 τιμῆ
2497 4790 2586 4843 καὶ
2643 4787 2766 4862 δόξῃ
2823 4791 2906 4844 καί
2944 4790 3210 4865 χρίσματι
3266 4798 3597 4866 κατακοσμεῖ

180 4881 276 4935 τὸν
312 4879 619 4949 Βασίλειον,
653 4880 789 4934 κατὰ
818 4880 917 4948 τήν
954 4879 1101 4954 ἱερὰν
1123 4879 1211 4933 καὶ
1242 4878 1392 4954 ἁγίαν
1417 4878 1626 4954 ἡμέραν
1659 4886 1756 4949 τῆς
1790 4881 2190 4951 Πεντηκοστῆς,
2224 4877 2276 4932 ἐν
2307 4883 2385 4949 τῷ
2414 4879 2744 4952 περιωνύμῳ
2776 4886 2873 4948 τῆς
2923 4883 3018 4933 τοῦ
3050 4885 3183 4935 Θεοῦ
3209 4882 3410 4959 Σοφίας
3461 4887 3592 4953 ναῷ,

182 4967 460 5044 δημοσίαν
491 4965 730 5045 πρόοδον
759 4967 1152 5040 ποιησάμενος,
1181 4971 1270 5023 καί
1299 4970 1389 5023 τὸν
1427 4967 1704 5044 βασίλειον
1743 4973 1820 5042 τῷ
1853 4968 2118 5042 Βασιλείῳ
2140 4967 2450 5044 περιτίθησι
2477 4965 2939 5041 στέφανον,ἓκτην
2971 4969 3108 5043 πρὸς
3142 4968 3340 5022 εἷ’κοσιν
3371 4970 3592 5042 ἄγοντος

177 5063 279 5115 τοῦ
311 5060 485 5113 Μαΐου
523 5058 697 5132 μηνὸς
723 5065 822 5127 τῆς
858 5055 920 5112 ιδ¹
948 5057 1340 5130 ἐπινεμήσεως.

248 5151 428 5205 Τοῦτο
463 5130 646 5221 μαθὼν
677 5147 704 5201 6
772 5143 1084 5221 Συμϐείτιος
1121 5148 1355 5222 μετρίως
1417 5149 1516 5203 οὐκ
1580 5147 1827 5223 ἤγεγκεν,

2012 5150 2130 5203 Hoc
2150 5147 2254 5203 ubi
2275 5147 2515 5202 rescivit
2548 5146 2902 5216 Symbatius,
2936 5147 3139 5218 inique
3159 5147 3310 5212 tulit,
3347 5151 3592 5202 nactus-

172 5237 324 5294 ἄλλα
350 5238 608 5314 συνεργὸν
641 5236 883 5315 εἰληφὼς
927 5238 1013 5292 καὶ
1074 5237 1164 5290 τὸν
1220 5239 1505 5311 πατρίκιον
1561 5238 1820 5311 Πηγάνην

172 5327 577 5403 (στρατηγὲτης
608 5323 666 5380 δὶ
713 5323 874 5386 οὗτος
904 5330 1000 5380 τοῦ
1052 5325 1303 5400 Ὀψικίου
1363 5325 1654 5403 ἐτύγχανε)
1688 5326 1825 5398 πρὸς

169 5414 471 5471 ἂπόστασιν
504 5411 668 5483 εἶδον,
705 5413 937 5492 Μιχαὴλ
1001 5415 1095 5487 μὲν
1155 5415 1530 5491 εὐφημοῦντες
1586 5416 1677 5469 τὸν
1729 5417 1823 5488 βα-

175 5502 356 5570 σιλάα,
387 5505 471 5576 [Ρ.
499 5503 629 5575 567]
663 5502 736 5563 ὡς
768 5499 828 5556 ἄν
858 5503 917 5556 ὲκ
944 5501 1138 5556 τούτου
1194 5505 1260 5556 τὰ
1315 5502 1502 5573 πλήθη
1538 5501 1822 5578 ἐπάγοιντο

172 5594 265 5649 καὶ
303 5593 378 5666 μὴ
413 5589 622 5646 δοκοῖεν
680 5591 873 5665 χεῖρας
933 5591 1101 5664 αἳρειν
1159 5593 1293 5646 κατὰ
1331 5597 1428 5646 τοῦ
1494 5590 1820 5668 αὐτοκράτοι

176 5701 295 5759 ρος,
355 5677 762 5758 δυσφημοῦντες
817 5676 874 5734 δὶ
938 5681 1032 5734 τὸν
1101 5678 1385 5735 Βασίλειον
1442 5681 1536 5735 καὶ
1597 5679 1818 5757 μυρίαις

1936 5253 2050 5306 que
2082 5237 2314 5291 socium
2348 5233 2630 5288 facinoris
2672 5235 2965 5306 Peganem
3007 5235 3342 5305 patricium.
3373 5235 3589 5305 Opsioii

1939 5326 2308 5397 prafectum,
2341 5323 2729 5379 rebellionem
2763 5329 2849 5378 est
2880 5325 3141 5380 molitus.
3167 5325 3512 5379 Michaelem
3547 5326 3587 5379 ii

1934 5416 2360 5485 imperatorem
2388 5413 2597 5467 faustis
2628 5413 2866 5468 vocibus
2911 5413 3256 5483 probabant,
3290 5419 3356 5468 ut
3386 5414 3589 5469 multi-

1935 5504 2205 5558 tudinem
2229 5502 2340 5557 sibi
2365 5502 2774 5566 conciliarent,
2809 5517 3003 5572 neque
3025 5502 3360 5558 viderenter
3380 5510 3588 5559 contra

1935 5608 2106 5649 suum
2140 5593 2564 5662 imperatorem
2588 5603 2800 5646 manus
2825 5591 3055 5661 tollere,
3077 5593 3358 5648 Basilium
3386 5601 3584 5650 autem

1931 5681 2346 5754 improbabant
2373 5693 2441 5737 ac
2497 5680 2748 5737 inﬁnitis
2779 5682 3244 5754 prosoindebant
3268 5683 3575 5739 conviciis.

3454 379 3609 438 1086
3697 369 3700 372 ’
