4054 6286
536 373 696 435 1087

1682 368 2220 430 HISTORIARUM
2264 368 2821 433 COMPENDIUM.

3741 376 3855 437 1088

539 513 673 566 Hzec
694 514 897 564 instate
922 506 1266 580 agebantur.
1299 504 1412 561 Sed
1444 510 1508 559 ut
1536 505 1731 560 hiems
1750 503 1903 571 iniit,
1937 503 2179 574 dissipa-

2304 501 2601 565 πλύνοντες
2631 498 2839 578 ὕϐρεσι.
2871 503 2975 561 Καὶ
3013 506 3183 559 ταῦτα
3243 503 3336 576 μὲν
3387 502 3653 579 ἐπράττετο
3697 507 3852 585 θέρους

543 607 602 656 ta
623 606 712 655 est
732 600 860 654 haec
879 599 1077 664 coitio,
1112 596 1363 652 ducibus
1385 595 1629 651 sceleris
1651 594 1788 666 fuga
1804 593 1916 648 sibi
1941 592 2195 648 salutem

542 689 965 761 quaarentibns.
1000 687 1340 760 Symbatius
1386 687 1591 741 Latum
1637 700 1845 740 saxum
1878 684 2078 738 ιοοι
2111 683 2195 753 (id

542 784 631 834 est
687 779 840 835 Asiae
891 777 1202 833 castellum
1254 775 1555 831 excelsum
1597 779 1655 829 et
1701 772 2193 843 munitissimum)

538 868 797 937 intravit,
859 870 1120 939 Peganes
1190 866 1513 937 Cotyaaium
1588 863 1846 918 obtinuit
1934 860 2191 931 Uterque

534 960 713 1030 paulo
766 963 902 1028 post
942 962 1311 1029 expugnatus
1342 955 1403 1008 in
1432 952 1684 1007 vinculis
1713 957 1803 1007 est
1832 950 1905 1006 ad
1935 952 2191 1022 impera-

538 1053 728 1101 torem
754 1046 1095 1118 perductus.
1119 1044 1286 1100 Oculi
1320 1044 1392 1097 iis
1416 1042 1639 1109 eﬁ‘ossi,
1662 1040 1963 1112 Symbatio
1986 1040 2193 1095 dextra

538 1141 864 1208 amputata,
896 1152 1077 1190 nasus
1106 1134 1343 1204 Pegani,
1380 1137 1439 1186 et
1467 1130 1713 1202 relegati
1746 1134 1905 1187 sunt.

538 1244 724 1299 ρονται
753 1224 845 1278 τὸν
886 1220 1132 1297 βασιλέα·
1168 1221 1221 1275 οἳ
1251 1220 1339 1275 καὶ
1368 1218 1497 1280 τοὺς
1528 1215 1849 1295 ὀφθαλμοὺς
1880 1215 2248 1291 πηρωθέντες,

535 1314 654 1386 ῥῖνα
684 1311 742 1367 δὲ
773 1314 802 1367 6
835 1312 1092 1386 Πηγάνης
1117 1309 1481 1382 ἀποτμηθεὶς,
1512 1307 1743 1382 ἐξορίαις
1772 1307 2250 1381 παραπέμπονται.

608 1403 899 1460 Omnibus
948 1406 1213 1458 Romano
1273 1400 1523 1471 imperio
1576 1397 1828 1454 subditis
1870 1403 2038 1471 grata
2075 1399 2189 1453 fuit

538 1491 739 1547 Basilii
785 1490 1138 1563 designatio,
1171 1488 1548 1560 cupientibus
1579 1503 1714 1542 eum
1761 1486 1957 1541 virum
1986 1486 2184 1541 videre

531 1581 605 1637 ad
636 1580 867 1636 clavum
897 1578 1243 1651 reipublicae
1267 1577 1595 1643 sedentem,
1626 1576 1727 1646 qui
1758 1575 1972 1646 privati
1993 1574 2183 1631 fortu-

532 1685 672 1726 nam
703 1674 982 1741 expertus
1012 1684 1135 1723 non
1186 1668 1487 1739 ignoraret
1530 1664 1830 1737 quomodo
1861 1663 2120 1719 humiles
2151 1681 2187 1721 a

2305 591 2520 666 χειμὼν
2579 589 2626 646 δ’
2683 591 2901 654 ἐπιστὰς
2959 592 3056 654 τὰς
3114 591 3390 656 συστάσεις
3440 593 3629 649 τούτων
3678 593 3854 670 διέλυσε,

2302 684 2412 735 τῶν
2435 679 2700 755 ἀρχηγῶν
2727 688 2828 751 τῆς
2889 681 3146 745 ἀπονοίας
3195 686 3339 759 φυγῇ
3369 682 3464 751 τὴν
3510 685 3743 758 σωτηρίαν
3764 707 3857 756 πρα-

2303 771 2783 844 γματευσαμένων.
2850 771 2914 827 Ὀ
2975 770 3070 843 μὲν
3127 768 3221 825 οὖν
3294 766 3587 843 Συμϐάτιος
3629 774 3712 842 τήν
3756 775 3857 830 υλα-

2300 863 2447 912 τεῖαν
2493 859 2693 933 πέτραν
2742 857 3023 937 (φρούριον
3077 856 3136 914 δὲ
3173 863 3335 915 τοῦτο
3388 859 3601 935 ἐρυμνὸν
3643 864 3717 917 καὶ
3760 861 3856 920 δυσ-

2303 946 2517 1002 άλωτον
2539 948 2676 1002 κατὰ
2704 949 2804 1017 τήν
2834 947 3021 1005 Ἀσίαν
3074 945 3432 1022 διακείμενον)
3486 948 3856 1030 ἐπεισέρχεται,ὁ

2303 1035 2360 1093 δὲ
2399 1039 2660 1115 Πηγάνης
2689 1040 2922 1116 κατέσχε
2967 1042 3030 1096 τὸ
3081 1043 3391 1099 Κοτυάειον.
3429 1039 3596 1099 Ἀλλὰ
3639 1045 3750 1116 μετὰ
3790 1067 3854 1117 μι-

2301 1129 2431 1201 κρὸν
2462 1127 3006 1203 καταπολεμηθέντες
3064 1128 3280 1204 δέσμιοι
3338 1132 3469 1202 πρὸς
3524 1130 3666 1188 αὐτὸν
3714 1133 3855 1214 duet-

2297 1216 2387 1272 καὶ
2438 1218 2662 1292 προσέτι
2719 1218 2927 1275 τούτων
2950 1220 3051 1289 τήν
3081 1220 3176 1292 μὲν
3208 1217 3385 1291 δεξιὰν
3416 1221 3443 1274 6
3476 1216 3765 1294 Συμὸάτιος,
3787 1226 3856 1292 τὴν

2367 1396 2570 1460 Πάντες
2605 1394 2653 1452 δ’
2679 1397 3063 1477 ηὐφράνθησαν
3091 1399 3177 1454 ἐπὶ
3225 1403 3296 1473 τῇ
3351 1398 3627 1477 ἀναῤῥήσει
3658 1404 3736 1454 τοῦ
3778 1403 3856 1457 Βα-

2297 1483 2506 1541 σιλείου
2538 1486 2595 1540 οἱ
2619 1493 2719 1555 τῆς
2748 1488 3037 1563 Ῥωμαίων
3089 1486 3371 1563 βασιλείας
3427 1488 3666 1559 ὑπήκοοι,
3701 1487 3858 1566 γλιχό-

2298 1595 2450 1649 μενοι
2483 1572 2649 1651 άνδρα
2670 1576 2958 1634 θεάσασθαι
2991 1577 3079 1633 ἐπὶ
3107 1583 3217 1634 τῶν
3250 1577 3449 1634 οἰάκων
3502 1583 3595 1648 τῆς
3648 1576 3858 1653 βασιλείας

2291 1667 2595 1738 καθήμενον
2631 1664 2917 1738 ἰδιωτικῆς
2945 1689 3003 1724 τε
3032 1668 3209 1739 τύχης
3276 1667 3649 1744 πεπειραμένον
3689 1668 3760 1723 καὶ
3804 1670 3857 1741 μὴ

534 1758 878 1831 potentibus
910 1761 1326 1812 tractarentur.
1362 1759 1655 1810 Praeterea
1698 1754 2014 1809 molestum
2059 1758 2179 1809 erat

2294 1752 2591 1829 ἀγνοοῦντα
2619 1758 2710 1811 οἷα
2756 1757 3063 1836 πάσχουσὶν
3124 1757 3229 1813 ὑπὸ
3286 1762 3394 1813 τῶν
3455 1755 3782 1831 δυνατωτέρων
3823 1757 3859 1811 οἱ

537 1830 804 1902 Michaeli
838 1846 1180 1918 imperium,
1207 1844 1478 1900 dissoluti
1503 1844 1777 1911 nimium,
1798 1842 2069 1914 nullique
2100 1842 2179 1898 rei

2299 1843 2691 1920 ταπεινότεροι.
2726 1846 2951 1902 Ἐλόπει
2980 1845 3083 1924 γὰρ
3133 1846 3330 1908 αὐτοὺς
3390 1846 3479 1901 καὶ
3533 1848 3566 1915 ἡ
3612 1850 3696 1900 τοῦ
3750 1845 3859 1921 βιαι-

537 1954 717 2008 quam
776 1934 1308 1991 comessationibus
1366 1939 1425 1989 et
1475 1932 1733 2004 crapulm
1791 1931 1975 1987 dediti
2007 1937 2186 2003 atque

534 2025 1003 2099 aurigationibus
1056 2025 1397 2095 scurrisque
1428 2028 1487 2078 et
1529 2022 1662 2078 aliis
1693 2021 1826 2077 istis
1857 2021 2187 2077 decantatis

533 2116 731 2189 nugis,
761 2131 1015 2185 quarum
1047 2131 1228 2186 supra
1277 2112 1470 2169 obiter
1498 2111 1866 2167 mentionem
1914 2111 2183 2166 fecimus.

534 2205 695 2260 Idem
727 2205 1005 2260 aerarium
1036 2220 1174 2259 cum
1205 2203 1410 2258 effusis
1441 2201 1504 2256 in
1534 2200 1823 2267 cinaedos,
1854 2200 2181 2256 sambucis-

533 2295 701 2362 trias,
747 2293 1074 2349 saltatrices
1126 2292 1426 2363 aliamque
1472 2291 1844 2363 impurorum
1873 2290 2185 2346 hominum

533 2390 831 2439 catervam
890 2381 1309 2454 largitionibus
1368 2380 1740 2436 exhausisset
1777 2380 1926 2435 etin
1956 2383 2185 2435 arctum

2296 1929 2439 1997 λέως
2502 1931 2736 2009 Μιχαὴλ
2776 1935 2924 2011 ἀρχὴ
2985 1933 3106 1991 λίαν
3171 1936 3310 2012 ὑγρὰ
3372 1935 3462 1991 καὶ
3518 1932 3857 2008 ἐκδεδιῃτημένη

2298 2020 2641 2101 ὑπάρχουσα,
2698 2022 2790 2078 καὶ
2862 2021 3032 2097 μηδὲν
3091 2022 3233 2082 ἄλλο
3291 2023 3447 2100 ἔργον
3492 2019 3679 2099 ἔχουσα
3702 2021 3857 2091 ἀλλ’ἢ

2293 2111 2518 2183 κώμους
2601 2114 2692 2167 καὶ
2793 2112 2989 2187 μέθας,
3082 2113 3174 2169 καὶ
3259 2115 3581 2185 εὐθηνοῦσαι
3656 2109 3859 2181 ἱπποδρο·

2298 2198 2423 2272 μίαν
2452 2201 2542 2256 καὶ
2571 2199 2987 2276 γελωτοποιοὺς
3024 2202 3114 2257 καὶ
3143 2202 3241 2265 τὰς
3278 2201 3457 2266 ἄλλας
3512 2203 3602 2265 τὰς
3649 2201 3857 2275 1:1chan-

2295 2288 2539 2362 λημένας
2595 2294 2705 2345 τῶν
2767 2290 3034 2367 πράξεων,
3086 2292 3162 2346 ὧν
3230 2292 3309 2355 ὡς
3369 2291 3421 2347 ἐν
3480 2289 3685 2365 παρόδῳ
3728 2289 3859 2362 μνείαν

2293 2377 2492 2443 ἃνωθεν
2526 2382 2554 2434 6
2586 2378 2754 2457 λόγος
2787 2378 2878 2436 διὰ
2908 2381 3161 2457 βραχέων
3218 2376 3393 2453 ἔθετο,
3440 2383 3563 2444 τοὺς
3616 2378 3863 2457 βασιλικοίις

2293 2467 2601 2541 θησαυροὺς
2657 2466 2921 2532 κιναίδοις
2965 2471 3056 2526 καὶ
3110 2466 3557 2547 σαμϐυκιστρίαις
3607 2471 3688 2526 καὶ
3735 2468 3864 2545 ὀρχη-

2293 2557 2469 2627 στρίσι
2497 2557 2589 2612 καὶ
2617 2557 2938 2614 ἀκολάστων
2999 2558 3146 2615 ὅλων
3206 2558 3419 2631 πληθύϊ
3474 2558 3720 2634 δικράνοις
3755 2555 3865 2617 ὅλοις

2290 2644 2709 2709 ἆποκενοῦντος.
2763 2648 2882 2725 Ἀφ’
2939 2646 3014 2703 ὧν
3071 2650 3140 2704 τὰ
3198 2649 3295 2723 μὲν
3369 2650 3645 2721 Ῥωμαίων
3711 2645 3863 2702 ἐστενο-

2292 2740 2531 2809 χωρεῖτο
2560 2738 2875 2812 πράγματα,
2924 2735 3085 2799 αὐτὸς
3152 2734 3211 2793 δὶ
3264 2738 3747 2817 στενοχωρούμενος
3792 2733 3865 2787 ὑπὸ

2286 2831 2387 2895 τῆς
2413 2822 2633 2896 ἐνδείας,
2654 2827 2745 2881 καὶ
2778 2828 2855 2900 μή
2900 2821 3046 2903 ἔχων
3106 2827 3136 2883 6'
3194 2849 3247 2883 τι
3278 2829 3372 2884 καὶ
3425 2826 3674 2903 δράσειεν,
3702 2822 3866 2883 ἀδίκους

2288 2913 2494 2988 πόρους
2543 2914 2817 2972 ἐπενοεῖτο
2875 2916 2953 2980 εἷς
3010 2917 3295 2992 θεραπείαν
3355 2919 3502 2992 τάχα
3571 2924 3662 2986 τῆς
3704 2912 3864 2989 χρείας,

2285 3003 2375 3058 καὶ
2411 3009 2603 3079 χεῖρας
2632 3005 2883 3067 ἀνοσίους
2912 3000 3186 3062 ἐπέϐαλλε
3222 3012 3344 3070 τοῖς
3394 3007 3532 3063 κατὰ
3584 3001 3731 3079 μηδὲν
3758 3001 3865 3061 ὅλως

2287 3093 2436 3165 αὐτῷ
2459 3095 2819 3169 προσήκουσι.
2854 3095 3154 3165 Κατέπαιζε
3185 3092 3244 3151 δὲ
3301 3096 3395 3151 καὶ
3451 3099 3556 3151 τῶν
3585 3093 3723 3149 θείων
3773 3089 3869 3165 μετὰ

533 2487 660 2526 rem
694 2473 1021 2526 Romanam
1051 2470 1361 2541 coegisset,
1396 2467 1611 2523 deinde
1642 2467 1847 2538 inopia
1876 2470 2184 2537 premente

531 2577 667 2616 cum
692 2577 811 2630 quo
834 2576 897 2615 se
918 2564 1173 2614 verteret
1190 2574 1310 2613 non
1336 2556 1600 2625 haberet,
1628 2556 1882 2627 injustas
1903 2554 2182 2626 parandas

530 2665 649 2720 qua
670 2647 1129 2704 necessitatibus
1151 2647 1274 2702 suis
1288 2646 1630 2702 mederetur
1639 2644 1907 2716 pecunias
1919 2644 2182 2701 rationes

529 2738 900 2809 excogitavit,
946 2752 1277 2807 manusque
1328 2735 1540 2806 impias
1588 2733 1765 2789 rebus
1814 2733 1965 2788 nihil
2012 2734 2087 2789 ad
2119 2751 2182 2789 se

528 2825 968 2898 pertinentibus
986 2825 1202 2880 intulit.
1227 2824 1380 2889 Quin
1403 2828 1462 2878 et
1482 2839 1615 2878 cum
1639 2827 1792 2878 cmtu
1814 2822 2181 2878 nefariorum

530 2921 708 2987 atque
740 2915 1155 2971 obscmnorum
1178 2912 1543 2969 cinaedorum
1563 2910 1744 2967 rebus
1766 2912 1951 2966 sacris
1973 2911 2181 2967 illude-

528 3004 650 3073 bat,
677 3004 1028 3074 nullumque
1060 3008 1188 3058 erat
1217 3002 1367 3058 adeo
1397 3000 1707 3056 infandum
1740 3001 1944 3056 1002
1985 3000 2179 3056 scelus

527 3094 686 3165 quod
719 3094 769 3148 is
801 3109 937 3150 cum
968 3094 1091 3148 suis
1122 3091 1368 3147 asseclis
1396 3090 1588 3147 verbis
1616 3106 1798 3161 reque
1829 3105 1952 3144 non
1973 3106 2180 3161 perpe-

526 3188 730 3239 traret.
781 3186 827 3237 A
850 3182 1066 3253 quibus
1097 3197 1231 3237 cum
1264 3197 1400 3237 eum
1431 3184 1697 3236 avertere
1721 3178 1988 3234 studeret
2015 3179 2179 3235 Basi-

2293 3187 2503 3258 μικρῶν
2565 3184 2654 3237 καί
2713 3183 2961 3259 ἀσελγῶν
3024 3180 3390 3261 ἀνδρογύνων·
3475 3183 3563 3239 καὶ
3641 3178 3771 3238 οὐδὲν
3819 3179 3866 3248 ἦν

525 3274 644 3329 lius
701 3288 950 3342 remque
1006 3271 1222 3343 saapius
1282 3274 1586 3337 tentasset,
1619 3285 1740 3323 non
1799 3268 1977 3324 modo
2025 3268 2178 3324 nihil

2291 3271 2720 3349 ἀρῤητούργημα
2757 3272 2787 3327 ’ὁ
2816 3273 2893 3345 μὴ
2926 3271 2994 3327 δι’
3027 3272 3196 3328 αὐτοῦ
3223 3275 3320 3328 καὶ
3377 3278 3487 3329 τῶν
3517 3272 3691 3333 ἄλλως
3739 3282 3871 3345 παρα-

528 3362 743 3426 effecit,
776 3360 878 3415 sed
904 3365 961 3414 et
989 3364 1198 3414 contra
1229 3375 1289 3413 se
1318 3358 1670 3412 Michaelum
1698 3357 1948 3413 irritavit
1969 3362 2175 3428 estque

2291 3360 2628 3440 τρεφομένων
2659 3360 2811 3431 αὖτῷ
2841 3360 2930 3416 καὶ
2963 3359 3183 3438 ἐλέγετο
3240 3361 3336 3417 καὶ
3396 3361 3694 3440 ἐπράττετο.
3741 3360 3870 3415 Ἀπο-

528 3452 601 3507 ab
653 3467 720 3504 eo
757 3450 991 3504 insidiis
1021 3449 1262 3519 petitus,
1295 3453 1362 3501 ut
1393 3464 1573 3518 supra
1601 3447 1934 3502 docuimus.
1968 3449 2174 3518 Itaque

2291 3451 2495 3524 τρέπειν
2554 3446 2612 3504 δέ
2666 3454 2774 3504 τῶν
2829 3451 3093 3505 τοιούτων
3171 3449 3453 3525 ἀθεμίτων
3515 3447 3677 3526 ἔργων
3724 3451 3868 3503 τοῦτον

527 3538 975 3597 continentibus
996 3539 1374 3610 imperatoris
1394 3543 1601 3592 contra
1632 3554 1693 3592 se
1716 3537 2177 3594 machinationi-

2291 3539 2625 3617 βουλόμενος
2652 3541 2680 3595 ὁ
2712 3541 3000 3605 Βασίλειος
3035 3539 3320 3606 πολλάκις
3370 3544 3635 3619 πειραθεὲς
3663 3539 3716 3596 οὗ
3746 3538 3866 3613 μόνον

526 3631 637 3686 bus
668 3628 1017 3701 perterritus
1045 3632 1398 3700 praavertere
1432 3626 1792 3682 maleﬁcium
1817 3628 2023 3682 statuit
2046 3634 2178 3683 tan—

2291 3629 2384 3684 οὖκ
2399 3629 2616 3703 ἲσχυσε,
2653 3628 2869 3701 μᾶλλον
2903 3629 3000 3702 μὲν
3031 3627 3125 3684 οὖν
3182 3630 3271 3685 καὶ
3335 3634 3475 3705 πρὸς
3515 3631 3673 3707 ὀργὴν
3724 3625 3870 3699 ἀνηρέ-

527 3720 873 3790 dem,reque
892 3732 1027 3773 cum
1047 3716 1401 3788 quibusdam
1424 3716 1547 3771 suis
1568 3716 1943 3785 necessariis,
1959 3733 2178 3790 cogna-

2291 3731 2420 3787 υισε,
2450 3717 2541 3774 καὶ
2575 3715 2804 3791 μελετᾷν
2854 3720 2970 3774 κατ’
3028 3719 3196 3775 αὑτοῦ
3256 3721 3425 3776 σκαιὰ
3476 3720 3562 3774 καὶ
3613 3716 3761 3773 ἄτοπα
3803 3714 3868 3767 ἆν-

528 3814 603 3869 tis
652 3828 720 3867 ac
769 3809 1211 3866 excubitoribus
1259 3809 1461 3881 palatii
1515 3809 1868 3880 composita,
1901 3808 2072 3864 illum
2113 3809 2175 3863 in

2291 3807 2519 3878 εκίνησε,
2547 3809 2727 3869 καθὼς
2767 3807 2820 3863 ἐν
2872 3813 2990 3872 τοῖς
3045 3804 3353 3882 ἔμπροσθεν
3417 3809 3638 3884 εἴρηται.
3686 3810 3789 3865 Ταῖς
3832 3800 3868 3855 δὲ

525 3902 746 3975 palatio
770 3901 893 3956 Divi
915 3901 1227 3956 Mamantis
1249 3899 1566 3954 interfecit.

2291 3897 2401 3951 κατ’
2502 3895 2666 3951 αὐτοῦ
2768 3897 3047 3973 συνεχέσιν
3150 3893 3481 3961 ἐπιϐουλαῖς
3536 3897 3622 3953 καὶ
3677 3892 3867 3969 μελέταις

527 3988 945 4063 ἐκδειματωθεὶς
975 3990 1003 4044 6
1039 3986 1323 4049 Βασίλειος
1357 3986 1546 4061 δρᾶσαί
1577 4008 1627 4042 τι
1667 3985 1881 4060 μᾶλλον
1912 3987 2020 4062 πρὸ
2049 3991 2146 4042 τοῦ
2176 3989 2365 4043 παθεῖν
2422 3987 2757 4061 ἠγωνίσατο’
2826 3989 3022 4045 οὐκοῦν
3087 3988 3177 4045 καί
3235 3987 3730 4066 παρασκευσάμενος
3773 3980 3868 4055 μετά

526 4098 690 4134 τινων
720 4077 936 4133 οἰκείων
962 4098 1022 4133 τε
1045 4077 1134 4132 καὶ
1167 4083 1443 4154 συγγενῶν
1467 4077 1557 4131 καὶ
1591 4080 1699 4132 τῶν
1727 4074 2074 4151 παρακοίτων
2103 4075 2155 4130 ἐν
2195 4081 2310 4139 τοῖς
2345 4076 2649 4152 βασιλείοις
2703 4082 3047 4153 στρατιωτῶν
3102 4079 3317 4155 ἀναιρεῖ
3361 4081 3456 4136 τὸν
3492 4077 3701 4157 βασιλέα
3725 4074 3866 4130 ἐντοᾶ

521 4165 809 4228 παλατίοις
832 4169 929 4222 τοῦ
961 4167 1150 4241 Ἀγίου
1185 4164 1425 4242 μεγάλου
1460 4164 1735 4240 μάρτυρος
1762 4166 2085 4237 Μάμαντος.

596 4260 762 4314 Hunc
807 4257 991 4312 tinem
1042 4256 1307 4311 Michaeli
1361 4256 1559 4311 niollis
1605 4272 1674 4311 ac
1724 4255 2014 4311 dissoluta
2060 4256 2179 4310 vita

522 4345 750 4401 habuit.
783 4348 863 4401 Eo
895 4346 1145 4410 sublato,
1181 4345 1378 4400 statim
1407 4344 1660 4400 Basilius
1682 4345 1939 4416 primum
1971 4361 2006 4399 a
2036 4362 2179 4400 con-

522 4435 846 4505 jurationis
904 4434 1101 4499 sociis,
1131 4433 1347 4488 deinde
1392 4450 1426 4488 a
1474 4438 1682 4488 senatu
1732 4437 1792 4486 et
1832 4433 2178 4489 cohortibus

526 4524 926 4595 imperatoriis
948 4530 1008 4577 et
1038 4524 1199 4577 omni
1225 4523 1486 4577 exercitu
1518 4528 1695 4591 atque
1718 4522 1946 4577 urbana
1970 4523 2171 4577 multi-

2360 4254 2463 4311 Καὶ
2494 4254 2730 4330 Μιχαὴλ
2765 4256 2861 4329 μέν
2894 4255 3037 4311 οὕτω
3097 4235 3255 4331 βιοὺς
3314 4258 3607 4333 ἀνειμένως
3658 4255 3735 4310 καὶ
3762 4249 3866 4323 μαλ-

2288 4344 2468 4406 θακῶς
2498 4349 2743 4400 τοιοῦτον
2775 4346 2864 4401 καὶ
2921 4346 2983 4401 τὸ
3038 4344 3199 4409 τέλος
3254 4345 3499 4419 ἐδέξατο,
3559 4342 3867 4420 ἀναγορεύετιι

2288 4429 2347 4487 δὲ
2379 4431 2660 4507 μόναρχος
2690 4432 2846 4498 εὐθὺς
2901 4436 2929 4490 6
2989 4433 3277 4499 Βασίλειος
3334 4439 3485 4511 παρά
3538 4458 3593 4493 τε
3638 4439 3732 4491 τῶν
3776 4450 3867 4484 σινέ-

2286 4527 2520 4594 ωμοτῶν
2576 4527 2814 4598 πρῶτον,
2869 4525 2985 4580 εἶτα
3039 4526 3130 4580 καὶ
3186 4533 3287 4596 τῆς
3350 4526 3662 4605 συγκλήτου
3712 4518 3866 4598 βουλῆς

524 4582 729 4667 tudine
763 4613 1089 4683 imperator
1120 4617 1208 4666 est
1232 4582 1693 4666 declaratus-Ut
1725 4611 1981 4682 primum
2005 4628 2172 4666 occe-

2291 4610 2374 4664 καὶ
2402 4614 2513 4665 τῶν
2546 4610 2848 4685 βασιλικῶν
2880 4613 3174 4687 ταγμάτων
3206 4615 3299 4669 καὶ
3360 4617 3560 4677 παντὸς
3614 4616 3702 4668 τοῦ
3746 4624 3866 4680 στρα-

523 4701 612 4771 pit
662 4700 1001 4772 imperium,
1035 4706 1243 4755 senatu
1295 4718 1361 4756 ac
1404 4699 1848 4771 magistratibus
1879 4700 2177 4755 advocatis

523 4790 801 4844 mrarium
852 4790 1230 4861 imperatoris
1280 4790 1534 4859 aperuit,
1569 4788 1750 4857 inque
1798 4805 1868 4843 eo
1908 4788 1981 4843 de
2011 4795 2179 4845 tanta

522 4877 791 4952 pecuniaa
822 4881 992 4951 copia
1023 4880 1177 4934 nihil
1211 4878 1507 4947 reliquum
1540 4877 1767 4930 invenit
1791 4883 2006 4947 printer
2039 4879 2175 4946 tria,

523 4977 588 5024 ut
608 4969 1551 5036 diximus,centenaria.Quaerens
1564 4971 1760 5019 autem
1782 4981 2174 5037 expensarum

520 5058 775 5125 tabulas,
807 5064 865 5112 et
894 5075 994 5113 eas
1021 5073 1205 5129 penes
1248 5054 1564 5125 quemdam
1599 5070 1803 5108 senem
1834 5056 2173 5111 eunuchum

520 5149 848 5219 reperiens,
884 5147 984 5201 ubi
1042 5143 1440 5216 deprehendit
1490 5160 1772 5213 quorsum
1824 5160 1892 5198 ea
1925 5146 2176 5215 pecunia

520 5244 675 5291 esset
706 5236 864 5299 data,
901 5233 1290 5307 optimatibus
1321 5249 1446 5287 rem
1478 5232 1923 5288 deliberandam
1956 5249 2176 5306 propo-

521 5328 657 5381 suit.
692 5327 799 5391 Qui
832 5343 968 5381 cum
1017 5342 1140 5381 una
1185 5323 1483 5379 sententia
1512 5322 1911 5378 decrevissent
1959 5324 2173 5380 debere

521 5415 730 5471 ποθι
753 5432 853 5469 eos
882 5415 984 5485 qui
1016 5414 1331 5485 pecuniam
1362 5411 1536 5467 malis
1567 5412 1898 5467 rationibus
1919 5414 2175 5484 accepis-

520 5507 676 5563 sent,
710 5518 838 5557 eam
872 5503 1083 5557 aerario
1115 5502 1451 5558 restituere.
1484 5501 1611 5571 ipse
1644 5501 1910 5572 mitigata
1932 5508 2176 5557 senten-

518 5590 600 5646 tia
621 5587 935 5645 dimidium
984 5590 1151 5646 reddi
1169 5590 1370 5661 jussit.
1404 5590 1522 5643 Hoc
1553 5588 1730 5665 modo
1754 5595 2019 5646 trecenta
2043 5591 2172 5646 auri

517 5679 867 5736 centenaria
892 5679 1101 5733 mrario
1125 5681 1477 5747 recuperata
1506 5682 1662 5731 sunt.
1689 5678 1849 5732 Inter
1875 5679 2173 5750 recipien-

2283 4699 2553 4772 τεύματος
2590 4700 2680 4754 καὶ
2737 4708 2837 4770 τῆς
2888 4700 3137 4772 πληθύος
3194 4710 3297 4773 τῆς
3353 4706 3446 4777 [Ρ.
3505 4703 3625 4777 568]
3677 4699 3867 4762 ἀπικῆξ·

2285 4790 2439 4861 Ἀμα
2468 4785 2524 4843 δέ
2578 4793 2658 4861 τῷ
2713 4790 3003 4864 παρελθεῖν
3052 4790 3139 4847 ἐπὶ
3198 4795 3302 4862 τὴν
3364 4799 3475 4849 τῶν
3528 4790 3665 4848 ὅλων
3715 4785 3867 4860 ἆρχῆνι

2284 4874 2800 4952 προσκαλεσάμενος
2830 4878 3019 4934 αὐτίκα
3070 4881 3171 4950 τὴν
3219 4882 3508 4956 γερουσίαν
3559 4879 3644 4937 καὶ
3692 4875 3796 4936 τοὺς
3832 4870 3867 4924 ἓν

2285 4967 2556 5038 ἀξιώμασι
2588 4968 2954 5046 προῦχοντας,
3012 4969 3105 5023 τὸν
3163 4970 3458 5044 βασιλικὸν
3514 4970 3697 5041 ἡνὲῳξε
3720 4968 3869 5034 θησαυ-

2285 5054 2400 5128 ρὸν,
2432 5054 2520 5109 καὶ
2571 5051 2723 5110 οὐδὲν
2782 5054 2963 5132 ἕτερον
3021 5057 3082 5114 ἐκ
3128 5057 3396 5115 τοσούτου
3451 5065 3561 5115 τῶν
3623 5053 3868 5133 χρημάτων

2284 5141 2532 5213 πλήθους
2584 5142 2777 5219 εὑρέθη
2846 5143 2896 5199 εἰ
2951 5148 3051 5219 μὴ,
3110 5146 3186 5209 ὡς
3247 5146 3343 5202 καὶ
3411 5147 3636 5220 πρόσθεν
3688 5142 3867 5218 εἴρηταιν

2280 5230 2407 5306 τρία
2436 5231 2573 5303 μόνα
2604 5234 2947 5309 κεντηνάρια.
3000 5238 3248 5306 Ζητήσας
3309 5236 3407 5290 οὖν
3443 5239 3472 5291 6
3525 5232 3753 5311 βασιλεὺς
3796 5229 3867 5293 τήν
3946 5244 3947 5311 γ

2281 5286 2382 5390 τὴς
2414 5286 2605 5390 ἐξόδου
2635 5286 2987 5403 ἀπογράφθμ,
3016 5286 3106 5379 καὶ
3134 5286 3372 5392 ,ταῖὂτην
3417 5286 3592 5401 εὑρῶν
3647 5322 3771 5392 παρά
3792 5335 3868 5371 τινι
3946 5286 3947 5355 ί

2283 5406 2501 5482 γέροντι
2559 5408 2829 5487 εὔνούχῳ,
2886 5413 2977 5468 καὶ
3039 5413 3222 5485 μαθὼν
3275 5413 3392 5485 ὅπη
3455 5418 3619 5470 ταῦτα
3651 5409 3868 5489 ἐχώρησε,

2296 5444 2501 5482 ιῑμυνιι
2559 5444 2829 5487 ιυνυυιψ,
2888 5444 2977 5468 και
3039 5444 3222 5485 μπυων
3275 5444 3392 5485 Uini
3456 5444 3617 5470 ταυτα
3651 5444 3868 5489 διωγίίυη

2290 5498 2500 5573 βουλὴν
2529 5501 2654 5577 περὶ
2682 5501 2881 5558 τούτου
2940 5504 3207 5579 προῦθετο
3256 5510 3381 5569 τοῖς
3436 5505 3687 5580 ἀρίστοις.
3718 5502 3868 5574 Ψήφου

2290 5584 2341 5642 δὲ
2370 5589 2518 5664 παρὰ
2547 5591 2761 5644 πάντων
2794 5588 3045 5663 δοθείσης
3076 5590 3314 5655 ἐκείνους
3374 5593 3505 5655 τοὺς
3557 5596 3724 5652 κακῶς
3746 5583 3867 5642 ruit!

2283 5584 2341 5642 δέ
2370 5589 2518 5664 παρὰ
2547 5591 2761 5644 πάντων
2794 5588 3045 5663 δοθείσης
3076 5590 3314 5655 ἐκείνους
3374 5593 3505 5655 τοὺς
3557 5596 3724 5652 κακῶς
3746 5583 3867 5642 wit!

2285 5672 2551 5740 Λαϐόντας
2583 5678 2928 5755 ἁντιστρὲψαι
2961 5682 3031 5737 τὰ
3056 5681 3336 5757 ληφθέντα
3366 5683 3507 5759 πρὸς
3533 5684 3593 5739 τὸ
3637 5679 3865 5755 δημόσιον,
3938 5700 3943 5991 γ

3938 6000 3941 6091 γ
