4054 6286
277 356 431 417 1089

1673 350 1991 415 GEORGII
2035 349 2378 412 CEDRENI
2419 410 2429 421 ,

3529 355 3689 418 1090

278 491 308 547 6
368 488 624 567 βασιλεὺς
682 493 781 546 τοῦ
834 485 965 567 ἆγαν
1022 485 1337 554 ὑπενδιδοὺς
1389 489 1458 545 τὰ
1494 488 1672 563 ἡμίση
1702 485 1776 543 ὧν
1800 483 1909 542 ἐκαι

2042 486 2206 554 dum,
2238 487 2563 558 plurimum
2594 487 2863 559 pecunia)
2892 488 2957 544 in
2988 490 3437 547 multitudinem
3468 493 3687 564 divisit,

272 602 401 644 στος
433 574 623 635 ἔλαϐεν
656 580 1006 656 ἀντιστρέψαι
1036 578 1173 655 πρὸς
1212 580 1274 634 τὸ
1309 576 1595 655 βασιλικὸν
1640 581 1923 652 ταμειεῖον

270 668 541 736 ἔκέλευσε,
573 668 662 724 καὶ
695 668 868 732 οὕτως
901 670 1008 724 ἀπὸ
1053 669 1162 724 τῶν
1218 668 1483 723 τοιούτων
1534 669 1784 746 συνήχθη
1842 666 1923 737 τῷ

271 757 530 833 δημοσίῳ
575 757 808 834 χρυσίου
860 758 1182 834 κεντηνάρια
1229 759 1537 834 τριακόσια.
1595 757 1924 827 Ἐποιήσατο

271 846 329 904 δὲ
356 848 447 903 καὶ
477 845 718 922 πρόοδον
752 848 780 902 6
824 847 1085 923 βασιλεὺς
1145 844 1416 920 δημοσίαν
1466 846 1555 902 ἐπὶ
1612 845 1702 901 τὸν
1762 845 1925 919 μέγαν

267 940 371 1006 τῆς
399 941 499 992 τοῦ
519 940 654 992 Θεοῦ
688 935 868 1013 Λόγου
898 936 1099 1012 Σοφίας
1129 936 1277 1008 ναὸν,
1315 936 1407 991 καὶ
1437 936 1701 1012 χρήματα
1739 931 1927 988 πολλὰ

274 1027 327 1082 ἐν
355 1027 436 1100 τῷ
464 1024 817 1102 ὑποστρέφειν
844 1030 924 1098 τῷ
966 1023 1169 1096 πλήθει
1237 1022 1522 1098 διένειμεν,
1580 1024 1681 1079 οὐκ
1732 1021 1793 1078 ἐκ
1819 1027 1927 1077 τῶν

272 1113 583 1189 δημοσίων,
610 1112 741 1170 ἀλλ’
767 1113 828 1170 ἐκ
854 1117 961 1170 τῶν
998 1111 1107 1185 ἰδίᾳ
1137 1111 1500 1191 διαφερόντων
1553 1113 1722 1185 αὐτῷ·
1755 1133 1924 1188 προσ-

271 1203 484 1279 εγένετο
514 1205 619 1279 γὰρ
667 1201 817 1275 αὖτῷ
868 1203 1084 1272 πλῆθος
1147 1202 1455 1277 χρημάτων
1514 1199 1929 1276 ἀπροσδόκητον

266 1293 360 1349 καὶ
392 1293 498 1349 ἀπὸ
546 1295 830 1368 θησαυρῶν
889 1290 1281 1367 κεκρυμμένων
1366 1292 1773 1371 ἀναφανὲνντων
1827 1297 1930 1360 τῆς

268 1389 394 1458 γῆς.
432 1382 642 1458 Εὐρεθη
671 1379 730 1436 δὲ
757 1381 845 1437 καὶ
900 1381 951 1436 ἐν
1005 1386 1085 1454 τῷ
1141 1380 1330 1454 εἰδικῷ
1384 1384 1497 1454 (⁸15)
1540 1381 1767 1457 χρυσίον
1823 1379 1930 1434 οὐκ

2032 592 2155 630 non
2185 575 2256 630 de
2289 576 2525 646 publico
2557 576 2661 633 sed
2692 578 2763 633 de
2797 594 2942 633 suo:
2977 578 3278 651 insperata
3305 581 3469 636 enim
3492 582 3545 637 ei
3578 599 3684 654 pe-

2033 664 2222 721 cunis:
2253 665 2424 736 copia
2473 666 2683 740 obtigit
2713 684 2785 722 ex
2815 667 3071 723 occultis
3097 670 3276 725 etiam
3327 671 3622 727 thesauris
3653 689 3683 726 e

2034 759 2191 810 terra
2222 755 2681 824 emergentibus.
2715 757 2868 821 Quin
2918 762 2975 812 et
3023 758 3085 812 in
3133 759 3333 814 Eidico
3361 760 3490 815 auri
3523 760 3683 816 haud

2031 859 2243 914 parum
2269 844 2574 899 inventum
2598 846 3028 914 est,collectum
3058 863 3093 901 a
3116 848 3401 903 Michaelo
3429 865 3441 902 :
3466 866 3683 921 nempe

2034 932 2254 988 nobilis
2304 933 2422 988 ista
2475 932 2767 1005 platanus,
2827 935 2942 990 duo
3001 936 3190 991 solide
3240 939 3405 993 aurei
3448 955 3683 1011 grypes,

2036 1022 2152 1078 duo
2184 1040 2256 1078 ex
2287 1039 2431 1079 auro
2485 1023 2645 1079 ducti
2691 1023 2916 1092 leones,
2952 1030 3138 1081 totum
3181 1043 3428 1084 aureum
3460 1029 3684 1084 instru-

2035 1116 2325 1179 mentum,
2376 1118 2433 1167 et
2487 1129 2627 1168 vasa
2681 1129 2905 1169 mensae
2954 1130 3135 1170 aurea
3184 1117 3362 1186 varia,
3395 1134 3462 1173 ac
3494 1117 3684 1190 impe-

2035 1200 2270 1257 ratoriae
2330 1206 2539 1259 vestes.
2582 1201 2806 1277 Quibus
2857 1203 2906 1257 is
2935 1220 3042 1274 pro
3094 1221 3201 1259 sua
3246 1205 3493 1261 libidine
3546 1225 3682 1262 cum

2039 1294 2194 1345 esset
2240 1291 2554 1357 abusurus,
2590 1296 2779 1346 morte
2826 1296 3162 1361 prmventus
3211 1299 3301 1348 est
3347 1294 3577 1367 istaque
3608 1294 3681 1351 ad

2038 1378 2321 1434 Basilium
2352 1378 2734 1434 devenerunt.
2764 1381 2878 1436 Sed
2908 1380 3035 1436 haec
3056 1387 3263 1453 postea
3291 1389 3423 1440 acta
3452 1390 3609 1441 sunt.

267 1469 637 1546 ὀλίγον,ὅπερ
668 1470 696 1524 ὁ
726 1464 1239 1545 προϐεϐασιλευκὼς
1296 1468 1528 1545 Μιχαὴλ
1588 1467 1854 1539 συνέλεξε,
1910 1467 2011 1536 τὴν
2068 1464 2444 1541 θρυλουμένην
2504 1465 2712 1537 ἐκείνην
2774 1466 3044 1523 πλάτανον
3090 1469 3368 1545 χωνεύσας
3400 1472 3490 1526 καὶ
3549 1472 3678 1534 τοὺς

267 1558 365 1616 δύο
425 1558 772 1635 ὁλοχρύσους
828 1564 1039 1636 γρῦπας
1097 1561 1186 1615 καὶ
1241 1558 1371 1623 τοὺς
1432 1556 1527 1614 δύο
1584 1557 1967 1637 σφυρηλάτους
2023 1555 2247 1618 λέοντας
2305 1556 2397 1610 καὶ
2462 1557 2525 1610 τὸ
2586 1555 2893 1635 ὁλόχρυσον
2950 1554 3181 1634 ὄργανον
3224 1561 3335 1633 (76)
3382 1560 3471 1615 καὶ
3526 1559 3683 1636 ἕτερα

262 1653 372 1705 τῶν
400 1647 491 1705 ἐπὶ
520 1655 620 1719 τῆς
646 1649 919 1723 τραπέζης
950 1650 1334 1729 χρυσωμάτων
1388 1647 1518 1725 ἔργα
1579 1646 1835 1723 διάφορα,
1866 1646 1957 1702 καὶ
2014 1643 2303 1720 βασιλικὰς
2356 1645 2447 1700 καὶ
2497 1645 2869 1721 Αὐγουστικὰς
2923 1646 3145 1720 στολὰς,
3204 1648 3393 1723 οἷσπερ
3453 1648 3683 1723 ἔμελλεν

266 1738 689 1818 ἀποχρήσασθαι
721 1739 859 1815 πρὸς
924 1738 992 1793 τὰ
1047 1738 1195 1811 αύτῷ
1225 1737 1554 1813 καταθύμια,
1586 1737 1788 1815 φθάσαν
1848 1733 1906 1790 δὲ
1958 1734 2022 1790 τὸ
2072 1734 2257 1807 χρεὼν
2291 1733 2366 1796 εἰς
2391 1733 2673 1792 Βασίλειον
2706 1739 2873 1791 ταῦτα
2901 1731 3246 1809 διεϐιὸάσθη.
3280 1735 3460 1794 Ἀλλὰ
3512 1743 3685 1795 ταῦτα

268 1828 365 1902 μὲν
392 1827 633 1902 ὓστερον.

333 1919 487 1992 ’Ἄρτι
542 1914 599 1971 δὲ
654 1919 750 1987 τῆς
811 1916 989 1992 ἀρχῆς
1042 1911 1234 1978 ἐπιϐὰς
1282 1915 1310 1969 6
1368 1913 1657 1980 Βασίλειος
1698 1918 1909 1991 πρῶτον

2094 1916 2385 1970 ϐαδιεῖ-ιω]
2415 1915 2666 1971 Basilius
2714 1915 3010 1988 principio
3060 1916 3150 1972 sui
3196 1915 3454 1989 imperii,
3490 1921 3678 1993 magi-

266 2006 362 2079 μὲν
414 2002 503 2060 ἐπὶ
563 2004 657 2068 τὰς
713 2004 889 2080 ἀρχὰς
929 2001 1312 2077 ἂδωροτάτους
1371 2003 1702 2080 λεγομένους
1744 2004 1916 2079 προῦο

261 2088 503 2150 ϐάλλετο
534 2093 625 2149 καὶ
662 2092 1146 2168 μαρτυρουμένους
1175 2093 1272 2155 τὰς
1315 2088 1452 2153 ἰδίας
1510 2097 1700 2167 χεῖρας
1751 2093 1919 2147 καθα-

261 2182 360 2256 ρᾶς
393 2181 653 2236 παντοίου
685 2179 1065 2257 διαφυλάττειν
1126 2179 1447 2254 λήμματος,
1494 2180 1595 2245 εἶθ’
1623 2181 1798 2242 οὕτως
1830 2177 1916 2235 δι-

256 2270 555 2341 καιοσύνης
597 2267 948 2343 ἐπεμελεῖτο,
996 2270 1084 2324 καὶ
1145 2268 1430 2344 ἰσονομίαν
1463 2268 1916 2344 ἐμπολιτεύεσθαι

255 2365 378 2421 τοῖς
408 2359 740 2435 ἀρχομένοις
795 2358 887 2415 καὶ
944 2359 1007 2413 τὸ
1070 2359 1146 2432 μὴ
1208 2356 1759 2423 καταδυναστεύεσθαι
1812 2359 1917 2414 ὑπὸ

255 2452 366 2503 τῶν
431 2447 714 2504 πλουσίων
770 2447 901 2512 τοὺς
983 2448 1334 2524 πενεστέρους
1417 2446 1913 2524 ἐπραγματεύσατο.

258 2537 553 2593 Πανταχοῦ
601 2535 661 2592 δὲ
720 2534 1061 2614 διατάγματα
1117 2536 1335 2607 ἐξετίθει
1383 2535 1574 2592 τέλεον
1632 2536 1914 2612 ἐξαρθῆναι

257 2628 361 2696 τὴν
393 2623 605 2681 ἀδικίαν
641 2624 914 2701 ὁρίζοντα.
950 2625 1212 2688 Δικαστάς
1246 2647 1307 2681 τε
1357 2622 1528 2697 ἔταξε,
1584 2626 1916 2699 σιτηρεσίοις

257 2716 351 2771 καὶ
383 2712 735 2795 φιλοτιμίαις
767 2712 1135 2776 παντοδαπαῖς
1188 2712 1382 2776 αὒτοὺς
1439 2712 1767 2790 μεγαλύνας,
1824 2714 1912 2769 καὶ

259 2807 424 2878 τάξας
482 2802 829 2879 διημερεύειν
887 2806 979 2859 καὶ
1033 2805 1130 2867 τὰς
1210 2801 1455 2876 διινέξεις
1513 2800 1750 2859 διαλύειν
1806 2807 1913 2858 τῶν

260 2893 748 2970 φιλονεικούντων,
780 2892 984 2955 τόπους
1013 2893 1276 2972 ἀφορίσας
1327 2893 1511 2956 αὐτοῖς
1550 2890 1915 2963 ἐπιτηδείους,

258 2984 360 3053 τήν
402 3003 462 3037 τε
492 2982 818 3059 Μαγναύραν
865 2981 955 3038 καὶ
1011 2982 1102 3037 τὸν
1159 2980 1498 3056 καλούμενον
1553 2977 1918 3056 ἰππὸδρομον

262 3069 357 3125 καὶ
387 3071 489 3141 τὴν
538 3070 841 3147 λεγομένην
900 3071 1149 3141 Χαλκῆν,
1206 3070 1395 3147 χρόνῳ
1452 3073 1767 3146 μογήσασαν
1824 3071 1914 3126 καὶ

262 3159 390 3216 ὅσον
450 3158 667 3216 οὐδέπω
725 3165 905 3215 πεσεῖν
948 3158 1363 3217 κινδυνεύουσαν
1421 3159 1771 3223 ἐπισκευάσας
1829 3161 1917 3215 καὶ

255 3251 676 3328 καινουργῆσας.
719 3250 909 3320 Ἦταξε
965 3247 1024 3306 δὲ
1077 3252 1165 3306 καὶ
1221 3251 1429 3327 τροφὴν
1487 3254 1603 3313 τοῖς
1661 3248 1908 3307 πενεστέ-

257 3359 374 3414 ροις
398 3343 506 3396 τῶν
559 3340 657 3402 τὰς
716 3335 867 3401 δίκας
925 3337 1194 3414 ἐχόντων,
1252 3340 1349 3395 ἳνα
1403 3341 1479 3414 μή
1540 3340 1642 3395 ὑπὸ
1699 3337 1907 3402 ἐνδείας

255 3429 574 3501 πιεζόμενοι
622 3433 740 3490 ταῖς
809 3424 987 3493 δίκαις
1039 3429 1449 3505 ἀπαγορεύοιεν.
1511 3426 1795 3486 Ἐπεδίδου
1855 3426 1912 3484 δὲ

254 3514 346 3569 καὶ
416 3515 603 3570 ἑαυτὸν
654 3515 730 3577 εἷς
783 3515 847 3569 τὸ
910 3520 1163 3572 τοιοῦτον
1241 3515 1425 3593 μέρος,
1512 3516 1747 3586 ὁπηνίκα
1797 3520 1907 3571 τῶν

258 3609 552 3677 στρατειῶν
579 3602 771 3684 ἔτυχεν
813 3605 955 3681 ἃγων
999 3608 1212 3682 σχολὴν
1244 3605 1333 3661 καὶ
1389 3610 1485 3661 τοῦ
1541 3605 1906 3681 χρηματίζειν

256 3697 376 3755 ταῖς
400 3694 776 3769 ἁπανταχόθεν
804 3690 1137 3771 πρεσϐείαις,
1195 3695 1285 3750 καὶ
1340 3693 1416 3757 εἰς
1484 3694 1547 3750 τὸ
1605 3692 1906 3771 λεγόμενον

257 3782 471 3855 γενικὸν
529 3788 645 3855 (77)
700 3785 902 3840 κατιὼν
956 3783 1084 3848 τοὺς
1137 3784 1629 3859 εἰσπραττομένους
1688 3782 1905 3838 ἐσκόπει

2025 2008 2242 2058 stratus
2292 2004 2590 2059 commisit
2638 2004 2710 2059 iis
2756 2005 2857 2076 qui
2908 2022 2944 2062 a
2981 2007 3295 2077 capiundis
3326 2010 3677 2066 muneribus

2023 2093 2483 2164 perbiberentur
2511 2109 2690 2165 quam
2715 2094 2973 2150 maxime
2996 2095 3197 2165 alieni,
3233 2102 3290 2151 et
3311 2114 3461 2168 quos
3483 2104 3675 2154 testa-

2025 2187 2150 2237 tum
2175 2186 2333 2238 esset
2350 2198 2566 2239 manus
2587 2184 2785 2238 omnis
2807 2188 3067 2256 capturaa
3090 2202 3270 2256 puras
3291 2186 3531 2242 habere.
3566 2189 3677 2242 De-

2024 2271 2164 2327 inde
2193 2288 2436 2343 Operam
2469 2271 2635 2327 dedit
2654 2277 2722 2327 ut
2735 2273 2973 2345 justitia
3002 2274 3242 2346 vigeret,
3277 2279 3336 2330 et
3355 2293 3524 2348 aequo
3539 2276 3676 2350 jure

2024 2360 2182 2417 inter
2206 2378 2269 2416 se
2298 2362 2562 2417 viverent
2592 2361 2835 2429 subditi,
2868 2380 3064 2435 neque
3095 2381 3131 2419 a
3159 2364 3439 2420 divitibus
3470 2366 3679 2438 inopes

2025 2450 2526 2521 opprimerentur,
2560 2451 2881 2522 propositis
2923 2453 3146 2523 passim
3178 2453 3434 2509 decretis
3461 2455 3679 2525 quibus

2023 2538 2318 2612 injustitia
2357 2539 2886 2596 exterminabatur.
2917 2540 3156 2596 Judices
3186 2532 3424 2613 quoque
3453 2544 3678 2599 consti-

2024 2629 2157 2697 tuit,
2218 2628 2552 2700 amplisque
2603 2629 2918 2700 stipendiis
2989 2634 3049 2685 et
3104 2631 3432 2686 honoribus
3488 2634 3675 2706 auxit,

2016 2717 2220 2789 jussos
2245 2733 2352 2787 per
2376 2716 2536 2772 diem
2560 2717 2767 2773 sedere
2791 2735 2899 2788 pro
2922 2718 3208 2774 tribunali
3233 2724 3292 2774 et
3314 2719 3675 2793 litigantium

2023 2822 2231 2862 causas
2258 2807 2466 2861 1004
2491 2805 2842 2876 dijudicare.
2867 2807 2956 2862 Ad
2987 2822 3119 2863 eam
3149 2825 3277 2864 rem
3308 2809 3440 2866 loca
3470 2811 3541 2866 iis
3572 2812 3676 2867 de-

2026 2896 2278 2967 signavit
2300 2895 2633 2960 commoda,
2655 2897 3055 2966 Magnauram,
3079 2898 3314 2955 Circum
3339 2904 3396 2955 et
3416 2900 3674 2957 Chalcen

2023 2986 2271 3055 (Eream
2296 2984 2575 3055 portam),
2608 3000 2787 3054 quam
2809 2985 3097 3056 temporis
3109 2987 3287 3060 culpa
3306 2987 3677 3045 laborantem

2024 3073 2379 3144 ruinamque
2439 3072 2769 3127 minantem
2827 3073 2901 3128 ad
2946 3074 3057 3130 hoc
3094 3075 3454 3133 instauravit
3494 3082 3674 3148 atque

2023 3161 2349 3218 adornavit.
2396 3161 2695 3216 Alimenta
2748 3160 2926 3217 etiam
2971 3164 3427 3235 pauperioribus
3458 3167 3672 3237 quibus

2014 3250 2244 3323 judicio
2263 3254 2393 3306 erat
2411 3248 2867 3321 disceptandum
2897 3250 3212 3319 ordinavit,
3243 3270 3318 3308 ne
3350 3254 3553 3326 inopia
3572 3273 3638 3311 co
3656 3286 3670 3296 -

2021 3339 2137 3395 acti
2183 3339 2523 3396 vadimonia
2563 3338 2929 3394 desererent.
2961 3341 3092 3411 Ipse
3144 3340 3319 3397 etiam
3372 3343 3465 3399 his
3494 3344 3671 3400 rebus

2022 3443 2265 3499 operam
2296 3426 2481 3493 dedit,
2511 3427 2745 3497 quoties
2776 3444 2810 3481 a
2836 3426 2996 3482 bello
3027 3433 3088 3483 et
3115 3429 3428 3485 audiendis
3460 3431 3669 3505 legatis

2019 3522 2255 3573 vacaret
2293 3531 2307 3583 ;
2361 3521 2421 3571 et
2465 3514 2833 3571 descendens
2884 3516 2957 3572 ad
2997 3518 3304 3582 Genicum,
3338 3520 3437 3575 ubi
3470 3521 3670 3594 reipu-

2018 3606 2188 3662 blicae
2245 3605 2490 3660 nomine
2546 3604 2856 3677 vectigalia
2884 3609 2945 3660 et
2998 3606 3221 3661 tributa
3268 3608 3665 3681 accipiuntur,

2015 3694 2325 3767 prospexit
2353 3709 2428 3748 ne
2458 3691 2530 3748 ab
2561 3692 2684 3747 ullo
2717 3692 3044 3762 quidquam
3066 3694 3287 3766 injuste
3311 3697 3663 3768 exigeretur,

2018 3789 2077 3840 et
2105 3782 2389 3854 injuriam
2412 3781 2603 3853 passis
2633 3780 3057 3852 opitulabatur.
3086 3783 3310 3839 Ferunt
3338 3802 3495 3855 eum,
3529 3804 3664 3843 cum

1456 3900 1820 3956 XYLANDRI
1858 3900 1945 3955 ET
1985 3898 2204 3955 GOARI
2245 3898 2468 3953 NOTAE.

331 4022 440 4096 (75)
470 4024 688 4080 Locum
715 4024 945 4082 videtur
971 4026 1105 4098 haec
1128 4042 1237 4081 vox
1268 4024 1623 4098 significare,
1654 4024 1903 4081 fortasse

256 4094 319 4149 in
340 4094 529 4168 quem
561 4113 729 4152 suum
751 4098 919 4168 quasi
942 4097 1242 4168 peculium
1260 4094 1559 4168 qu'oddarn
1582 4096 1905 4167 imperator

255 4163 629 4240 recénderet.
655 4163 791 4223 Χηῖ
816 4200 893 4240 —_A
907 4163 1067 4240 Legit
1086 4163 1467 4239 Curopalates
1484 4163 1906 4240 εἰδικῷῖᾶιιοιον

257 4238 564 4311 superiore
596 4256 654 4310 p.
689 4241 793 4294 544
850 4235 1030 4311 ἰδικᾷξ.
1091 4242 1173 4295 Ex
1225 4235 1440 4309 quibus
1479 4235 1902 4311 conjecturam

253 4306 379 4383 non
409 4306 890 4383 levem—decerpo
948 4306 1135 4383 εἰδικῷ
1193 4306 1740 4383 reponendum'mt
1795 4327 1902 4381 pro

258 4380 507 4455 privato,
533 4383 695 4455 regio
726 4380 926 4438 tamen
958 4380 1167 4438 aerario
1207 4380 1604 4455 sumendum,
1664 4382 1727 4436 in
1785 4380 1901 4451 quo

254 4466 379 4506 non
412 4450 559 4525 adeo
589 4450 856 4509 servatur
903 4470 1083 4524 quam
1112 4453 1349 4525 cuditur
1379 4458 1439 4508 et
1467 4451 1733 4525 signatur
1765 4450 1900 4507 nio-

254 4529 414 4578 neta.
444 4523 538 4578 Nil
567 4523 942 4597 communius
972 4524 1459 4597 quamgmrarium
1514 4523 1813 4597 publicum
1845 4529 1902 4578 et

254 4610 592 4662 commune,
616 4613 732 4667 quo
763 4595 1007 4668 publicai
1026 4596 1348 4668 vectigalia,
1383 4600 1450 4650 ut
1480 4595 1654 4650 modo
1684 4611 1899 4668 narra-

251 4669 422 4740 turus
452 4672 541 4721 est
568 4666 795 4740 auctor,
828 4668 1143 4740 exiguntur
1171 4666 1230 4724 ét
1258 4682 1606 4740 communes
1635 4666 1903 4740 omnium

252 4736 555 4812 redituum
580 4733 1224 4812 redduntur'rationes,
1256 4736 1469 4812 γενικόν
1503 4737 1717 4812 vocari.
1752 4733 1901 4812 Εἱδιτ

250 4807 347 4861 κόν
380 4808 559 4889 igitur
585 4812 782 4889 γενικῷ
810 4810 1171 4882 respondeat
1197 4807 1450 4889 oportet,
1509 4809 1663 4889 sicut
1684 4808 1902 4889 generi

254 4880 480 4950 species
507 4888 565 4935 et
594 4880 887 4953 privatum
912 4880 1253 4953 communi:
1278 4884 1352 4936 At
1376 4881 1503 4953 leve
1538 4885 1648 4949 est,
1681 4880 1900 4953 inquis,

250 4951 630 5021 acumen,ubi
661 4952 983 5009 auctoritas
1010 4952 1102 5008 vel
1133 4969 1204 5008 ex
1219 4952 1650 5008 bistorialocus
1679 4951 1898 5007 deﬁcit.

250 5022 577 5095 Utrumque
609 5024 766 5080 dicto
796 5024 1058 5080 facturus
1078 5024 1268 5095 itidem
1298 5024 1599 5095 depremo.
1630 5022 1789 5078 Leon
1845 5029 1904 5079 et

252 5092 799 5177 Constantinus,”
833 5095 1044 5177 suisjn
1072 5094 1303 5177 legibus
1332 5092 1408 5177 et.
1426 5095 1475 5177 I_I
1495 5094 1653 5177 Juris
1670 5095 1899 5175 Graeco-

251 5165 487 5221 romani
519 5166 763 5223 insertis
791 5166 984 5222 aararii
1007 5165 1315 5222 ministros
1344 5165 1897 5236 instructuri,_praa-

251 5236 460 5309 cipuos
489 5244 827 5295 memorant
857 5237 1035 5309 tit._‘_7,
1059 5236 1531 5309 quaestoremnév
1554 5231 1896 5309 ἐνδοξότατον

246 5304 471 5377 κόμη-ια
497 5311 607 5383 τῶν
641 5308 797 5383 θείων
832 5304 1602 5383 εἴσοδίωνξδίοτὶοξίεεὶωιιηι
1618 5304 1898 5383 cornitem

247 5394 552 5455 sacrarum
585 5380 986 5455 largitionum,
1019 5380 1451 5455 qui'logotbeta
1471 5384 1561 5434 est
1613 5381 1898 5455 105.76%-

244 5451 367 5524 κοῦ,
393 5451 507 5524 qui
537 5446 703 5524 πυρί
723 5446 1058 5524 adjungunt
1112 5446 1243 5505 τὸν*
1264 5447 1611 5524 ἐνδοξότατον
1679 5446 1898 5520 κόμητα

246 5523 355 5574 τῶν
386 5518 543 5596 θείων
573 5518 815 5595 εἰδικῶνξ
838 5518 1334 5596 gloriosissimum
1391 5518 1670 5596 comitem
1701 5518 1897 5596 sacra-

245 5608 381 5647 rum
410 5590 802 5666 privatarum,
825 5590 962 5650 e'um
995 5593 1068 5649 de
1094 5611 1210 5666 quo
1242 5595 1304 5651 in
1342 5590 1619 5666 praesenti
1648 5593 1896 5666 quaestio

247 5668 536 5719 movetur.
574 5663 802 5722 Solidas
833 5682 903 5722 ex
935 5679 1080 5722 auro
1110 5663 1438 5736 machinas,
1470 5663 1733 5743 arbores,
1764 5664 1896 5721 ani-

2013 4022 2215 4087 malia,
2249 4020 2468 4094 variam
2501 4020 2934 4094 supellectilem
2965 4030 3267 4094 repererat
3306 4026 3663 4082 reconditam

2013 4096 2075 4150 in
2096 4093 2391 4148 thesauris
2426 4092 2701 4163 profusus
2744 4092 2990 4149 Michael
3009 4092 3324 4151 {nummos
3347 4115 3419 4153 ex
3434 4114 3502 4153 ea
3524 4116 3667 4153 con-

2012 4166 2264 4240 ﬂaturus
2331 4158 2586 4240 χαράξαι-
2618 4158 2849 4240 δέδωκεν
2901 4167 2995 4240 -τῷ
3049 4163 3339 4240 *βασιλικῷ
3403 4167 3661 4240 ταμιείῳ.

2013 4229 2431 4310 Παραπλησίὶῦς
2463 4229 2522 4310 δὲ
2569 4232 2840 4310 ἐποίησεν,
2898 4229 3091 4310 inquit
3144 4229 3486 4310 Aauctorup.‘
3535 4229 3660 4310 550,

2009 4303 2105 4362 καῖ
2133 4305 2184 4360 ἐν
2215 4310 2335 4379 ταῖς
2355 4305 2590 4379 στολαῖς
2626 4303 3062 4379 βαιὲιλικαῖςξῶν
3104 4308 3161 4362 αἱ
3231 4303 3492 4379 μὲνλῆἇαν
3527 4303 3659 4365 ὀλόλ

2010 4377 2320 4465 χρυσοι,.αἱ
2351 4373 2876 4465 δὲηχρυσοῦρφαντοι,
2898 4374 3161 4465 ιδεδωκὼς
3204 4373 3282 4450 τῷ
3313 4373 3473 4465 ἰδικῷ
3504 4382 3655 4465 (lege

2011 4437 2333 4507 surrectius
2382 4437 2595 4519 εἰδῖκῷ)
2643 4437 2782 4523 ὥστε
2825 4437 3157 4523 καὶΑταύτας
3186 4437 3475 4523 χωνεῦσαί.

2013 4523 2128 4598 nisi
2159 4523 2231 4577 de
2263 4538 2379 4593 quo
2412 4517 2605 4598 nuper
2640 4521 2886 4598 dixerat_
2912 4517 3113 4598 δέδωκε
3149 4517 3233 4593 τῷ
3262 4520 3660 4598 βασιλικῷγταη

2016 4590 2650 4666 tristemut—vocabulum
2681 4590 3082 4662 παραπλησίως
3110 4590 3353 4651 sensum
3383 4590 3659 4654 eumdem

2014 4664 2435 4737 oonSequatur.
2460 4665 2585 4719 Non
2606 4664 2773 4719 fuere
2798 4670 2997 4721 tamen
3016 4666 3264 4781 signata,
3290 4684 3475 4781 eaque
3498 4670 3662 4725 Basi-

2014 4737 2128 4781 lina
2148 4734 2463 4781 imnerinm
2489 4735 2739 4781 adtentus:
2761 4738 2995 4781 venerit,
3026 4739 3067 4781 Π
3115 4738 3129 4781 ἱ
3153 4737 3181 4781 ‘P
3210 4735 3261 4781 ἐν
3295 4735 3374 4781 ιτῗὲ
3399 4739 3474 4781 ιι..
3509 4742 3660 4781 cari-

2013 4737 2128 4812 lius
2142 4734 2467 4812 imperium
2489 4735 2739 4812 adeptus
2761 4738 3000 4812 reperit,
3026 4734 3133 4812 Ubi
3153 4737 3181 4792 ?
3210 4734 3261 4791 ἐν
3294 4734 3474 4812 εἰδίξῳ
3509 4742 3660 4796 scri-

2012 4808 2099 4883 bit
2124 4805 2450 4883 fled—renus,
2474 4807 2566 4862 vel
2590 4805 2657 4883 ut
2686 4805 2958 4883 superius
2983 4806 3033 4861 ἐν
3066 4805 3245 4883 laxa,
3278 4805 3657 4883 Curopalates

2012 4877 2063 4934 ἐν
2096 4874 2303 4950 εἷδικῷ.
2338 4880 2462 4934 Uno
2510 4874 2776 4951 verboﬂin
2804 4880 3028 4951 privato
3062 4874 3271 4937 aerario
3312 4883 3404 4938 vel
3433 4874 3657 4938 confla-

2014 4952 2188 5023 torio,
2213 4946 2329 5022 quo
2359 4951 2646 5022 principis
2667 4946 2846 5018 εἶδος’;
2872 4955 3070 5023 species
3084 4959 3163 5023 ‘et
3190 4955 3373 5009 vultus
3400 4958 3656 5008 monetae

2012 5019 2393 5096 imprimitur.
2425 5019 2920 5096 lfa_ucis_Zonaras
2946 5040 2958 5077 :
3010 5019 3246 5096 Δὲδωκεν
3273 5023 3350 5084 εἰς
3387 5024 3449 5077 τὸ
3479 5028 3655 5096 κοπῆ-

2009 5087 2117 5166 ναί
2150 5092 2395 5166 νόμισμα
2443 5087 2545 5166 δι’-
2598 5089 2796 5166 αὐτῷν,
2834 5092 3035 5166 ’ἅτινα-
3075 5092 3283 5166 ἐκείνου
3358 5087 3653 5166 φθαρέντος

2011 5162 2115 5237 ἔτει
2184 5161 2469 5237 σωζόμενα
2525 5161 2552 5214 ὁ
2616 5163 2730 5234 μετ’
2787 5162 2948 5216 αὐτὸν
3011 5162 3336 5237 βασιλεύσας
3369 5161 3653 5227 Βασίλειος

2010 5234 2391 5305 ἁνεκομίσατο’
2425 5234 2598 5287 GOAR.

2082 5308 2196 5375 (76)
2222 5308 2693 5377 Instrumentumi
2709 5305 3005 5361 musicum
3027 5312 3190 5377 puto,
3215 5308 3302 5362 ein
3332 5309 3495 5377 Orgel
3524 5310 3657 5365 oder

2013 5381 2360 5505 ιηεινιινηςξρι.
2415 5377 2496 5431 De
2555 5376 2771 5431 Genico
2827 5376 3176 5433 annotatum
3235 5384 3323 5433 est
3361 5376 3652 5453 principio

2013 5466 2225 5505 oneris.
2309 5466 2397 5503 χι..

2008 5466 2225 5506 ODBI‘IS.
2259 5466 2397 5505 AXL.

2045 5468 2225 5522 peris.
2259 5468 2397 5505 ΛΠ..

2067 5521 2188 5594 ,(⁸77)
2223 5518 2303 5594 Τρ
2346 5516 2645 5594 λεγόμενον
2700 5516 2934 5594 γενικόν,
2985 5520 3149 5575 locus
3193 5521 3256 5576 in
3310 5539 3428 5594 quo
3464 5523 3533 5578 τὰ
3563 5520 3659 5593 δη-

2009 5586 2180 5665 μόσια
2201 5588 2336 5659 τέλη
2379 5586 2813 5663 εἰσπράττονται.
2848 5592 3021 5648 GOAR.
