4054 6286
500 308 659 368 1095

1659 303 2201 368 HISTORIARUM
2246 304 2815 370 COMPENDIUM.

3694 319 3811 381 1096

494 442 743 511 factum,
774 446 832 497 et
861 439 1098 497 Barbari
1156 438 1231 495 ad
1284 439 1494 495 urbem
1546 456 1736 512 usque
1792 441 1931 496 cmsi
1969 444 2148 512 atque

2260 435 2603 513 ἀλαλαγμῶν
2668 441 2986 503 ἀπαντώσας
3046 443 3218 515 αὐτῷ,
3279 442 3359 506 οἷς
3412 451 3640 510 νεανικῶς
3666 455 3824 526 συμμί.

498 532 794 603 fugientes
824 530 960 598 acti,
993 530 1077 585 ita
1105 534 1173 586 ut
1203 530 1396 585 solum
1436 531 1595 601 quod
1642 530 1957 601 interjacet
1982 529 2151 585 cada-

501 620 736 675 veribus
765 619 945 675 fuerit
973 618 1299 690 oppletum,
1332 619 1623 691 multique
1654 620 1765 674 vivi
1797 620 1859 674 in
1900 624 2153 691 potesta-

502 714 621 764 tem
653 711 1050 765 Romanorum
1083 709 1374 775 venerint,
1407 714 1465 764 et
1492 708 1706 780 reliqui
1741 709 1992 781 turpiter
2021 724 2150 763 sese

498 799 790 855 manibus
821 799 1163 855 clauserint.
1199 800 1414 855 Statuit
1443 816 1579 872 ergo
1611 799 1865 855 Basilius
1894 816 2025 855 eam
2057 816 2151 854 ur-

494 889 632 945 bem
690 890 983 945 machinis
1026 889 1308 945 adhibitis
1339 906 1700 963 oppugnare.
1748 889 1860 943 Sed
1905 905 2039 943 cum
2094 894 2153 943 et

493 978 759 1033 turribus
774 979 1067 1035 munitam
1089 995 1221 1033 eam
1238 984 1510 1034 cerneret
1536 984 1595 1033 et
1613 976 2152 1050 propugnatoribus

497 1067 823 1131 abundare,
874 1074 1051 1140 atque
1091 1085 1122 1123 e
1170 1068 1432 1140 perfugis
1472 1071 1858 1141 cognosceret
1894 1066 2154 1122 maxima

496 1157 703 1211 ποθι)
737 1172 807 1211 ea
832 1172 1035 1211 rerum
1066 1156 1542 1211 necessariarum
1574 1156 1745 1226 copia
1774 1155 2150 1221 instructam,

496 1245 583 1301 ita
610 1250 679 1301 ut
723 1246 1003 1301 diuturna
1049 1244 1355 1299 obsidione
1397 1245 1449 1299 ei
1481 1244 1632 1299 nihil
1673 1249 1830 1300 esset
1873 1244 2145 1324 periculi,

496 1335 675 1391 motis
706 1335 913 1390 castris
945 1333 1082 1388 inde
1111 1332 1185 1387 ad
1216 1333 1673 1388 Manichaeorum
1718 1332 2008 1388 ditionem
2039 1332 2151 1387 du-

495 1427 601 1480 xit.
640 1427 718 1480 Eo
748 1425 811 1479 in
844 1425 1069 1479 itenere
1102 1424 1303 1479 omnia
1344 1440 1699 1496 quacunque
1731 1424 1845 1479 iret
1873 1422 2149 1478 incendio

502 1516 563 1569 in
597 1515 826 1570 cineres
855 1514 1102 1585 redegit,
1128 1514 1403 1585 interque
1422 1514 1547 1569 haec
1571 1514 1957 1586 Arganthum,
1974 1514 2151 1568 Cuta-

500 1605 678 1671 cium,
715 1603 1135 1675 Stephanicum
1163 1608 1222 1657 et
1249 1604 1616 1659 Arachacum
1637 1603 1904 1658 castella.
1939 1603 2037 1657 His
2065 1618 2152 1657 re-

505 1692 618 1747 bus
649 1692 831 1764 gestis
863 1691 1071 1763 Cpolin
1096 1708 1235 1747 suos
1273 1691 1530 1757 reduxit,
1554 1696 1613 1746 et
1640 1691 1861 1745 milites
1893 1706 2150 1762 quorum

2258 526 2347 597 ξας
2402 527 2491 583 καὶ
2549 533 2768 603 πρῶτος
2823 536 2924 600 τῆς
2981 528 3266 610 φάλαγγος
3335 534 3693 608 προϊστάμενος
3730 541 3826 605 τοὺς

2256 615 2730 693 ἀντιτεταγμένους
2758 618 3043 694 ἐτρέψατο,
3076 621 3178 675 εἷθ’
3210 622 3263 676 οἱ
3303 618 3483 678 λοιποὶ
3510 627 3621 687 τοὺς
3647 624 3822 700 ἄλλους,

2257 707 2347 761 καὶ
2416 707 2582 785 μέχρι
2634 713 2731 765 τοῦ
2782 707 2986 773 ἄστεως
3045 711 3385 788 ἀναιροῦντες
3427 712 3734 784 ἐδίωκον,ὼς
3756 742 3825 774 κα-

2255 806 2634 875 ταστρωθῆναι
2690 801 2751 855 τὸ
2785 802 2980 874 μεταξὺ
3039 797 3234 880 ἔδαφος
3292 804 3379 859 καὶ
3432 804 3746 880 πληρωθῆναι
3767 831 3828 863 νε-

2257 892 2428 960 κρῶν,
2481 885 2687 943 ἁλῶναι
2746 885 2805 944 δὲ
2850 890 2942 945 καὶ
3000 896 3207 961 ζῶντας
3269 891 3370 948 οὐκ
3423 893 3644 970 ὀλίγους,
3669 898 3769 958 τούς
3791 896 3831 953 δὲ

2259 975 2490 1038 λοιποὺς
2529 977 2761 1053 ἀγεννῶς
2794 978 2925 1033 εἷ’σω
2980 984 3183 1057 τειχῶν
3232 980 3646 1056 συγκλεισθῆναι.
3689 982 3829 1042 Ἐϐου-

2260 1062 2403 1135 λήθη
2469 1066 2562 1138 μὲν
2624 1067 2714 1121 οὗν
2748 1068 2776 1121 ὁ
2829 1066 3083 1143 βασιλεὺς
3138 1069 3424 1126 ὲλεπόλεσι
3477 1072 3561 1126 καὶ
3615 1079 3829 1149 μηχαναῖς

2259 1153 2652 1229 ἀποπειρᾶσθαι
2706 1160 2804 1211 τοῦ
2870 1158 3105 1232 χωρίου·
3168 1159 3243 1220 ὡς
3292 1156 3350 1214 δὲ
3397 1161 3535 1237 ἑώρα
3582 1162 3668 1230 τὴν
3709 1162 3829 1218 πόλιν

2259 1242 2522 1320 εὔπυργον
2555 1245 2646 1300 καὶ
2681 1245 2882 1317 πλήθει
2930 1252 3037 1302 τῶν
3078 1248 3187 1304 ἀπὸ
3232 1254 3332 1304 τοῦ
3378 1251 3589 1329 τείχους
3616 1251 3831 1323 ἀμυνομέ-

2259 1352 2365 1386 οων
2411 1333 2726 1408 βρίθουσαν,
2785 1333 3012 1391 ἐπύθετο
3043 1334 3100 1392 δὲ
3128 1336 3221 1393 καὶ
3251 1338 3399 1414 παρά
3435 1343 3536 1394 τῶν
3579 1336 3834 1413 αὐτομόλων

2259 1421 2511 1499 ἀφθονίαν
2544 1419 2692 1499 ἔχειν
2743 1422 2965 1494 πολλὴν
2994 1431 3103 1481 τῶν
3136 1426 3461 1498 ἐπιτηδείων
3506 1428 3591 1483 καὶ
3622 1431 3686 1502 μὴ
3712 1427 3833 1483 δεδέ-

2255 1529 2343 1562 ναι
2393 1528 2622 1585 χρονιαν
2692 1509 3045 1587 πολιορκίαν,
3132 1513 3266 1587 ἄρας
3345 1515 3571 1580 ἐντεῦθεν
3619 1519 3836 1589 τῇΜανι-

2258 1596 2436 1672 χαίων
2493 1595 2844 1675 προσϐάλλει
2902 1605 2999 1676 γῇ,
3053 1603 3144 1657 καὶ
3193 1625 3367 1659 παντα
3395 1605 3460 1658 τὰ
3490 1602 3541 1659 έν
3567 1602 3701 1659 ποσὶν
3725 1604 3836 1658 ἐκτε-

2258 1687 2500 1759 φρώσας,
2567 1688 2632 1744 τὸ
2712 1690 2983 1766 Ἀργαοὺθ
3034 1690 3326 1766 λεγόμενον
3388 1691 3633 1770 φρούριον
3679 1693 3837 1747 καὶτὸ

499 1797 567 1837 eo
598 1781 755 1837 bello
777 1780 962 1835 virtus
991 1780 1276 1852 praeclara
1307 1779 1537 1848 fuisset,
1557 1780 1880 1835 honoratos
1901 1778 2148 1834 dimisit.

2260 1775 2564 1831 Κουτακίου
2595 1776 2688 1832 καὶ
2725 1780 2789 1833 τὸ
2847 1781 3125 1856 Στεφάνου
3182 1780 3271 1835 καὶ
3329 1781 3393 1836 τὸ
3421 1782 3650 1857 ’Δραρὰχ
3674 1781 3837 1853 ἐμπρή-

494 1869 612 1941 Ipsi
642 1870 717 1926 ad
747 1871 955 1925 urbem
995 1885 1290 1935 reversus,
1323 1887 1458 1924 cum
1489 1870 1550 1923 in
1582 1869 1924 1925 Thrcaciam
1965 1868 2145 1939 traje-

499 1959 698 2024 cisset,
730 1957 804 2014 ab
834 1958 1130 2014 Hebdomo
1190 1957 1428 2031 publice
1471 1974 1577 2029 per
1614 1959 1870 2012 Auream
1917 1960 2151 2027 portam

497 2048 762 2115 intravit,
818 2047 1491 2119 splendidissimumque
1549 2046 1717 2102 duxit
1758 2046 2150 2117 triumphum,

496 2137 771 2193 universo
830 2137 1050 2208 populo
1107 2135 1365 2192 victoriae
1423 2135 1859 2209 gratulantibus
1912 2136 2151 2192 vocibus

498 2226 828 2297 faustisque
860 2226 1389 2282 acclamationibus
1422 2230 1824 2297 prosequente
1858 2224 2152 2296 usquead

500 2316 689 2371 aedem
723 2315 1056 2387 Sapientia,
1082 2331 1213 2386 quin
1241 2314 1508 2386 ejusdem
1535 2319 1626 2369 est
1652 2331 1787 2370 cum
1810 2313 1929 2369 Deo
1960 2330 2155 2369 essen-

496 2405 623 2460 tiaa.
657 2405 745 2458 Ibi
766 2405 913 2459 actis
942 2405 1059 2458 Deo
1089 2405 1292 2476 gratis,
1323 2404 1395 2459 ab
1440 2404 1660 2476 ignatio
1691 2403 2029 2474 patriarcha
2053 2420 2149 2457 co-

500 2493 670 2548 ronis
700 2491 1014 2547 redimitus
1044 2492 1105 2546 in
1135 2493 1359 2563 regiam
1390 2492 1607 2558 rediit;
1635 2508 1890 2563 cumque
1922 2509 1985 2547 se
2015 2508 2156 2563 pau-

494 2582 686 2638 lulum
745 2598 880 2636 cum
910 2597 1094 2636 uxore
1126 2585 1185 2636 et
1207 2580 1414 2635 liberis
1473 2580 1859 2649 oblectasset,
1914 2597 2155 2636 rursum

495 2690 557 2728 se
579 2672 653 2727 ad
674 2669 1106 2742 rempublicam
1127 2669 1577 2743 gubernandam
1608 2669 1879 2726 contulit.

2258 1885 2352 1927 σας
2400 1865 2749 1940 κατέσκαψεν.
2810 1868 3045 1924 Ἐκεῖθεν
3105 1869 3325 1945 ἀγείρας
3382 1870 3474 1926 τὸν
3527 1870 3726 1943 στρατὸν
3766 1876 3840 1938 τῆς

2261 1952 2349 2008 ἐπὶ
2377 1955 2477 2023 τήν
2516 1953 2905 2028 βασιλεύουσαν
2952 1954 3159 2032 εἷ’χετο.
3216 1959 3322 2015 Καὶ
3375 1960 3504 2021 τοὺς
3545 1958 3631 2031 μὲν
3657 1957 3842 2030 ἀριστεύ-

2262 2062 2450 2104 σαντας
2478 2048 2587 2098 τῶν
2638 2050 2986 2120 στρατιωτῶν
3032 2049 3271 2119 τιμήσας
3322 2047 3600 2104 ἀπέλυσεν·
3650 2047 3781 2108 αὐτὸς
3803 2044 3843 2100 δὲ

2258 2134 2358 2202 τήν
2393 2130 2653 2208 βασιλίδα
2693 2135 2986 2210 κατασχὼν
3045 2134 3133 2190 καὶ
3196 2136 3522 2212 περαιωθεὶς
3567 2136 3638 2200 εἷς
3660 2137 3840 2211 Θρᾴκην,

2263 2221 2323 2276 ἐκ
2349 2226 2448 2276 τσῦ
2483 2217 2719 2294 Ἐϐόμου
2773 2225 2873 2292 τήν
2922 2220 3195 2297 δημοσίαν
3244 2226 3612 2299 ποιησάμενος
3641 2221 3840 2300 πρόοδον,

2262 2307 2352 2365 διὰ
2377 2316 2478 2380 τῆς
2511 2313 2731 2380 Χουσῆς
2776 2311 2985 2386 πόρτης
3038 2312 3295 2376 εἰσελθὼν
3352 2314 3443 2369 καὶ
3490 2308 3728 2389 θρίαμϐον
3750 2331 3842 2366 κατ-

2264 2398 2479 2476 αγαγὼν
2538 2399 3140 2477 μεγαλοπρεπέστατον,
3169 2400 3267 2456 τοῦ
3330 2400 3510 2477 δήμου
3566 2403 3738 2464 παντὸς
3763 2400 3847 2455 ἐπι-

2261 2487 2453 2551 νικίοις
2513 2495 2716 2566 φωναῖς
2776 2489 2865 2545 καὶ
2926 2490 3225 2570 εὐφημίαις
3277 2492 3446 2547 αὐτὸν
3519 2491 3851 2568 μεγαλυνοντος

2264 2578 2396 2653 ἄχρι
2454 2582 2551 2632 τοῦ
2610 2582 2738 2634 ναοῦ
2794 2585 2896 2648 τῆς
2962 2583 3060 2634 τοῦ
3116 2583 3250 2635 Θεοῦ
3302 2579 3655 2636 ένυποστάτου
3697 2576 3850 2654 Sosia:

2266 2666 2495 2743 ἐγένετο.
2552 2667 2760 2723 Ἐκεῖσε
2789 2665 2848 2722 δὲ
2900 2668 3192 2743 γενόμενος
3246 2669 3341 2725 καὶ
3385 2674 3466 2742 τῷ
3518 2673 3628 2741 Θεῷ
3678 2666 3849 2741 εὔχαρι·

501 2761 761 2835 στηρίους
820 2755 1062 2820 ἀποδοὺς
1116 2756 1338 2831 ὕμνους,
1417 2757 1564 2832 παρὰ
1650 2756 1913 2834 Ἰγνατίου
1961 2778 2020 2811 τε
2074 2760 2172 2812 τοῦ
2228 2759 2569 2831 πατριάρχου
2626 2757 2940 2821 ταινιωθεὶς
2997 2757 3277 2837 στεφάνοις
3341 2762 3473 2831 (81),
3523 2756 3754 2821 ἐπανῆκεν
3800 2753 3853 2812 Ek

492 2850 559 2905 τὰ
619 2846 870 2923 βασίλεια
906 2892 920 2918 ,

495 2959 656 2996 σεων.

565 3031 735 3084 Anno
767 3028 872 3100 qui
902 3028 1063 3083 hunc
1083 3028 1351 3099 proxime
1382 3028 1733 3083 subsecutus
1755 3031 2004 3096 est,cum
2036 3028 2149 3081 Ma-

493 3120 710 3176 nichzei
742 3121 891 3177 duce
940 3120 1332 3191 Chrysochire
1364 3133 1577 3193 magno
1610 3136 1745 3175 cum
1790 3118 2055 3174 exercitu
2086 3118 2149 3171 in

492 3212 896 3265 Romanorum
911 3209 1201 3264 ditionem
1221 3209 1681 3280 impressionem
1699 3206 1982 3263 fecissent
1999 3222 2152 3261 eam-

493 3316 607 3369 que
638 3298 1476 3370 deprmdarenturﬁmperator
1496 3297 1569 3352 de
1584 3313 1747 3352 more
1761 3301 1969 3352 contra
1990 3297 2151 3350 hunc

494 3387 679 3442 mittit
707 3387 1048 3441 scholarum
1086 3386 1439 3456 principem.
1470 3387 1526 3440 Is
1554 3385 1899 3440 universum
1948 3400 2150 3439 secum

494 3476 718 3530 ducens
735 3476 1068 3530 Romanum
1093 3473 1579 3541 exercitum,cum
1595 3473 1668 3528 de
1689 3489 1927 3529 summa
1950 3489 2152 3527 rerum

492 3564 701 3636 prmlio
721 3564 1026 3620 decertare
1051 3580 1173 3618 non
1203 3562 1449 3619 auderet
1465 3563 1819 3634 aliquandiu
1838 3561 2150 3618 intervallo

495 3656 846 3728 interposito
884 3656 1119 3711 hostem
1163 3655 1525 3726 insequitur,
1578 3659 1636 3709 et
1666 3654 1860 3709 obstat
1889 3671 1964 3709 ne
2010 3653 2151 3708 hinc

491 3746 631 3801 inde
662 3762 977 3802 excurrere
1004 3763 1073 3802 ac
1088 3747 1296 3802 που)
1317 3745 1570 3817 palando
1597 3760 1704 3817 per
1731 3744 1861 3801 loca
1890 3743 2148 3816 dispergi

500 3835 763 3891 auderet.
802 3834 916 3891 Sed
944 3835 1047 3890 ubi
1080 3834 1371 3890 Barbarus
1400 3834 1673 3906 quasdam
1705 3850 1907 3906 agens,
1930 3832 2149 3905 partim

493 3923 782 3995 propositi
815 3922 1006 3995 impos
1037 3923 1278 3979 domum
1311 3922 1506 3978 redire
1539 3922 1793 3978 intendit
1813 3939 1881 3977 ac
1911 3921 2150 3993 copiosa

494 4029 629 4067 cum
658 4012 859 4083 praeda
889 4014 1003 4067 iter
1027 4012 1175 4068 illud
1206 4012 1393 4081 inivit,
1427 4012 1789 4068 domesticus
1809 4010 2147 4067 scholarum

495 4099 727 4156 duobus
778 4100 1046 4171 ducibus,
1097 4118 1349 4172 quorum
1398 4119 1557 4157 unus
1605 4099 1941 4156 Charsianis
1997 4099 2150 4155 alter

493 4191 866 4246 Armeniacis
897 4197 1169 4262 praeerat,
1200 4191 1471 4263 praecipit
1498 4196 1564 4246 ut
1593 4208 1726 4246 cum
1758 4191 1830 4244 iis
1863 4206 2008 4260 quas
2040 4189 2148 4244 du-

493 4280 707 4335 cebant
731 4280 1074 4335 cohortibus
1097 4281 1550 4352 Chrysochirem
1572 4297 1764 4351 usque
1796 4278 1869 4333 ad
1904 4278 2147 4349 Bathyr-

488 4368 728 4424 rhacem
758 4386 910 4441 pone
959 4374 1305 4440 sequantur,
1359 4374 1418 4424 et
1447 4369 1494 4424 si
1546 4368 1787 4439 quidem
1815 4368 1867 4421 is
1913 4366 2050 4422 inde
2081 4367 2144 4421 in

984 2847 1177 2923 μικρόν
1258 2868 1319 2903 τε
1376 2847 1661 2918 συνησθεὶς
1731 2850 1803 2920 τῇ
1875 2846 2086 2923 γυναικὶ
2152 2846 2242 2901 καὶ
2297 2851 2415 2909 τοῖς
2468 2844 2674 2908 τέκνοις
2718 2850 2827 2902 τῶν
2883 2843 3188 2902 πολιτικῶν
3248 2848 3407 2911 αὗθις
3464 2846 3639 2923 εἴχετο
3691 2843 3854 2900 διοική-

2329 3027 2422 3096 Τῷ
2453 3020 2500 3078 δ’
2540 3023 2746 3079 ἐπιόντι
2804 3023 2992 3100 χρόνῳ
3040 3029 3127 3080 τιῦ
3172 3030 3280 3080 τῶν
3330 3024 3645 3100 Μανιχαίων
3684 3021 3853 3095 ἐξηγου-

2266 3117 2430 3189 μένου
2480 3117 2856 3192 Χρυσόχειρος
2888 3116 2966 3178 εἷς
3012 3117 3112 3185 τήν
3163 3121 3271 3171 τῶν
3316 3118 3605 3190 Ῥωμαίων
3635 3110 3853 3187 ἐμϐαλόν·

2258 3224 2350 3265 τος
2386 3206 2543 3279 βαρεῖ
2572 3208 2783 3279 στρατῷ
2812 3204 2903 3259 καὶ
2949 3205 3151 3275 ταύτην
3199 3204 3557 3279 ληϊζομένου,
3587 3199 3856 3260 ἀποστέλλει

2258 3295 2375 3347 κατ’
2421 3293 2587 3348 αὐτοῦ
2646 3295 2892 3363 συνήθως
2929 3294 2958 3347 ὁ
2993 3291 3248 3368 βασιλεὺς
3295 3296 3392 3350 τὸν
3446 3296 3552 3350 τῶν
3586 3290 3779 3371 σχολῶν
3804 3288 3859 3357 ἐξ.

2259 3383 2588 3457 ηγούμενον.
2620 3382 2798 3446 Οὗτος
2842 3380 2921 3453 δὲ,
2969 3381 3143 3438 πάντα
3191 3383 3287 3439 τὸν
3330 3384 3632 3457 Ῥωμαϊκὸν
3678 3378 3856 3456 στρατὸν

2259 3469 2754 3547 συμπαρειληφὼς,
2793 3468 2982 3539 ἐπειδὴ
3035 3468 3260 3543 σταδαίᾳ
3307 3475 3469 3548 μάχῃ
3500 3477 3669 3547 κρῖναι
3695 3470 3750 3525 τὸ
3782 3473 3858 3521 πᾶν

2261 3556 2487 3629 έδειλία,
2542 3560 2837 3635 παρείπετο
2892 3559 3030 3622 τέως
3071 3559 3219 3634 αὖτῷ
3247 3561 3357 3618 ἀπό
3412 3583 3563 3623 τινος
3611 3558 3858 3632 διαστήμα·

2256 3671 2373 3722 τος,
2432 3650 2522 3706 καὶ
2576 3649 2671 3713 τάς
2736 3651 2961 3728 μερικὰς
3013 3651 3223 3728 ἀνεῖργε
3280 3651 3656 3729 καταδρομὰς,
3706 3650 3778 3703 καὶ
3813 3646 3857 3700 οὐ

2258 3740 2559 3814 συνεχώρει
2615 3740 2753 3795 κατᾶ
2829 3747 2932 3810 τῆς
3009 3742 3198 3815 χώρας
3286 3740 3466 3805 ἀδεῶς
3527 3736 3857 3796 διασκίδναθαι.

2257 3828 2346 3892 Ὡς
2385 3828 2477 3883 οὗν
2524 3828 2593 3883 τὰ
2643 3828 2737 3901 μὶν
2791 3826 2935 3902 δρῶν
2987 3830 3055 3884 τὰ
3105 3827 3163 3884 δὲ
3220 3830 3540 3903 ἂπρακτῶν,
3573 3832 3599 3886 ὁ
3631 3822 3857 3902 Βᾶρϐαρος

2257 3913 2366 3986 ἤδη
2400 3915 2489 3971 καὶ
2519 3923 2620 3986 τῆς
2665 3921 2806 3992 πρῢς
2851 3917 2921 3972 τὰ
2977 3916 3123 3973 οἲκοι
3190 3917 3464 3975 ἐπανόδου
3521 3918 3771 3993 ἐμέμνητο
3792 3911 3857 3967 καὶ

2260 4006 2395 4077 μετὰ
2447 4003 2597 4066 λείας
2662 4012 2873 4081 συχνῆς
2930 4006 3281 4082 ὑπέστρεψεν,
3348 4010 3378 4064 ὁ
3430 4006 3735 4082 δομέστικος
3776 4006 3855 4056 τῶν

2258 4093 2478 4174 σχολῶν
2534 4091 2629 4150 δύο
2684 4100 2792 4151 τῶν
2848 4096 3165 4171 στρατηγῶν
3225 4097 3496 4175 ἀφώρισε,
3552 4095 3639 4153 τόν
3688 4114 3739 4149 τε
3778 4091 3851 4144 τοῦ

2255 4187 2567 4258 Χαρσιανοῦ
2615 4185 2727 4257 (82)
2765 4183 2855 4238 καὶ
2900 4185 2995 4239 τὸν
3031 4189 3140 4239 τῶν
3184 4186 3591 4260 Ἀρμενιακῶν,
3641 4184 3758 4259 μετᾶ
3785 4185 3857 4246 τῆς

2255 4272 2378 4347 περὶ
2428 4271 2586 4327 αὐτὸν
2643 4268 2923 4345 δυνάμεως
2997 4269 3219 4329 ἕκαστον
3290 4276 3759 4350 συμπαρομαρτεῖν
3802 4268 3858 4336 τῷ

2257 4361 2596 4436 Χρυσόχειρι
2651 4359 2785 4437 ἄχρι
2840 4366 2938 4417 τοῦ
2972 4361 3269 4437 λεγομένου
3301 4364 3695 4441 Βαθυρῥύακος,
3718 4360 3861 4415 κάκεῖ-

489 4439 785 4513 Romanos
831 4474 1002 4529 agros
1045 4439 1118 4513 ac
1152 4458 1301 4512 ﬁnes
1352 4457 1585 4513 emittat
1631 4456 1903 4525 militem,
1937 4454 2047 4511 sibi
2086 4453 2148 4509 id

2259 4461 2344 4515 θεν
2402 4450 2449 4505 εἰ
2508 4450 2602 4523 μὲν
2657 4448 2944 4527 έπαφήσει,
3006 4452 3165 4530 φησὶ,
3223 4454 3364 4508 κατὰ
3422 4439 3531 4509 τῶν
3586 4450 3855 4523 Ῥωμαϊκῶν

487 4545 843 4617 signiﬁcent,
892 4546 984 4600 sin
1015 4545 1088 4600 ab
1148 4562 1217 4600 eo
1266 4548 1393 4601 loco
1447 4550 1608 4601 recta
1651 4545 1891 4599 domum
1936 4559 2142 4600 versus

488 4634 923 4704 proﬁciscatur,
957 4635 1085 4705 ipso
1135 4635 1353 4689 omisso
1384 4634 1458 4689 ad
1489 4651 1550 4689 se
1598 4638 1991 4689 revertantur.
2026 4632 2141 4687 Sub

492 4737 797 4792 vesperam
844 4738 976 4776 cum
1009 4722 1083 4777 ad
1126 4722 1350 4778 dictum
1381 4723 1578 4779 locum
1624 4725 1865 4781 (nomen
1897 4727 1988 4778 est
2013 4722 2142 4777 loco

488 4810 560 4866 ab
588 4809 727 4865 altis
783 4810 1037 4865 inditum
1088 4810 1518 4881 crepidinibus)
1577 4810 1814 4866 Barbari
1846 4810 1905 4864 in
1946 4810 2144 4865 radice

489 4899 711 4955 montis
766 4898 1199 4967 consedissent,
1237 4899 1396 4953 inter
1449 4898 1673 4953 milites
1719 4901 2140 4967 Romanorum,

486 4990 588 5062 qui
648 4990 989 5063 superioros
1037 4990 1258 5044 montis
1311 4995 1509 5061 partes
1565 4994 2015 5061 occupaverant,
2071 4989 2145 5043 de

483 5081 716 5136 virtutis
747 5085 1006 5153 prmstan
1021 5080 1101 5136 tia
1121 5085 1422 5136 certamen
1443 5080 1673 5150 incidit,
1700 5085 1953 5151 utroque
1985 5095 2147 5133 exer-

484 5172 603 5226 citu
636 5170 749 5225 sibi
774 5171 999 5243 primas
1028 5170 1397 5226 fortitudinis
1422 5173 1753 5243 arrogante.
1776 5170 2144 5241 Augescente

486 5259 893 5325 contentione,
927 5264 985 5314 et
1013 5264 1268 5330 utroque
1300 5260 1559 5314 exercitu
1591 5258 1665 5313 ad
1697 5258 1985 5331 majorem
2007 5274 2143 5328 pro-

2251 4540 2415 4623 ὁρίων
2474 4540 2700 4615 στρατὸν
2758 4537 2904 4609 δῆλα
2963 4541 3148 4605 θέσθαι
3208 4543 3357 4616 αὐτῷ
3418 4544 3487 4600 τὰ
3525 4543 3643 4616 περὶ
3684 4538 3857 4598 τούτου,

2252 4631 2337 4703 [Ρ.
2371 4630 2497 4702 572]
2546 4629 2591 4683 εἰ
2644 4625 2701 4684 δὲ
2758 4625 2943 4684 οἴκαδε
2993 4630 3394 4707 ἀμεταστρεπτὶ
3442 4630 3714 4707 βαδίσειεν,
3742 4626 3859 4681 tim

2250 4738 2349 4781 τας
2402 4720 2592 4772 τοῦτον
2644 4718 2795 4779 αὖθις
2851 4716 3160 4784 ἐπανελθεῖν
3217 4720 3359 4793 πρὸς
3412 4720 3597 4777 αὐτόν.
3650 4716 3858 4787 Ἐσπὲρας

2253 4808 2348 4862 οὗν
2401 4802 2840 4879 καταλαϐούσης,
2906 4808 2996 4863 καὶ
3049 4812 3146 4863 τοῦ
3209 4805 3553 4885 βαρϐαρικοῦ
3609 4806 3858 4882 στρτεῦμα·
3958 4826 3959 4879 γ

2254 4917 2345 4959 τος
2375 4897 2665 4973 γεγονότος
2690 4895 2826 4951 κατὰ
2880 4896 2975 4951 τὸν
3035 4895 3397 4972 Βαθυρῥύακα
3456 4897 3795 4970 αὐλισαμένου
3818 4907 3860 4943 τε

2251 4986 2388 5041 κατᾶ
2434 4985 2534 5054 τὴν
2591 4989 2691 5039 τοῦ
2746 4983 2912 5058 ὅρους
2962 4986 3256 5061 ὑπώρειαν,
3314 4992 3430 5042 τῶν
3493 4986 3551 5043 δὲ
3606 4984 3858 5061 εἰρημένων

2254 5078 2574 5150 σιρατηγῶν
2632 5073 2988 5149 καταγόντων
3042 5077 3112 5130 τὰ
3156 5075 3354 5131 τούτου
3419 5074 3771 5152 μετεωρότερα
3793 5065 3859 5123 καὶ

2251 5165 2314 5219 τὸ
2375 5161 2573 5237 μέλλεν
2628 5163 3111 5233 ἀποσκοπούντῶν,
3167 5166 3435 5239 ἒμπίπτει
3497 5189 3582 5230 τις
3636 5162 3737 5239 ἔρις
3768 5155 3860 5229 περὶ

2253 5252 2536 5329 πρωτείων
2566 5251 2655 5307 καὶ
2684 5250 2899 5326 ἅμιλλα
2929 5258 3045 5315 τοῖς
3081 5258 3186 5309 τῶν
3221 5251 3316 5309 δύο
3366 5255 3617 5330 θεμάτων
3647 5245 3859 5325 στρατιώ-

1703 5354 2069 5413 XYLANDRI
2109 5357 2192 5411 ET
2231 5356 2451 5412 GOARI
2488 5356 2712 5411 NOTAE.

562 5457 671 5525 (81)
693 5457 883 5529 Semel
906 5458 1234 5529 suscipiens
1258 5457 1664 5529 imperium,et
1685 5454 2149 5529 secundoiquan-

491 5528 685 5597 doque
717 5527 1108 5599 triumphans,
1133 5527 1530 5599 coronabatur
1558 5528 1901 5599 imperator.
1934 5527 2146 5599 Primae

488 5597 915 5656 coronationis‘
952 5600 1182 5670 insigne
1237 5598 1452 5671 στέμμα
1498 5605 1588 5655 est
1616 5597 1861 5669 Codino,
1901 5597 2147 5654 alterius

2257 5455 2436 5535 hujus
2462 5450 3054 5535 τΕ-οπαιουχίαηθίᾶθῐη
3084 5471 3135 5509 c.
3183 5472 3254 5511 v1.
3290 5458 3374 5511 Ita
3423 5456 3696 5529 Georgius
3721 5452 3855 5507 Core-

2257 5524 2381 5582 sius
2410 5527 2471 5579 in
2499 5524 2796 5596 Epistolis.
2827 5525 3002 5596 Gou.

2330 5599 2439 5667 (82)
2468 5594 2851 5667 Cappadocim
2881 5595 3016 5654 loci.
3052 5597 3229 5654 Cum.
