4056 6276
251 410 403 471 1097

1456 409 1820 471 HISTORIA
1836 406 2012 471 RUM
2058 407 2587 471 COMPENDIUM
2598 451 2612 466 .

3496 404 3658 466 1098

251 560 391 605 ταις⁶
424 544 477 597 οἱ
512 543 606 615 μὲν
663 542 768 618 γὰρ
832 545 932 596 τοῦ
989 544 1298 617 Χαρσιανοῦ
1356 543 1564 604 ἑαυτοῖς
1622 540 1897 597 ἐνίσταντο

2023 541 2245 597 labente
2255 540 2631 613 jactantiam,
2651 538 2971 611 quemdam
2994 555 3063 593 ex
3075 537 3448 593 Armeniacis
3467 537 3673 594 ferunt

248 636 362 693 τοῖς
391 638 496 701 τῆς
534 628 755 705 ἀνδρίας
805 631 1063 705 ἁρμόζειν
1113 635 1375 705 πρωτεῖα,
1409 629 1649 703 ἔμπαλιν
1691 629 1746 686 δὲ
1777 632 1894 685 εαυ-

248 724 362 782 τοῖς
392 719 444 773 οἱ
477 719 853 793 Ἀρμενιακοί.
886 719 976 780 Ὡς
1009 717 1101 773 οὖν
1151 717 1240 774 ἐπὶ
1290 717 1547 774 πλεῖστον
1606 717 1809 794 ἐχώρει
1837 718 1906 772 τὰ

248 816 347 878 τῆς
414 807 750 885 φιλονεικίας
817 807 907 862 καὶ
965 807 1102 883 πρὸς
1158 807 1222 862 τὸ
1281 807 1633 884 μεγάλαυχον
1681 807 1905 882 ἑκάτερα

249 892 440 973 ἔρρεπε
492 901 600 952 τῶν
655 895 994 970 ταγμάτων,
1066 895 1290 951 ἐνταῦθα
1360 894 1426 966 δή
1490 894 1708 971 λέγεται
1761 917 1908 971 παρα

245 1006 394 1046 τινος
442 984 707 1062 λεχθῆναι
738 989 835 1039 τοῦ
868 989 975 1038 τῶν
1012 986 1388 1058 Ἀρμενιακῶν
1424 987 1796 1059 συστήματος,
1829 986 1904 1046 ὡς

250 1079 369 1132 Ἵνα
398 1076 450 1129 τί
486 1075 681 1148 μάτην,
716 1076 762 1129 ὦ
794 1079 1208 1150 συστρατιῶται,
1241 1074 1497 1150 ἀπρεπῶς
1533 1075 1908 1149 θρασυνόμεθα

249 1163 365 1238 ἐξὸν
414 1168 531 1225 τοῖς
578 1161 763 1236 ἓργοις
831 1157 1319 1238 ἀναμφισϐήτητον
1395 1164 1590 1238 ἀρετὴν
1641 1161 1908 1236 ἐπιδείξα-

251 1266 412 1324 σθαις
446 1254 513 1311 Οἱ
570 1251 833 1327 πολέμιοι
893 1252 996 1330 γὰρ
1042 1252 1103 1306 οὐ
1148 1252 1380 1326 μακρὰν,
1431 1253 1521 1307 καὶ
1589 1246 1786 1325 ἔξεστιν
1820 1251 1908 1306 ἐπὶ

250 1348 357 1398 τῶν
418 1341 592 1418 ἔργων
656 1349 889 1421 φανῆναι
945 1340 1073 1403 τοὺς
1130 1340 1386 1415 ἀριστεῖς.
1448 1342 1586 1402 Τοὺς
1616 1341 1898 1401 τοιούτους

247 1432 424 1487 τοίνυν
481 1430 684 1505 λόγους
754 1428 1190 1493 διενωτισθὲντες
1225 1430 1276 1484 οἱ
1324 1428 1623 1507 στρατηγοὶ
1673 1429 1764 1484 καὶ
1806 1430 1907 1497 τὴν

248 1522 387 1595 πρὸς
417 1517 638 1595 ἀνδρίαν
672 1520 840 1592 ὁρκήν
889 1519 1321 1589 κατανοήσαντες
1375 1522 1471 1573 τοῦ
1524 1517 1683 1587 λαοῦ,
1735 1538 1905 1573 κατα-

257 1609 522 1680 μαθόντες
554 1603 610 1662 δὲ
638 1608 725 1661 καὶ
758 1608 857 1675 τὴν
906 1607 1010 1661 ἀπὸ
1061 1611 1158 1661 τοῦ
1208 1606 1380 1662 τόπου
1431 1607 1710 1681 βοήθειαν,
1743 1607 1825 1661 δτι
1857 1604 1908 1678 ἐξ

254 1694 583 1771 ὑπερδεξίων
632 1694 928 1769 μέλλουσιν
974 1694 1307 1759 ἐπιτίθεσθαι
1363 1700 1481 1756 τοῖς
1535 1694 1827 1767 πολεμίοις
1860 1694 1910 1748 ἐν

249 1784 432 1859 κοίλῳ
458 1785 732 1858 κειμένοις
786 1785 963 1857 τόπῳ,
1016 1781 1148 1859 διχῆ
1204 1781 1473 1859 διαιροῦσι
1529 1786 1628 1853 τήν
1660 1781 1906 1858 δύναμιν.

2014 631 2232 686 dixisse
2262 646 2275 684 :
2302 631 2594 695 Quorsum
2613 629 2844 693 attinet,
2867 627 3328 692 commilitones,
3356 632 3477 682 tam
3501 628 3671 683 inde-

2015 722 2220 774 center
2247 718 2495 773 ferocire
2515 718 2544 772 ?
2566 733 2701 772 cum
2720 717 2893 772 liceat
2909 716 3078 771 factis
3099 716 3375 770 virtutem
3394 720 3668 772 testatam

2014 806 2285 872 reddere,
2336 806 2613 862 hostibus
2657 805 2718 860 in
2748 805 3019 877 proximo
3058 804 3449 872 versantibus,
3481 822 3665 876 reque

2016 895 2146 967 ipsa
2174 895 2347 951 detur
2377 895 2785 950 demonstrare
2818 895 2918 965 qui
2951 895 3164 948 virtute
3204 892 3326 948 sint
3355 893 3555 964 primi.
3587 895 3670 949 Ea

2017 984 2193 1039 verba
2235 1001 2370 1039 cum
2413 983 2488 1039 ad
2536 1000 2710 1038 aures
2742 984 2958 1038 ducum
2993 982 3422 1054 pervenissent,
3455 988 3513 1037 et
3540 982 3665 1037 ala-

2017 1073 2288 1128 critatem
2313 1073 2571 1127 militum
2594 1070 2666 1127 ad
2687 1088 2945 1143 pugnam
2966 1071 3387 1143 intelligerent,
3412 1087 3523 1126 nec
3544 1087 3669 1126 non

2016 1160 2205 1231 ipsius
2234 1160 2350 1215 loci
2381 1159 2886 1231 opportunitatem
2921 1158 3213 1213 sentirent
3242 1158 3353 1212 sibi
3385 1158 3457 1212 ad
3488 1158 3672 1213 victo-

2016 1249 2167 1303 riam
2221 1254 2587 1303 momentum
2621 1248 2820 1302 1011
2879 1247 3038 1301 haud
3079 1246 3201 1301 leve
3250 1247 3482 1313 afferre,
3516 1245 3673 1317 quod

2020 1353 2050 1392 e
2083 1337 2326 1392 sublimi
2376 1337 2505 1392 loco
2555 1337 2616 1391 in
2666 1337 2866 1391 hostes
2898 1339 3068 1390 erant
3122 1335 3411 1405 impetum
3454 1334 3670 1401 daturi,

2019 1427 2120 1499 qui
2152 1426 2214 1480 in
2245 1425 2392 1480 valle
2423 1431 2617 1480 castra
2646 1423 2963 1492 habebant,
2997 1422 3321 1478 exercitum
3351 1438 3590 1478 omnem
3611 1423 3673 1477 in

2019 1516 2166 1571 duas
2197 1514 2469 1570 dividunt
2515 1519 2734 1585 partes,
2768 1513 2851 1568 ita
2899 1517 2964 1567 ut
3019 1512 3223 1567 selecti
3256 1511 3329 1567 ad
3363 1516 3675 1566 sexcentos

2020 1604 2244 1660 milites
2275 1621 2410 1660 cum
2442 1604 2586 1676 ipsis
2616 1602 2962 1658 ductoribus
2993 1603 3053 1656 in
3087 1602 3318 1657 hostem
3350 1601 3673 1670 irruerent,

2019 1692 2235 1763 reliqui
2260 1709 2510 1748 numero
2532 1708 2651 1747 non
2682 1691 2855 1746 multi
2886 1690 2948 1745 in
2980 1689 3217 1745 sublimi
3242 1691 3676 1755 starent,simu-

2019 1783 2141 1839 lata
2164 1783 2551 1839 multitudine
2577 1801 2590 1851 ;
2623 1783 2823 1853 itaque
2853 1798 2979 1837 rem
3023 1787 3410 1852 componunt,
3442 1784 3508 1835 ut
3536 1796 3673 1835 cum

247 1875 350 1929 Καὶ
390 1875 452 1929 τὸ
482 1874 575 1947 μὲν
636 1870 883 1950 ἔκκριτον
949 1873 1152 1944 ταύτης
1220 1870 1386 1952 ἄχρις
1445 1871 1738 1942 ἑξακοσίων
1794 1874 1908 1947 μετ’

298 1963 312 1975 .
366 1966 391 1975 ..
596 1968 623 1975 -
974 1966 999 1975 -
1236 1957 1265 1975 ο
1307 1960 1325 1975 ς
1373 1967 1394 1975 ..
1464 1960 1477 1975 .
1567 1961 1608 1975 η.
1721 1965 1748 1975 -
1831 1966 1858 1975 -

2023 1871 2108 1927 illi
2161 1873 2395 1928 hostem
2439 1871 2835 1941 adorirentur,
2887 1870 3047 1926 illico
3097 1870 3158 1924 hi
3209 1870 3467 1924 maximo
3540 1884 3677 1924 cum

251 1963 433 2019 αὐτῶν
466 1983 530 2037 γε
556 1968 666 2017 τῶν
727 1966 1041 2039 στρατηγῶν
1089 1957 1420 2036 προσϐαλεῖν
1462 1960 1648 2037 ἐκρίθη
1684 1965 1761 2033 τῷ
1791 1966 1900 2016 τῶν

257 2047 548 2128 βαρϐάρων
607 2056 849 2128 στρατῷ’
903 2052 967 2106 τὸ
1026 2048 1084 2105 δὲ
1141 2048 1336 2105 λοιπὸν
1393 2053 1483 2105 καὶ
1537 2050 1903 2125 εὐαρίθμητον

247 2147 352 2211 τῆς
386 2142 701 2213 Ῥωμαϊκῆς
734 2144 985 2215 στρατιᾶς
1037 2138 1112 2201 εἷς
1170 2136 1396 2208 δόκησιν
1457 2138 1708 2210 πλήθους
1738 2142 1902 2194 αὑτοῦ

250 2253 360 2288 που
400 2232 748 2292 σκευάσαντες
781 2231 918 2307 πρὸς
964 2231 1032 2286 τά
1065 2230 1310 2304 μετὲωρα
1354 2224 1603 2300 ἔστησαν,
1654 2228 1903 2303 σύνθημα

252 2321 432 2383 δόντες
459 2321 531 2375 ’ἕν’
570 2320 695 2375 ὅταν
728 2318 878 2375 οὗτοι
910 2314 1269 2395 προσϐάλωσι
1293 2323 1411 2382 τοῖς
1441 2317 1686 2393 ἐχθροῖς,
1708 2320 1901 2374 κάκεῖ-

250 2432 337 2465 νοι
398 2410 492 2465 σὺν
551 2407 866 2484 ἀλαλαγμῷ
917 2408 1158 2482 μεγίστῳ
1212 2406 1302 2462 καὶ
1362 2403 1651 2485 σάλπιγξιν
1682 2407 1900 2479 ἐκπλη-

251 2501 445 2567 κτικήν
509 2498 646 2573 βοήν
708 2496 1073 2573 ἀναῤῥήξωσι,
1134 2496 1588 2571 συνεπηχούντων
1647 2496 1738 2552 καὶ
1792 2502 1900 2552 τῶν

252 2588 445 2662 ὀρέων,
479 2585 571 2641 καὶ
626 2584 801 2648 οὕτως
831 2585 1044 2662 ἀφανῶς
1075 2582 1165 2639 διὰ
1216 2588 1320 2650 τῆς
1372 2584 1563 2647 νυκτὸς
1612 2589 1683 2659 τῇ
1741 2605 1900 2660 στρα-

249 2675 505 2747 τοπεδείᾳ
532 2680 638 2732 τῶν
699 2673 910 2751 ἐχθρῶν
964 2672 1335 2744 πλησιάζωσι.
1387 2673 1490 2731 Καὶ
1522 2673 1776 2729 τοιούτου
1808 2672 1902 2729 δο-

255 2764 439 2830 θέντος
471 2765 839 2836 συνθήματος,
873 2762 1026 2818 οὔπω
1084 2766 1180 2817 τοῦ
1234 2760 1398 2831 ἡλίου
1454 2762 1550 2823 τὰς
1598 2761 1900 2838 ἀκρωρείας

254 2851 608 2929 αὐγάζοντος,
654 2854 759 2927 βοῇ
817 2846 1043 2927 στιϐαρᾷ
1100 2850 1466 2912 παιανίσαντες
1514 2851 1700 2905 καὶτὸ
1729 2858 1906 2905 Σταυ-

261 2944 353 3017 ρὸς
384 2941 648 3010 νενίκηκε,
685 2936 1093 3014 συμϐοήσαντες
1123 2939 1450 2994 ἐπιτίθενται
1507 2943 1623 3000 τοῖς
1655 2938 1902 3017 ἐχθροῖς,

259 3028 807 3099 συνεπαλαλαζόντων
836 3029 943 3085 ἀπὸ
993 3033 1091 3084 τοῦ
1144 3024 1304 3104 ὅρους
1357 3027 1448 3083 καὶ
1504 3033 1614 3083 τῶν
1669 3026 1903 3085 λοιπῶν.

263 3118 442 3182 Εὐθὺς
472 3119 563 3173 οὖν
593 3119 645 3173 οἱ
675 3113 952 3192 Βάρϐαροι
979 3121 1058 3189 τῷ
1084 3115 1398 3189 ἀνελπίστῳ
1448 3106 1906 3191 καταπλαγέντες,

254 3208 349 3262 καὶ
375 3209 517 3280 μήτε
551 3212 810 3275 συστῆναι
847 3206 986 3279 μήτε
1038 3204 1101 3259 τὸ
1158 3203 1309 3259 ἐπιὸν
1368 3202 1583 3274 πλῆθος
1639 3203 1765 3259 ὅσον
1796 3203 1906 3258 ἐστὶ

2022 1961 2235 2033 plausu
2267 1966 2326 2016 et
2355 1961 2510 2016 tubis
2551 1961 2902 2017 canentibus
2935 1959 3259 2015 terribilem
3290 1959 3550 2014 ederent
3578 1975 3678 2012 vo-

2014 2050 2445 2119 ciferationem,
2478 2049 2862 2106 reboantibus
2903 2048 3085 2104 simul
3119 2047 3438 2103 montibus.
3464 2048 3564 2101 His
3591 2047 3675 2102 ita

2012 2140 2377 2211 compositis,
2436 2138 2667 2195 occulte
2718 2155 2826 2210 per
2874 2142 3131 2207 noctem,
3195 2142 3516 2208 antequam
3582 2136 3674 2191 sol

2013 2245 2246 2283 summa
2305 2228 2596 2283 montium
2646 2226 2984 2291 illustraret,
3036 2226 3110 2281 ad
3163 2230 3357 2281 castra
3409 2225 3671 2279 hostium

2010 2316 2380 2389 perveniunt,
2414 2333 2744 2388 magnaque
2779 2332 2917 2371 voce
2947 2331 3214 2386 paeanem
3245 2318 3575 2378 cantantes,
3609 2317 3669 2368 et

2013 2413 2166 2467 Vicit
2193 2430 2339 2468 crux
2364 2413 2827 2481 conclamantes,
2870 2411 3294 2485 aggrediuntur
3320 2411 3554 2465 hostem
3587 2409 3668 2464 si-

2011 2501 2139 2556 mul
2169 2502 2419 2572 reliquis
2450 2501 2521 2557 de
2553 2508 2756 2557 monte
2788 2501 3110 2556 militarem
3128 2498 3670 2554 conclamationem

2014 2589 2351 2645 edentibus.
2392 2593 2468 2645 At
2497 2588 2738 2646 Barbari
2787 2588 2981 2645 subito
3013 2605 3077 2643 re
3109 2588 3410 2659 insperata
3438 2590 3673 2658 perter-

2009 2679 2217 2747 reri,et
2244 2696 2438 2750 neque
2471 2679 2628 2734 inter
2657 2695 2719 2734 se
2751 2679 2932 2745 coire,
2962 2695 3159 2749 neque
3181 2676 3653 2747 contemplandas

2011 2767 2368 2822 irruentium
2413 2768 2677 2824 hostium
2722 2768 3123 2823 multitudinis
3154 2771 3389 2837 tempus
3416 2766 3664 2835 habere,

2014 2873 2207 2928 neque
2232 2857 2477 2913 omnino
2509 2857 2829 2928 quicquam
2852 2857 3110 2912 salutare
3142 2873 3209 2911 ex
3234 2861 3501 2927 tempore
3522 2872 3664 2911 con-

2018 2944 2214 3001 sulere
2258 2962 2453 3016 posse,
2488 2946 2593 3001 sed
2640 2946 2794 3016 fugaa
2842 2961 2906 3000 se
2955 2945 3116 3001 dare.
3150 2946 3261 3001 Eos
3306 2945 3552 3000 Romani
3579 2945 3670 3000 in-

2016 3035 2208 3106 sequi,
2244 3039 2303 3089 et
2334 3034 2609 3090 absentes
2640 3034 2820 3090 simul
2847 3034 3107 3107 legiones
3137 3050 3460 3104 earumque
3489 3032 3673 3090 duces

2014 3139 2344 3191 accersere,
2373 3139 2627 3194 cumque
2649 3122 2743 3179 his
2774 3123 3167 3179 domesticum
3189 3122 3670 3190 scholarum,sic-

2015 3212 2102 3267 uti
2129 3212 2323 3268 fuerat
2346 3218 2729 3285 praeceptum.
2765 3215 2951 3269 Aucto
2982 3212 3334 3285 fugientium
3360 3226 3574 3284 pavore
3600 3228 3670 3267 ac

253 3291 517 3358 λαϐόντες
546 3298 733 3370 καιρόν
777 3292 928 3365 ἰδεῖν,
966 3295 1095 3367 μήτ’
1125 3291 1266 3349 ἄλλο
1298 3314 1350 3348 τι
1383 3294 1654 3365 σωτήριον
1693 3293 1903 3355 ἑαυτοῖς

2023 3301 2301 3367 tumultu,
2336 3302 2585 3357 Romani
2637 3319 2739 3357 eos
2785 3318 2975 3374 usque
3003 3301 3079 3357 ad
3122 3282 3490 3356 tricesimum
3524 3298 3669 3355 mil-

256 3385 320 3441 ἐκ
373 3389 471 3441 τοῦ
534 3388 881 3460 παραχρῆμα
942 3382 1377 3459 βουλεύσασθαι,
1449 3381 1712 3459 ὣρμησαν
1766 3382 1904 3458 πρὸς

254 3476 462 3552 φυγὴν.
495 3476 615 3532 Τῶν
650 3475 740 3529 οὗν
804 3473 1113 3528 σιωκόντων
1182 3470 1475 3544 Ῥωμαίων
1531 3471 1622 3527 καὶ
1663 3472 1790 3534 τοὺς
1826 3475 1902 3545 μή

2013 3389 2160 3444 liare
2191 3388 2608 3461 insequuntur,
2624 3391 2883 3462 spatium
2905 3389 3315 3446 intermedium
3338 3389 3670 3447 innumeris

2016 3478 2278 3533 hostium
2308 3478 2692 3535 cadaveribus
2724 3483 3196 3535 consternentes.

260 3564 517 3627 συνόντας
575 3558 964 3637 ἐπιϐοωμένων
1022 3561 1357 3638 στρατηγοὺς
1413 3561 1501 3616 καὶ
1559 3563 1626 3616 τὰ
1675 3563 1928 3639 τάγματα
1982 3566 2072 3620 καὶ
2129 3569 2222 3621 τὸν
2289 3570 2400 3621 τῶν
2456 3564 2680 3642 σχολῶν
2738 3567 3138 3643 ἀφηγούμενον,
3196 3563 3433 3640 καθάπερ
3489 3565 3675 3628 αὐτοῖς

256 3654 630 3724 συνετέτακτο,
680 3652 769 3708 καὶ
827 3657 934 3708 τῶν
1006 3647 1312 3727 φευγόντων
1369 3651 1445 3712 εἱς
1486 3649 1729 3711 ,πλείονα
1771 3650 2244 3727 συνελαυνομένων
2275 3650 2444 3728 φόϐον
2504 3656 2593 3710 καὶ
2648 3657 2922 3731 ταραχὴν,
2980 3649 3177 3724 συνέϐη
3243 3653 3410 3731 μέχρι
3473 3653 3675 3726 μιλίων

260 3742 552 3819 τριάκοντα
575 3742 821 3818 γενέσθαι
848 3744 946 3809 τήν
981 3738 1166 3811 δίωξιν
1191 3739 1280 3794 καὶ
1308 3738 1399 3795 τόν
1433 3740 1625 3812 μεταξὺ
1656 3743 1842 3818 χῶρον
1877 3742 2119 3817 ἀπείροις
2149 3744 2594 3816 κάταστρωθῆναι
2625 3747 2854 3818 νεκροῖς.

331 3831 469 3888 Τότε
500 3828 567 3900 δὴ
595 3830 682 3885 καὶ
716 3831 745 3884 6
777 3827 1001 3897 ἀναιδὴς
1035 3830 1351 3904 Χρυσόχειρ
1400 3830 1492 3883 σὺν
1527 3827 1752 3905 ὀλίγους
1783 3829 1909 3908 φεό-

260 3940 377 3992 γων
417 3923 526 3975 τῶν
563 3920 677 3992 μετ’
730 3919 912 3987 αὐτὸν,
983 3916 1099 3973 ἐπεὶ
1164 3914 1527 3974 καταδιώκειν
1584 3915 1720 3993 ἔγνω
1775 3919 1918 3975 Ῥω-

269 4009 431 4082 μαὶόν
458 4029 578 4063 τινα
611 4005 902 4078 Ιῐουλάδην
941 4007 1038 4075 τὴν
1072 4006 1468 4081 προσηγορίαν,
1503 4006 1563 4060 ὅν
1609 4005 1915 4082 αῗχμάλω-

258 4118 357 4152 τον
386 4092 548 4153 ἔλαϐὲ.
578 4117 709 4153 ποτε
753 4096 888 4151 κατά
936 4096 1036 4165 τὴν
1065 4097 1338 4174 Τεφρικήν
1388 4095 1478 4150 καὶ
1511 4092 1598 4149 διὰ
1630 4096 1914 4168 ἀστεϊσμὸν

259 4187 352 4241 καὶ
386 4185 588 4262 χάριτα
650 4188 853 4256 συνήθη
918 4185 1037 4260 εἶχε
1090 4184 1179 4239 καὶ
1237 4186 1538 4259 γνώριμον,
1592 4184 1916 4259 θεασάμενος

259 4272 424 4328 αὐτὸν
453 4274 545 4329 καὶ
578 4274 866 4351 γνωρίσας,
899 4274 984 4345 [Ρ.
1018 4274 1145 4345 573]
1175 4269 1545 4350 ἐπιστραφεὶς,
1576 4272 1646 4329 Τί
1680 4293 1786 4342 σοι,
1818 4294 1919 4349 φη-

2094 3834 2256 3888 Tunc
2282 3833 2460 3888 etiam
2490 3833 2806 3904 impudens
2836 3828 2937 3888 ille
2969 3830 3345 3904 Chrysochir,
3370 3846 3503 3885 cum
3533 3846 3675 3901 pau-

2027 3923 2111 3979 cis
2130 3939 2373 3978 suorum
2403 3922 2656 3995 fugiens,
2689 3938 2826 3978 cum
2857 3921 3080 3977 instare
3113 3921 3225 3976 sibi
3256 3919 3482 3976 videret
3512 3920 3679 3976 Pula-

2027 4011 2158 4066 dem
2184 4011 2504 4082 quemdam
2526 4028 2556 4066 e
2576 4012 2877 4081 Romanis,
2910 4027 3087 4082 quem
3119 4010 3244 4082 ipse
3276 4009 3443 4078 olim,
3470 4009 3676 4065 1012

2026 4100 2087 4155 in
2117 4100 2274 4155 bello
2307 4100 2465 4172 apud
2495 4100 2843 4171 Tephricam
2883 4104 3122 4172 ceperat
3149 4103 3475 4169 notumque
3507 4103 3566 4153 et
3593 4097 3678 4152 fa-

2027 4189 2324 4244 miliarem
2355 4189 2665 4257 habuerat,
2689 4205 3016 4263 agnoscens
3042 4188 3347 4244 hominem
3370 4191 3429 4242 et
3448 4187 3522 4242 ad
3543 4203 3681 4242 eum

2027 4293 2368 4346 conversus,
2401 4277 2569 4345 Quid,
2604 4279 2707 4345 ait,
2729 4277 2911 4333 miser
2932 4276 3206 4344 Pulades,
3241 4275 3383 4332 mali
3406 4275 3512 4330 tibi
3542 4275 3681 4341 feci,

261 4361 372 4429 σὶν,
421 4363 466 4415 ὦ
513 4361 672 4427 ἄθλιε
728 4357 1010 4431 Πουλάδη,
1079 4357 1453 4434 διεπραξάμην
1506 4361 1696 4432 κακὸν,
1730 4359 1813 4417 ὅτι
1849 4383 1911 4434 με

2025 4366 2184 4438 quod
2233 4384 2328 4422 me
2360 4371 2482 4422 tam
2525 4366 2744 4422 furiose
2776 4366 3175 4439 persequeris,
3207 4365 3544 4421 interﬁcere
3576 4380 3682 4419 cu-

263 4450 410 4505 οῧτω
439 4447 795 4513 καταδιώκεις
829 4447 1118 4522 μανιωδῶς
1160 4449 1437 4522 ἐπιθυμῶν
1481 4447 1727 4520 ἀνελεῖν;
1765 4450 1827 4508 Ὀ
1860 4448 1916 4506 δὲ

266 4539 551 4612 συντόμως
636 4534 929 4595 ὑπολαϐὼν
961 4580 975 4607 ,
1061 4541 1179 4596 Τῶν
1239 4536 1552 4613 εὐεργεσιῶν
1612 4560 1707 4594 σου
1742 4583 1757 4610 ,
1809 4540 1915 4596 πά-

263 4648 409 4702 τρων
453 4631 585 4703 (83),
645 4628 745 4696 τὴν
801 4622 1070 4700 ἀμοιϐὴν,
1103 4621 1229 4704 ἔφη,
1290 4623 1585 4682 ἀποδοῦναί
1630 4627 1765 4683 κατά
1816 4629 1918 4697 τήν

266 4722 543 4791 παροῦσαν
602 4714 810 4790 ἡμέραν
866 4715 1145 4777 πεποιθώς
1204 4715 1318 4788 εἰμι
1376 4714 1456 4786 τῷ
1513 4719 1646 4786 Θεῷ.
1708 4717 1769 4772 Ὀ
1826 4717 1922 4789 μὲν

270 4806 365 4859 οὗν
407 4805 604 4880 προῄει
637 4807 731 4861 οἷά
755 4826 838 4867 τις
865 4801 1238 4880 ἐμϐρόντητος
1284 4803 1373 4860 καὶ
1410 4799 1796 4880 βεϐλαμμένος
1825 4807 1920 4869 τάς

270 4894 469 4973 φρένας
505 4937 519 4963 ,
579 4895 607 4948 ὁ
656 4891 714 4949 δὶ
770 4893 1021 4971 ἐφείπετο
1084 4895 1201 4969 μετ’
1260 4891 1556 4966 εὐτολμίας
1615 4901 1863 4964 νεανικῆς
1907 4939 1919 4952 .

267 4984 477 5058 Τάφρῳ
529 4981 588 5037 δὲ
648 4981 835 5055 βαθείᾳ
865 4985 893 5039 6
926 4982 1266 5056 διωκόμενος
1322 4982 1586 5062 ἐντυχὼν,
1642 4985 1729 5039 καὶ
1766 4984 1923 5061 ὑπερσ

266 5068 514 5141 πηδῆσαι
543 5071 749 5141 ταύτην
798 5072 891 5127 τὸν
921 5070 1095 5126 ἳππον
1157 5072 1232 5145 μὴ
1293 5076 1624 5150 συγχωρῶν,
1658 5070 1922 5147 βάλλεται

266 5161 497 5216 κατόπιν
529 5160 676 5236 παρὰ
712 5160 810 5216 τοῦ
851 5157 1142 5231 Πουλάδου
1202 5162 1502 5240 φθάσαντος
1556 5166 1732 5216 κοντῶ
1789 5162 1924 5218 κατά

2025 4457 2197 4528 piens
2222 4455 2250 4511 ?
2277 4455 2382 4510 Cui
2414 4455 2671 4511 breviter
2695 4455 2970 4522 Pulades,
3005 4457 3147 4521 Deo,
3174 4454 3390 4524 inquit,
3423 4453 3682 4521 conﬁdo,

2027 4544 2137 4599 hac
2165 4542 2261 4598 die
2284 4560 2378 4598 me
2409 4544 2516 4600 tibi
2537 4561 2645 4616 pro
2665 4545 2781 4599 tuis
2802 4543 3032 4599 meritis
3054 4543 3301 4616 gratiam
3328 4541 3679 4597 relaturum.

2028 4631 2221 4702 Pergit
2249 4631 2460 4686 exinde
2491 4631 2848 4703 Chrysochir
2900 4631 3191 4687 attonitus
3222 4646 3291 4686 ac
3319 4646 3543 4697 vecors,
3571 4645 3685 4684 au-

1988 4795 1996 4805 _
2029 4727 2232 4784 dacter
2262 4727 2615 4800 insequente
2647 4728 2887 4796 Pulade,
2920 4728 3107 4783 donec
3138 4727 3213 4783 ad
3243 4727 3424 4784 altam
3463 4728 3687 4783 fossam

2030 4817 2381 4883 perventum
2414 4817 2505 4869 est
2555 4816 2698 4869 Eam
2729 4830 2862 4869 cum
2900 4813 3197 4869 transilire
3228 4829 3449 4884 equum
3496 4812 3687 4882 Chry-

2031 4901 2231 4957 sochir
2262 4919 2382 4957 non
2410 4908 2734 4974 pateretur,
2759 4907 2933 4958 conto
2966 4902 3120 4958 latus
3141 4918 3174 4957 a
3196 4901 3417 4957 Pulade
3439 4914 3688 4971 propere

2032 4990 2184 5046 ictus
2207 4990 2433 5046 doloris
2463 4992 2837 5063 impatientia
2859 4991 2931 5046 ab
2958 5008 3111 5062 equo
3134 4990 3451 5045 delabitur.
3471 4986 3692 5041 Aderat

2036 5078 2279 5150 quidam
2328 5080 2694 5135 Diaconitzes
2752 5080 3017 5135 nomine.
3054 5079 3105 5133 Is
3137 5078 3337 5134 statim
3368 5093 3402 5131 a
3434 5091 3540 5131 suo
3582 5074 3690 5130 de-

2037 5167 2242 5222 siliens
2275 5184 2425 5238 equo
2456 5167 2911 5239 Chrysochirem
2942 5166 3269 5222 curandum
3302 5163 3570 5235 suscipit,
3603 5180 3673 5220 ca

1481 5278 1843 5334 XYLANDRI
1881 5281 1968 5335 ET
2005 5282 2220 5339 GOARI
2259 5283 2478 5338 NOTAE.

348 5392 464 5464 (83)
482 5394 610 5475 Non
637 5391 1009 5475 assequebar
1031 5391 1173 5464 quid
1198 5391 1308 5475 sibi
1334 5390 1484 5473 illud
1515 5390 1738 5475 πάτρων
1769 5394 1946 5449 vellet

270 5479 352 5518 an
389 5469 669 5545 parentes
709 5464 801 5519 vel
830 5464 1115 5546 majores,
1150 5463 1307 5534 quod
1333 5463 1446 5544 _vix
1495 5463 1767 5533 quadrat,
1810 5483 1943 5521 cum

278 5534 356 5589 ab
387 5551 516 5605 IPSO
558 5534 963 5606 Crhysochire
1021 5540 1232 5605 captus
1288 5534 1522 5589 dicatur
1568 5534 1835 5606 Pulades,
1869 5554 1943 5593 an

325 5604 604 5680 atrOnum
629 5604 1249 5680 signiﬁcaret,__itaque
1281 5620 1417 5680 eum
1443 5604 1722 5680 σαρκάζῳν
1747 5609 1945 5680 appel-

302 5681 449 5733 aret.
500 5677 705 5748 Itaque
761 5677 955 5733 omisi.
1018 5677 1155 5733 Χγι..
1188 5708 1255 5717 -
1309 5677 1751 5748 Chrysocheiris
1784 5677 1942 5736 olim

559 5796 819 5856 ΡΑτιιοι..
866 5797 981 5857 Gn.
1026 5793 1233 5857 CXXI.

2051 5397 2314 5468 captivus
2353 5397 2608 5453 Pulades
2654 5401 2814 5452 recte
2863 5399 3035 5451 vocat
3074 5390 3699 5468 θοαί-πάτρωνας,ὴαῖ

2050 5464 2308 5539 namque
2339 5486 2478 5525 voce
2511 5485 2581 5523 ex
2628 5468 2827 5524 Italica
2863 5473 3101 5539 patrone
3129 5464 3383 5539 deducta
3416 5464 3703 5539 domino?

2053 5535 2233 5594 etiam
2276 5539 2454 5594 hodie
2511 5535 2887 5611 compellant
2911 5536 3244 5594 Orientales
3273 5535 3703 5611 captivi.‘.51ia§

2054 5611 2423 5699 Hfsxchius':
2484 5604 2763 5699 Πάτρώγες
2823 5609 2895 5699 Ξῖ
2965 5612 3176 5683 πρῶτοι
3213 5612 3321 5663 τῶν
3344 5604 3702 5681 ’ἀξιωθέντων

2052 5686 2150 5751 τῆς
2171 5679 2459 5753 Ῥωμαίων
2489 5679 2788 5742 πολιτείας.
2821 5683 2994 5738 GOAR.

3336 5800 3412 5861 35
