4056 6276
293 441 444 503 1101

1414 432 1952 496 HISTORIARUM
2000 432 2540 500 COMPENDIUM.

3547 442 3704 505 1102

293 574 465 630 ταῦθα
496 572 687 646 λόχων
719 567 999 643 ἐκράτησε.
1036 565 1177 638 Πρὸς
1208 562 1265 620 δὲ
1291 568 1390 635 τήν
1450 563 1791 621 Καλλίπολιν
1850 565 1926 620 κα

2058 573 2194 626 ante
2225 571 2550 628 exercitum
2583 571 2723 639 ivit;
2758 571 3167 643 superatisque
3192 573 3363 633 Tauri
3395 576 3704 648 angustiis,

296 659 575 719 Παδασίαν
608 656 834 729 φθάσας,
867 652 1157 719 δυσϐάτοις
1214 652 1272 709 δὲ
1320 654 1630 729 περιτυχὼν
1671 655 1761 710 καὶ
1810 653 1926 708 απο-

2057 658 2132 714 ad
2190 660 2621 719 Germaniciam
2679 661 2947 719 accessit.
2999 663 3263 733 Cumque
3312 663 3511 719 hostes
3549 665 3707 723 intra

290 754 565 826 κρήμνοις
624 747 798 818 ὁδοῖς,
855 748 982 808 τοὺς
1040 746 1143 801 ὕπὸ
1201 750 1363 820 χεῖρα
1447 744 1944 817 παραμυθούμενος

285 845 427 912 πεζῇ
468 839 557 894 καὶ
624 835 795 913 βάδην
864 836 1026 900 αὐτὸς
1079 832 1480 909 προεπορεύετο
1537 836 1634 888 τοῦ
1691 836 1943 907 στρατοῦ.

284 924 553 1005 ’Υπερϐὰς
587 927 644 984 δὲ
693 927 759 982 τὰ
816 927 969 981 στενὰ
1026 929 1124 980 τοῦ
1182 925 1400 997 Ταύρου
1463 921 1533 996 τῇ
1590 921 1945 996 Γερμανικεία

288 1013 659 1093 προσϐάλλει.
717 1015 865 1072 Ἐπεὶ
926 1011 983 1069 δὲ
1038 1014 1100 1069 τὸ
1155 1012 1544 1081 ἀνθιστάμενον
1604 1010 1742 1066 ἅπαν
1827 1016 1944 1072 τοῖς

285 1109 499 1183 τείχεσι
533 1104 895 1175 συνεκλείετο,
927 1104 1016 1159 καί
1062 1102 1239 1165 οὐδεὶς
1299 1102 1511 1175 ἐτόλμα
1557 1101 1691 1174 πρὸς
1751 1105 1941 1179 χεῖρας

292 1196 493 1263 ἐλθεῖν,
531 1194 598 1252 τὰ
629 1196 861 1269 πρὸτῆς
918 1194 1134 1254 πόλεως
1191 1191 1372 1261 κάλλη
1429 1191 1616 1265 πείρας
1667 1189 1757 1245 καὶ
1810 1188 1940 1262 πυρὶ

295 1284 573 1360 παραδοὺς
605 1287 742 1356 πρὸς
774 1282 1008 1341 Ἀδαπαν
1065 1285 1173 1358 (86)
1225 1283 1551 1356 παρεγένετο
1597 1282 1697 1348 τήν
1751 1278 1938 1336 πόλιν.

293 1376 398 1433 Καὶ
428 1379 536 1432 τῶν
566 1375 766 1444 ταύτης
796 1370 853 1427 δὲ
907 1370 1143 1427 ἐποίκων
1206 1373 1280 1445 μή
1329 1369 1664 1443 τολμώντων
1719 1367 1770 1422 ἐν
1820 1373 1941 1430 τοῖς

287 1463 573 1539 ὑπαίθροις
634 1461 1062 1538 διαγωνίζεσθαι,
1152 1457 1279 1515 ἀλλ’
1358 1456 1487 1514 εἷ’σω
1545 1456 1935 1513 συνελαθέντων

282 1559 511 1628 τειχῶν,
543 1552 610 1607 τὰ
647 1548 750 1623 ἔξω
778 1558 883 1620 τῆς
940 1549 1158 1612 πόλεως
1215 1548 1550 1620 ληϊσάμενος
1598 1547 1687 1602 καὶ
1744 1547 1936 1601 ἀποτε-

282 1642 530 1720 φρώσας,
572 1638 1011 1711 ἐκπολιορκήσας
1044 1636 1103 1693 δὲ
1130 1638 1220 1692 καὶ
1248 1637 1311 1692 τὸ
1330 1634 1623 1711 πολίχνιον
1646 1636 1674 1690 ὁ
1709 1634 1939 1710 Γέροντα

278 1728 530 1799 ἐκαλονν,
561 1729 652 1786 καὶ
685 1727 978 1803 διαρπάσαι
1022 1726 1166 1807 ἐφεὶς
1224 1731 1345 1789 τοῖς
1400 1725 1780 1800 στρατιώταις,
1849 1744 1932 1780 τε·

278 1818 533 1876 λευταῐον
563 1818 747 1880 αὐτοῖς
776 1813 1123 1892 προσϐάλλει
1163 1821 1280 1878 τοῖς
1309 1814 1537 1889 τείχεσι,
1582 1813 1673 1870 καὶ
1729 1832 1926 1868 παντο-

2059 763 2260 803 muros
2292 766 2352 805 se
2384 751 2776 815 continerent,
2812 766 3106 821 nemoque
3153 768 3394 807 manum
3433 754 3702 813 conferre

2055 836 2322 900 auderet.
2356 838 2657 895 suburbiis
2688 838 2937 910 direptis
2967 846 3145 910 atque
3175 841 3462 910 incensis,
3496 842 3568 898 ad
3600 860 3706 898 ur-

2052 925 2189 982 bem
2222 929 2485 1003 Adapam
2538 930 2716 987 venit.
2750 932 3013 1002 Cumque
3058 931 3155 989 hic
3202 932 3379 989 etiam
3420 934 3701 1006 oppidani

2053 1020 2349 1076 moenibus
2397 1038 2458 1077 se.
2508 1026 2842 1089 tuerentur,
2894 1039 3026 1094 quas
3075 1028 3239 1079 extra
3283 1025 3493 1081 urbem
3533 1030 3704 1083 erant

2053 1107 2430 1179 deprsedatus
2454 1110 2753 1176 incendit;
2778 1111 3126 1181 oppidulum
3150 1113 3244 1169 cui
3264 1129 3481 1171 nomen
3509 1116 3701 1172 Geron

2052 1199 2423 1269 expugnavit,
2486 1199 2898 1269 militibusque
2957 1199 3358 1271 diripiendum
3438 1204 3700 1260 tradidit.

2051 1287 2430 1358 Tandemque
2487 1288 2772 1343 adhibitis
2852 1288 3145 1345 machinis
3215 1306 3416 1347 muros
3482 1292 3701 1363 Adapse

2051 1389 2360 1447 aggressus
2382 1377 2884 1450 oppugnationem
2906 1378 3171 1449 undique
3188 1396 3385 1437 acrem
3403 1381 3660 1437 instituit
3683 1399 3697 1438 :

2049 1479 2186 1519 nam
2219 1481 2460 1521 suarum
2492 1467 2795 1537 copiarum
2845 1466 3028 1521 robur
3056 1467 3118 1522 in
3167 1486 3329 1539 spem
3373 1487 3510 1527 eum
3540 1472 3698 1529 haud

2050 1555 2319 1625 exiguam
2346 1555 2511 1611 urbis
2561 1556 2861 1627 potiundae
2916 1556 3261 1614 abducebat,
3306 1559 3449 1615 Cum
3494 1566 3695 1621 autem

2047 1642 2248 1699 1015
2284 1643 2509 1699 videret
2556 1645 2827 1700 obsessos
2871 1645 3105 1701 fortiter
3150 1652 3211 1703 et
3260 1646 3553 1718 impavide
3585 1667 3689 1723 op-

2047 1732 2468 1804 pugnationem
2500 1735 2676 1795 ferre.
2708 1734 2879 1789 factis
2908 1734 3154 1791 indutiis
3184 1753 3283 1792 eos
3313 1743 3695 1807 percontatus

2045 1826 2136 1874 est
2161 1821 2400 1876 cuinam
2432 1822 2516 1876 rei
2549 1823 2821 1892 ﬁdentes,
2844 1825 3051 1894 patriae
3080 1825 3462 1883 imminentes
3495 1828 3692 1898 exitio,

283 1907 456 1969 δαπᾶς
515 1910 815 1986 προσέφερε
876 1908 1146 2002 μηχανὰς,
1200 1906 1291 2002 καί
1346 1905 1559 2002 tum;
1625 1905 1689 1973 ἦν
1734 1901 1802 2002 ιέν

2042 1913 2163 1963 tam
2195 1911 2418 1966 seruris
2463 1918 2664 1967 essent
2712 1914 2948 1968 animis.
2982 1914 3309 1984 Respondit
3347 1915 3589 1986 quidam
3620 1918 3693 1973 de

277 1996 601 2073 πολιορκίᾳ,
643 1993 867 2059 ἐλπίδας
896 1993 959 2051 οὓ
993 1995 1189 2071 μικρὰς
1221 1988 1365 2069 ἔχων
1421 1994 1659 2067 αἱρήσειν
1688 1994 1787 2060 τήν
1825 1992 1926 2047 πύ-

2038 1997 2372 2054 senioribus
2422 2007 2613 2056 certos
2643 2018 2706 2057 se
2754 2018 2883 2058 esse
2915 2003 3124 2059 urbem
3175 2019 3296 2059 non
3344 2004 3417 2061 ab
3466 2004 3594 2076 ipso
3628 2006 3691 2064 in

281 2083 371 2141 λιν
406 2084 586 2141 διὰτὸ
642 2091 742 2156 τῆς
794 2085 918 2160 περῖ
952 2084 1112 2138 αὐτὸν
1173 2081 1452 2155 δυνάμετις
1508 2082 1692 2157 βάρος.
1739 2080 1924 2155 Εὐρώ-

280 2194 441 2237 στους
473 2172 530 2229 δὲ
557 2173 684 2235 τοὺς
711 2170 859 2228 ἔνδον
888 2173 1060 2246 εὑρὼν
1093 2172 1183 2227 καὶ
1214 2168 1384 2232 ἀδεῶς
1442 2170 1506 2224 τὰ
1555 2169 1927 2244 προσπίπτον-

277 2284 348 2318 τα
394 2260 671 2338 φέροντας,
732 2262 943 2341 ἀνοχὴν
997 2266 1074 2333 τῷ
1137 2257 1370 2333 πολέμῳ
1422 2256 1548 2319 δοὺς
1605 2256 1925 2312 ἐπυνθάνετο

274 2356 386 2407 τῶν
419 2349 570 2406 ἔνδον
593 2350 675 2430 ἐφ’
704 2351 814 2424 ’ὸτῳ
868 2349 1211 2417 πεποιθότες,
1274 2354 1375 2417 τῆς
1433 2342 1693 2418 πατρίδος
1751 2346 1925 2399 αὐτῶν

278 2437 390 2511 ἢδη
427 2437 742 2513 μελλούσης
773 2433 1319 2514 παραλαμϐάνεσθαι,
1374 2435 1562 2513 ὀλίγον
1608 2431 1777 2489 αὖτοῦ
1825 2432 1923 2488 λό-

271 2551 367 2605 γον
394 2531 717 2603 ποιούμενοι
787 2528 1089 2606 φαίνονταν
1154 2528 1289 2602 πρὸς
1346 2528 1402 2581 ὅν
1464 2523 1785 2599 ἀπειρίνατό
1843 2543 1926 2585 τις

275 2624 385 2676 τῶν
420 2619 746 2698 γεραιτέρων
777 2617 1161 2698 πληροφορίαν
1195 2617 1485 2691 ἐσχηγὲναι
1515 2615 1634 2672 Οὐκ
1671 2613 1778 2668 ὑπὸ
1827 2617 1924 2668 σοῦ

271 2708 711 2785 πολιορκηθῆναι
741 2711 832 2762 νῦν
861 2710 959 2778 τὴν
991 2705 1177 2777 πόλιν,
1225 2703 1351 2761 ἀλλ’
1403 2705 1485 2781 ὑφ’
1539 2703 1723 2777 ἑτερου
1778 2704 1924 2762 τινὸς

270 2799 628 2872 πεπρωμένον
656 2799 795 2852 εἶναι
849 2797 1050 2867 ταύτην
1116 2795 1392 2872 ληφθῆναι
1436 2793 1574 2849 κατὰ
1620 2791 1780 2865 γένος
1837 2810 1924 2845 σοι

274 2888 655 2961 προσήκοντος
716 2889 1152 2961 (Κωνσταντῖνος
1203 2884 1386 2954 τούτῳ
1443 2882 1507 2937 τὸ
1562 2880 1777 2952 ὄνομα),
1832 2879 1924 2933 καὶ

275 2973 365 3031 διὰ
420 2979 581 3031 τοῦτο
642 2975 716 3048 μή
772 2973 1249 3044 καταπλήττεσθαι
1309 2977 1427 3033 τοῖς
1497 2969 1921 3047 προσπίπτουσι.

272 3067 388 3122 ’.Γοῦ
420 3061 477 3120 δὲ
501 3064 593 3119 τὸν
635 3065 753 3118 υἱὸν
810 3061 1175 3133 ἐπιδείξαντος
1233 3062 1326 3118 καὶ
1386 3060 1460 3123 ὡς
1516 3062 1925 3120 Κωνσταντῖνος

273 3149 527 3209 καλεῖται
586 3153 857 3220 εἰπόντος,
918 3153 980 3207 ού
1037 3157 1226 3206 τοῦτον
1258 3151 1287 3205 ὁ
1339 3148 1705 3225 ἐξηγούμενος
1746 3142 1925 3222 ἔλεγεν

277 3243 410 3298 εἶναι
441 3242 533 3298 τὸν
567 3246 959 3297 Κωνσταντῖνον
991 3242 1048 3304 ὅς
1078 3240 1254 3296 αὐτῶν
1315 3237 1508 3314 μὲλλει
1548 3242 1775 3306 ποιῆσαι
1820 3233 1921 3304 τήν

272 3332 437 3389 πόλιν
464 3331 774 3400 ἀνάστατον,
806 3329 978 3388 ἄλλον
1009 3329 1066 3387 δέ
1111 3350 1232 3386 τινα
1288 3308 1423 3404 μετά
1466 3328 1666 3404 χρόνον
1715 3324 1916 3401 συχνὸν
1958 3308 2001 3375 C

270 3420 363 3477 καὶ
388 3426 497 3477 τῶν
531 3421 818 3499 ἀπογόνων
851 3425 958 3476 τῶν
988 3424 1120 3478 σῶν.
1180 3421 1295 3496 Ἐφ’
1344 3420 1430 3480 οἷς
1461 3419 1489 3473 ὁ
1525 3412 1780 3492 βασιλεὺς
1827 3415 1918 3489 ὀρο

269 3510 499 3585 γισθεῖς,
530 3509 622 3566 καὶ
674 3507 857 3587 ἔργοις
905 3509 1172 3584 ἐξελέγξαι
1231 3506 1525 3584 βουληθείς
1576 3501 1773 3580 ψεῦδος
1823 3507 1921 3575 τὴν

267 3599 602 3675 πρόρρησιν,
664 3597 1060 3674 συντονῶτερον
1117 3596 1322 3667 ἥπτετο
1403 3602 1504 3665 τῆς
1568 3593 1916 3669 πολιορκίας.

263 3689 359 3749 Ὦς
394 3687 450 3744 δὶ
481 3690 696 3744 πάντων
729 3688 1041 3744 πονούντων
1075 3688 1152 3761 μή
1183 3682 1577 3763 προδαίνουσαν
1631 3685 1776 3760 ἑώρα
1818 3684 1918 3752 τήν

276 3774 544 3846 σπουδὴν,
600 3776 880 3852 ἐπεγένετο
938 3773 996 3831 δὶ
1049 3775 1208 3851 χρότς
1279 3776 1586 3849 ἀμήχανον,
1669 3772 1797 3835 τοὺς
1863 3773 1917 3826 ἐν

271 3868 521 3944 ὓπαίθρῳ
556 3863 804 3949 σφοδρῶς
855 3866 1280 3942 λυμαινόμενον,
1330 3864 1488 3921 ἔλυσε
1530 3868 1630 3935 τήν
1683 3868 1915 3938 πολιορ-

270 3957 412 4013 κίαν.
446 3960 531 4034 [Ρ.
574 3959 702 4032 575]
741 3959 827 4013 Ἐν
877 3955 934 4012 δὲ
971 3961 1049 4028 τῷ
1099 3954 1446 4032 ὑποστρέφειν
1488 3956 1553 4009 τὸ
1606 3952 1752 4009 πολὺ
1809 3960 1916 4010 τῶν

279 4044 660 4122 αίχμαλώτων
694 4044 783 4101 διὰ
810 4044 872 4102 td
908 4045 1076 4121 βάρος
1125 4044 1264 4124 ξίφει
1309 4043 1566 4105 κελεύσας
1615 4040 1916 4122 ἀποφορτί-

273 4136 478 4205 ζεσθαι,
508 4140 610 4205 τῆς
640 4135 775 4212 πρὸς
804 4135 904 4204 τὴν
941 4131 1330 4209 βασιλεύουσαν
1359 4130 1563 4208 εἴχετο,
1596 4130 1741 4186 πολὺ
1794 4128 1913 4192 δέος

263 4229 384 4287 τοῖς
417 4223 477 4280 ἐκ
505 4228 604 4294 τῆς
659 4225 827 4300 Ἀγαρ
874 4220 1210 4279 καταλιπών.
1261 4218 1648 4297 Προσδοκήσας
1700 4218 1757 4275 δι
1802 4217 1916 4274 ἐπι-

268 4314 526 4383 θήσεσθαι
552 4315 740 4377 αὐτοῖς
765 4312 903 4368 κατὰ
947 4311 1016 4367 τὰ
1053 4311 1226 4381 ςτενὰ,
1269 4308 1475 4389 λόχους
1521 4308 1576 4364 ιν
1632 4313 1749 4371 τοῖς
1792 4308 1912 4364 ἄπι-

264 4402 481 4476 καίροις
516 4401 669 4480 ἀφεὶς
723 4398 974 4462 πολλοὺς
1027 4405 1134 4455 τῶν
1189 4395 1558 4480 ὲλλοχώντων
1610 4398 1921 4474 itali-(pnes.

266 4491 407 4563 Πρὸς
466 4490 601 4567 ἅπερ
658 4487 1075 4564 Ἀϐδυλομέλερ
1134 4490 1162 4544 ὁ
1218 4492 1315 4545 τοῦ
1398 4487 1569 4543 τόπου
1618 4486 1912 4563 κατάρχων

2031 2089 2369 2157 prementia,
2403 2089 2507 2145 sed
2555 2090 2626 2145 ab
2676 2090 2794 2146 alio
2845 2091 3104 2163 quodam
3152 2109 3339 2165 genus
3369 2094 3443 2149 ad
3489 2095 3686 2165 ipsum

2032 2175 2346 2242 referente,
2379 2179 2622 2233 nomine
2670 2180 3082 2249 Constantino,
3133 2189 3533 2253 expugnatum
3567 2184 3681 2240 iri:

2029 2266 2229 2336 itaque
2251 2283 2313 2322 se
2336 2283 2455 2322 non
2480 2268 2687 2323 terreri
2706 2270 2815 2324 hac
2831 2271 3560 2343 oppugnatione.Cumque
3584 2274 3683 2331 Ba-

2029 2355 2197 2410 silius
2229 2356 2417 2412 ﬂlium
2447 2357 2521 2412 iis
2555 2374 2727 2415 suum
2779 2358 3267 2425 demonstrasset,
3300 2366 3476 2431 atque
3518 2362 3678 2418 hunc

2029 2442 2483 2500 Constantinum
2513 2447 2707 2501 vocari
2731 2445 2997 2512 dixisset,
3019 2464 3139 2503 non
3161 2448 3321 2507 hunc
3347 2465 3475 2505 esse
3504 2449 3677 2507 illum

2029 2532 2481 2588 Constantinum
2512 2534 2840 2590 collocutor
2867 2536 2978 2591 iste
3020 2537 3351 2607 respondit,
3376 2538 3542 2594 urbis
3565 2539 3679 2596 hu—

2024 2619 2123 2691 jus
2145 2624 2612 2688 eversorem,sed
2635 2624 2817 2678 alium
2841 2624 3161 2694 quemdam
3184 2625 3307 2680 fore
3327 2626 3514 2683 multo
3548 2632 3681 2697 post

2028 2714 2317 2780 tempore,
2355 2728 2425 2766 ex
2456 2712 2800 2782 posteritate
2852 2713 3070 2769 Basilii.
3108 2715 3198 2769 Ira
3239 2718 3571 2770 commotus
3602 2716 3677 2772 ob

2031 2797 2160 2851 haec
2191 2798 2536 2868 imperator,
2568 2799 2902 2870 falsumque
2934 2817 3062 2856 esse
3091 2802 3206 2857 hoc
3239 2801 3585 2860 vaticinium
3614 2820 3679 2861 re

2032 2886 2161 2957 ipsa
2191 2887 2510 2942 ostendere
2540 2888 2807 2959 cupiens,
2838 2889 3052 2959 majori
3075 2906 3253 2961 quam
3284 2897 3462 2947 antea
3490 2893 3542 2948 vi
3572 2909 3681 2965 op-

2026 2978 2372 3050 pugnationi
2408 2979 2718 3034 incubuit:
2769 2979 2872 3035 sed
2902 2996 3060 3051 cum,
3105 2981 3561 3055 defatigantibus
3614 3001 3678 3041 se

2028 3067 2326 3131 omnibus,
2359 3068 2510 3122 nihil
2532 3068 2684 3124 effici
2716 3069 2960 3139 videret,
2983 3070 3280 3142 simulque
3305 3072 3441 3144 gelu
3470 3074 3676 3146 ingens

2027 3156 2303 3212 obortum
2334 3158 2442 3213 sub
2476 3158 2573 3212 dio
2624 3166 2928 3215 versantes
2957 3160 3267 3232 afﬂigeret,
3300 3161 3675 3220 obsidionem

2030 3248 2200 3302 solvit
2245 3247 2610 3319 domumque
2654 3267 2861 3306 versus
2889 3267 3028 3307 suos
3073 3251 3337 3307 abduxit.
3368 3254 3531 3309 Inter
3576 3271 3678 3311 re-

2031 3336 2377 3391 vertendum
2408 3336 2857 3394 multitudinem
2899 3340 3289 3411 captivorum,
3321 3340 3480 3413 quod
3510 3343 3677 3399 oneri

2031 3427 2338 3493 erat,ferro
2364 3427 2702 3483 obtruncari
2720 3427 2921 3500 jussit.
2943 3430 3367 3501 Itaque,levato
3390 3432 3675 3498 exercitu,

2029 3515 2144 3570 iter
2171 3516 2244 3571 ad
2273 3516 2483 3572 urbem
2533 3517 2871 3573 institutum
2914 3524 3264 3590 prosecutus
3312 3525 3418 3586 est,
3462 3537 3677 3594 magno

2027 3605 2314 3676 Agarenis
2339 3610 2566 3661 terrore
2609 3606 2869 3662 incusso.
2905 3608 3060 3671 Quos
3106 3624 3242 3664 cum
3281 3609 3531 3666 insidias
3563 3610 3677 3665 sibi

2028 3693 2090 3747 in
2122 3694 2409 3766 angustiis
2439 3699 2770 3749 structuras
2800 3696 3214 3767 praesagiisset,
3238 3698 3362 3752 suis
3387 3697 3676 3753 militibus

2030 3780 2104 3837 ad
2136 3787 2470 3853 opportuna
2516 3782 2647 3838 loca
2688 3782 2972 3850 dimissis,
3004 3784 3422 3841 insidiatorum
3454 3785 3677 3841 multos

2028 3871 2183 3925 vivos
2240 3870 2415 3942 cepit.
2447 3870 2672 3936 Quibus
2728 3870 2905 3926 rebus
2957 3870 3416 3943 Abdelomeleri,
3449 3873 3552 3944 qui
3598 3874 3675 3930 iis

2025 3958 2173 4015 locis
2226 3963 2497 4032 praeerat,
2531 3960 2766 4015 animus
2814 3959 2897 4016 ita
2942 3964 3036 4015 est
3087 3960 3308 4017 fractus
3354 3966 3423 4017 ut
3472 3962 3674 4018 missis

2024 4047 2232 4119 legatis
2283 4048 2516 4103 veniam
2563 4063 2888 4119 pacemque
2935 4048 3229 4120 petiverit.
3282 4052 3672 4123 Assensitque

2023 4137 2431 4207 imperator,et
2442 4137 2599 4192 hunc
2610 4136 2826 4193 deinde
2838 4144 3229 4209 spontaneum
3243 4140 3389 4195 101
3401 4141 3450 4195 σ
3462 4146 3671 4197 contra

2024 4226 2152 4297 ejus
2177 4225 2425 4298 gentiles
2439 4225 2666 4281 socium
2679 4226 2905 4280 habuit.
2916 4227 3056 4283 Inde
3069 4243 3177 4299 per
3191 4230 3463 4300 Argmum
3484 4228 3672 4300 profe-

2024 4319 2152 4369 ctus
2208 4314 2281 4370 ad
2326 4315 2657 4370 Caesaream
2710 4315 2887 4386 venit,
2936 4315 3136 4388 ibique
3195 4321 3254 4372 et
3299 4333 3369 4373 ex
3422 4317 3671 4374 Colonia

2024 4408 2163 4459 etex
2175 4403 2849 4475 Mesopotamianuntios
2859 4405 2945 4460 rei
2964 4404 3219 4462 feliciter
3229 4410 3406 4478 gestae
3418 4408 3667 4479 accepit,

2022 4493 2216 4549 allatis
2237 4492 2416 4548 simul
2449 4492 2652 4563 spoliis
2683 4508 2751 4548 ac
2780 4493 2985 4551 multis
3012 4493 3257 4566 captivis
3276 4496 3468 4550 Curtis
3493 4498 3670 4568 atque

260 4578 595 4656 ἀπειρηκὼς,
656 4574 909 4656 πρεσϐεις
963 4575 1246 4652 ὶκπέμψας
1311 4574 1491 4638 ἀδείας
1548 4578 1635 4631 καί
1691 4576 1912 4650 εἰρήνης

2035 4581 2353 4650 Saracenis,
2384 4595 2534 4650 quos
2582 4594 2793 4637 omnes
2822 4580 3015 4651 gladio
3061 4581 3251 4638 occidi
3272 4583 3491 4655 jussit:
3526 4600 3669 4641 nam

257 4663 433 4724 ἐδεῖτο
486 4674 697 4746 τυχεῖν·
755 4667 817 4724 ού
875 4668 974 4737 τήν
1035 4665 1219 4737 δέησιν
1280 4663 1568 4739 δεξάμενος
1598 4664 1627 4721 ὁ
1660 4666 1915 4740 βασιλεὺς

2035 4670 2315 4727 exercitus
2353 4670 2483 4742 jam
2530 4674 2666 4725 ante
2716 4670 2920 4742 spoliis
2949 4676 3197 4728 onustus
3237 4675 3367 4727 erat
3414 4673 3668 4745 Syriacis

262 4754 561 4832 σύμμαχον
591 4756 754 4813 αὐτὸν
788 4757 850 4814 τὸ
880 4756 988 4811 ἀπὸ
1017 4753 1179 4811 τοῦδε
1211 4752 1342 4830 ἔσχε
1369 4754 1507 4810 κατὰ
1552 4760 1660 4809 τῶν
1707 4754 1914 4833 ὁμοφύο

2035 4766 2198 4831 atque
2217 4759 2619 4831 Tephricanis,
2633 4764 2693 4815 et
2708 4759 2945 4818 nolebat
2961 4761 3283 4833 imperator
3302 4763 3670 4834 captivorum

265 4842 379 4900 λων
421 4842 729 4917 ἆθελοντήν.
763 4846 998 4903 Ἐκεῖθεν
1036 4845 1129 4901 τὸν
1178 4848 1432 4920 Ἀργαῖον
1481 4841 1731 4917 διελθὼν,
1776 4845 1915 4920 πρὸς

2035 4848 2293 4905 inutilem
2325 4863 2527 4904 secum
2558 4850 2792 4905 trahere
2820 4856 3141 4907 catervam.
3175 4853 3247 4907 Ut
3273 4851 3348 4909 ad
3379 4852 3667 4908 Hedmum

260 4932 583 5007 Καισάρειαν
660 4932 946 5010 γενόμενος
1022 4931 1082 4988 ἔκ
1130 4953 1188 4988 τε
1242 4930 1546 4993 ΚοΛωνείας
1590 4932 1683 4989 καί
1739 4936 1911 4989 Μεσο-

2035 4938 2308 5011 pervenit,
2342 4938 2588 5008 praemia
2615 4938 2689 4993 iis
2719 4954 2973 5010 quorum
2988 4939 3172 4996 virtus
3202 4941 3265 4996 in
3290 4941 3444 4996 bello
3472 4941 3668 4997 fuerat

259 5024 538 5098 ποταμίας
581 5022 879 5088 ὶπινικίους
941 5023 1195 5100 ἀγγελίας
1249 5021 1484 5099 ἐδέξατο,
1540 5025 1911 5097 κομισθεντων

2035 5028 2241 5083 eximia
2285 5026 2521 5092 divisit;
2555 5025 2960 5098 militibusque
3009 5029 3334 5084 hiematum
3380 5027 3663 5096 dimissis,

256 5112 409 5185 αύτῷ
439 5110 699 5190 λαφύρων
729 5114 819 5169 καὶ
848 5111 1226 5189 αἰχμαλώτων
1266 5110 1496 5168 πολλῶν
1512 5116 1770 5186 Κουρτῶν
1800 5117 1913 5188 (8⁸7)

2035 5119 2150 5189 ipse
2205 5114 2478 5186 expedito
2552 5129 2690 5169 cum
2764 5116 3047 5173 comitatu
3108 5116 3663 5188 Constantinopolin

1466 5208 1832 5269 XYLANDRI
1872 5214 1960 5271 ET
1987 5212 2201 5272 GOARI
2239 5210 2460 5269 NOTAE.

327 5311 443 5385 _(86)
476 5311 647 5385 Apud
680 5312 965 5385 Zonaram
995 5314 1086 5366 est
1109 5311 1313 5385 4dat_a.
1340 5307 1452 5385 Sed
1480 5323 1693 5385 rursus
1706 5311 1914 5385 Noster
2021 5326 2131 5367 nos
2161 5317 2288 5385 tum
2318 5308 2581 5385 tenuisse
2629 5310 2837 5385 liquet.
2867 5310 2992 5367 Nisi
3042 5313 3089 5367 si
3151 5308 3293 5384 quid
3321 5318 3412 5369 est
3453 5312 3616 5369 aliud
3648 5328 3662 5371 :

252 5380 510 5452 Adapam
527 5380 709 5439 vocat
737 5383 800 5457 in
829 5381 1217 5457 Constantino
1250 5382 1462 5457 Leonis
1506 5382 1591 5457 F.,
1636 5380 1738 5437 ubi
1781 5398 1913 5439 eam
2020 5399 2161 5439 nam
2187 5381 2381 5451 Tur-ci,
2410 5382 2570 5457 quod
2600 5380 3020 5457 ali—elementa,
3047 5380 3235 5457 magis
3265 5385 3670 5457 hucquadra-

252 5459 656 5535 expugnatam
686 5453 1165 5535 a_Bardan?hnoca
1193 5454 1396 5510 refert.
1428 5452 1613 5535 Paulg
1637 5457 1776 5509 ante
1802 5470 1912 5535 pro
2021 5460 2175 5521 rent,
2208 5470 2387 5535 quam
2418 5453 2576 5535 quod
2747 5471 2895 5513 rem.
2918 5452 3076 5535 κεπτ.
3099 5452 3171 5499 -ῖ
3195 5452 3466 5535 Κοῳτῷν.
3512 5459 3673 5535 Qua-fi

252 5518 602 5602 Ἀναξόιρζης
639 5526 753 5602 legi
805 5518 1163 5602 ’ᾼναςᾴρϐῃς,
1220 5541 1352 5595 quae
1406 5528 1494 5602 est
1551 5518 1915 5602 Dioscoridis

2035 5518 2556 5602 versus-Coloniam
2576 5531 2647 5602 et
2674 5528 3154 5602 Mesopotamiam
3197 5518 3424 5602 populi,
3456 5529 3671 5586 exinde

249 5594 723 5680 medici'patria;
750 5596 891 5684 urbs
923 5594 1146 5684 Cilicia;
1170 5594 1336 5684 nota,
1366 5595 1544 5684 etia‘m
1584 5594 1730 5651 alias
1760 5594 1916 5653 facta
2022 5594 2458 5684 parta‘victolria
2481 5596 2543 5651 in
2566 5594 3470 5684 Cappadozciamabducti—longe
3494 5602 3672 5684 positi

250 5615 469 5654 "380101
504 5615 717 5669 patria,
750 5615 891 5652 llst
923 5615 1146 5651 ωιιυιω
1170 5615 1330 5662 now,
1366 5615 1544 5651 ειιᾶιῐι
1584 5615 1730 5651 uuas
1760 5615 1916 5653 180ιᾶ

250 5667 444 5739 ipsius
480 5667 542 5722 in
574 5685 639 5723 re
670 5668 853 5723 simili
885 5665 1190 5723 mentione
1220 5673 1436 5722 motus.
1471 5667 1609 5723 XvL.

325 5737 441 5809 (87)
474 5738 648 5795 Forte
681 5739 953 5795 Cretibus
979 5754 994 5795 :
1023 5752 1162 5794 nam
1191 5738 1416 5794 Cretam
1437 5752 1674 5811 quoque
1703 5740 1917 5810 Agere-

2035 5615 2194 5670 parta
2212 5615 2458 5652 Victoria
2481 5615 2543 5651 in
2566 5615 2995 5724 uapgaoociam
3019 5615 3276 5669 anaucu,
3298 5615 3470 5674 longe
3494 5615 3672 5675 posin

2035 5685 2059 5724 ει
2087 5667 2489 5729 Cretensibus,
2512 5683 2659 5739 quos
2726 5670 2778 5725 ic
2799 5667 2873 5725 ob
2906 5669 3120 5726 exilem
3143 5677 3201 5727 et
3221 5671 3494 5743 jejunam
3519 5672 3673 5728 allu-

2035 5739 2252 5795 sionem
2282 5739 2755 5797 comminiscitur
2783 5740 3102 5814 Xylander.
3136 5744 3309 5803 Gesn.
