4056 6276
482 397 638 460 1103
1835 393 2158 455 GEORGII
2206 391 2547 452 CEDRENI
3701 407 3814 466 uo;

473 539 674 604 rediit,
725 537 922 606 ibique
975 533 1046 588 de
1097 549 1260 589 more
1309 532 1567 588 victoriae
1616 548 1895 587 coronam
1946 548 1980 586 a
2011 547 2075 602 pa

2230 548 2288 582 τε
2317 527 2408 582 καὶ
2455 531 2809 603 Σαρακηνῶν,
2868 527 2960 590 οὕς
3023 528 3257 592 ἅπαντας
3286 535 3363 603 τῷ
3390 531 3524 611 ξίφει
3572 534 3818 594 ἀπεσκευά-

483 627 742 682 triarcha
771 625 1018 696 accepit,
1048 629 1107 678 et
1155 623 1411 694 populus
1469 623 1522 677 ei
1556 621 1868 678 cantilenis
1925 627 2085 693 gratu

2236 636 2385 672 σατο·
2447 616 2514 685 ἦν
2569 618 2672 692 γάρ
2741 617 3373 692 προκαταπεπλησμένον
3452 624 3513 676 τὸ
3571 627 3819 701 στράτευμα

473 717 628 772 latus
661 721 774 772 est.
2236 705 2493 785 λαφύρων
2524 706 2630 761 ἀπό
2661 727 2716 761 τε
2751 708 2948 779 Συρίας
2979 708 3070 762 καὶ
3103 711 3394 786 Τεφρικῆς,
3436 712 3524 766 καὶ
3573 713 3664 769 οὒκ
3705 712 3820 770 ἐϐοιδ.

477 803 604 859 λετο
633 801 723 858 καὶ
752 803 978 864 τούτους
1011 796 1154 876 ἔχειν
1211 798 1557 875 δύσχρηστον
1625 797 2114 873 παρακολούθημα.
2171 797 2257 852 ’Ev
2315 794 2550 867 Μηδαίῳ
2609 792 2665 850 δὲ
2704 797 3016 868 γενόμενος,
3075 800 3164 852 καὶ
3212 801 3373 872 τιμὰς
3429 797 3693 874 διανείμας
3736 811 3820 867 τοῖς

475 891 769 967 ἀριστεῦσι,
801 891 891 946 καὶ
945 892 1080 962 πρὸς
1146 888 1586 965 παραχειμασίαν
1652 887 1953 961 ἐκπέμψας,
2015 885 2173 947 αὐτὸς
2235 883 2468 952 εὔζωνος
2522 886 2658 958 πρὸς
2717 888 2816 954 τὴν
2879 885 3268 959 βασιλεύουσαν
3331 886 3540 967 ἔφθασε,
3595 892 3674 946 καί
3723 897 3826 948 κατὰ

473 979 536 1035 τὸ
568 979 761 1044 εἰωθὸς
793 977 882 1033 διὰ
910 983 1007 1033 τοῦ
1036 979 1379 1051 πατριάρχου
1411 978 1501 1031 τὸν
1530 983 1629 1046 τῆς
1657 977 1813 1047 νίκης
1861 974 2075 1044 ἐδέξατο
2129 971 2382 1051 στέφανον
2433 973 2520 1028 καὶ
2569 975 2714 1048 παρὰ
2760 980 2861 1029 τοῦ
2921 975 3166 1045 πλήθους
3214 978 3307 1040 τάς
3367 979 3646 1041 ἐπινικίους
3700 979 3824 1052 ᾠδάς,

543 1063 830 1134 Tephrica
875 1061 987 1116 hoc
1035 1061 1210 1115 modo
1259 1059 1501 1128 abolita,
1549 1059 1929 1114 Tarsensium
1973 1059 2126 1111 vires

2314 1051 2456 1124 ’Ήδη
2525 1051 2582 1109 δὲ
2636 1062 2734 1124 τῆς
2793 1059 3068 1130 Τεφρικῆς
3147 1057 3617 1132 ἀπομαρανθείσης
3674 1051 3826 1129 ὴγτῶν

470 1153 684 1209 ﬂorere
716 1168 782 1207 ac
813 1150 1174 1205 invalescere
1199 1152 1527 1219 coeperunt,
1555 1163 1914 1218 rursumque
1938 1147 2009 1201 ab
2034 1147 2070 1200 h

2242 1145 2516 1209 T123116»:
2552 1141 2712 1221 ἱσχὺς
2746 1142 2966 1206 θάλλειν
2999 1146 3086 1199 καὶ
3144 1144 3458 1215 αὖξάνεσθάι
3515 1147 3722 1222 ⁴ἤρχετο,
3765 1149 3826 1202 καὶ

469 1244 874 1298 Romanorum
931 1239 1080 1293 fines
1127 1238 1381 1309 graviter
1429 1236 1720 1294 infestari.
1752 1237 1971 1290 Contra
2019 1235 2071 1288 ὴ(

2241 1229 2405 1286 πάλιν
2435 1232 2540 1287 ἀπὸ
2568 1233 2774 1287 τούτων
2805 1234 2859 1286 αἱ
2890 1239 2999 1288 τῶν
3040 1235 3367 1306 Ῥωμαϊκῶν
3426 1237 3588 1309 ὁρίων
3632 1236 3828 1310 ἐσχατιαὶ

477 1331 746 1386 Andreas
780 1330 992 1400 Scytha
1031 1343 1441 1399 smpenumero
1491 1342 1616 1380 rem
1649 1326 1880 1380 fortiter
1927 1324 2079 1397 gessi

2243 1315 2428 1381 δεινῶς
2465 1317 2765 1388 ἐπιέζοντο.
2825 1324 2948 1376 Καθ’
2989 1323 3061 1376 ὧν
3109 1319 3364 1398 Ἀνδρέας
3407 1322 3605 1386 ἐκεῖνος
3633 1325 3656 1377 ὁ
3685 1344 3830 1398 στρατ-

480 1419 824 1489 multosque
858 1433 1063 1472 eorum
1096 1417 1197 1487 qui
1239 1415 1568 1486 praadaturn
1617 1414 2008 1470 excurrebant
2039 1413 2082 1466 ir

2242 1407 2454 1478 ηλάτης
2486 1410 2513 1463 ὁ
2549 1408 2608 1464 ἐκ
2640 1415 2858 1474 Σκυθῶν
2907 1409 3180 1473 πολλάκις
3239 1410 3555 1486 ἠνδρίσατο,
3606 1412 3689 1466 καὶ
3727 1410 3829 1466 πολ-

479 1509 715 1565 terfecit
745 1514 845 1563 aut
874 1509 1030 1579 cepit
1058 1523 1070 1572 ;
1105 1507 1303 1577 itaque
1354 1523 1490 1560 eum
1535 1507 1857 1577 imperator
1885 1503 2081 1575 patric:

2245 1497 2376 1559 λοὺς
2434 1505 2540 1553 τῶν
2603 1499 2682 1560 εἷς
2739 1501 3022 1574 προνομὴν
3090 1500 3460 1576 ἐκτρεχόντων
3532 1501 3703 1574 ἀνῄρει
3765 1502 3828 1554 καί

478 1599 764 1671 dignitate
792 1598 1246 1652 cohonestatum
1271 1595 1488 1650 scholis
1511 1595 1997 1667 praefecitAtque
2021 1595 2080 1646 Α]

2243 1587 2636 1663 αἰχμαλώτους
2670 1585 2990 1663 ἐλάμϐανεν·
3043 1593 3100 1646 ὅν
3135 1593 3163 1645 ὁ
3196 1590 3455 1667 βασιλεὺς
3503 1591 3831 1666 πατρικιὸτητί

478 1688 652 1743 dreas
683 1693 890 1742 nactus
923 1686 1212 1756 majorem
1237 1685 1363 1756 jam
1386 1689 1762 1756 potestatem,
1785 1682 2080 1751 viribuqu

2242 1699 2299 1732 τε
2329 1677 2556 1750 ἐτίμησε
2584 1678 2673 1733 καὶ
2706 1678 2782 1742 εἷς
2809 1680 2910 1747 τήν
2941 1680 3120 1755 ἀρχὴν
3182 1686 3288 1735 τῶν
3349 1680 3568 1756 σχολῶν
3617 1675 3835 1756 προϐιϐά-

481 1782 712 1844 auctus,
738 1775 888 1848 justi
919 1774 1144 1846 prmliis
1188 1774 1507 1844 aliquoties
1559 1789 1692 1828 cum
1745 1771 2035 1826 Melitenis
2066 1786 2083 1824 ε

2250 1772 2346 1836 ζει.
2381 1763 2518 1823 Τότε
2549 1765 2616 1836 δὴ
2652 1766 2867 1841 μᾶλλον
2899 1769 2926 1823 ὁ
2960 1768 3215 1845 Ἀνδρέας
3274 1771 3380 1826 ἀπὸ
3443 1770 3678 1844 μείζονος
3725 1768 3836 1839 ἐξου-

483 1865 872 1922 Tarsensibus
915 1881 1269 1936 congressus
1317 1863 1620 1918 victoriam
1671 1861 2009 1934 reportavit.
2044 1862 2085 1914 M

2246 1856 2362 1918 σίας
2423 1878 2482 1911 τε
2538 1857 2626 1912 καὶ
2687 1855 2970 1931 δυνάμεως
3031 1858 3290 1932 ἐμφανέσι
3351 1861 3555 1934 μάχαις
3619 1857 3836 1919 πολλάκις

483 1957 562 2010 sit
589 1953 914 2026 aliquando
945 1954 1106 2008 Tarsi
1142 1969 1374 2008 ameras
1407 1953 1690 2023 superbas
1722 1952 1796 2007 ad
1840 1951 2085 2005 Andreai

2245 1943 2381 2018 πρός
2412 1967 2470 2000 τε
2497 1944 2625 2007 τοὺς
2653 1946 2757 2001 ἀπὸ
2819 1945 3136 2018 Μελιτηνῆς
3193 1949 3281 2003 καὶ
3336 1947 3466 2010 τοὺς
3522 1949 3621 2003 ἀπὸ
3669 1949 3835 2018 Ταρσοῦ

487 2043 741 2111 litteras,
793 2043 998 2114 plenas
1043 2042 1542 2098 contumeliarum
1591 2042 1930 2113 impiarum.
1982 2041 2089 2094 Intt

2246 2036 2581 2108 παρετάξατα
2605 2034 2692 2090 καὶ
2727 2036 2994 2106 νενίκηκε.
3048 2036 3151 2093 Καί
3207 2058 3341 2092 ποτε
3404 2038 3545 2110 μετά
3607 2038 3837 2114 φρυάγμα-

485 2133 604 2188 alia
634 2133 984 2203 scripserat:
1008 2132 1289 2202 Experiar
1319 2148 1394 2186 an
1427 2131 1531 2185 tibi
1555 2132 1632 2185 sit
1661 2129 2087 2185 commodatur:

2245 2143 2338 2184 τος
2376 2125 2672 2199 γράμματα
2702 2123 3016 2198 πέμψαντος
3046 2130 3127 2197 τῷ
3167 2124 3387 2198 Ἀνδρέᾳ
3441 2131 3538 2181 τοῦ
3584 2123 3837 2198 ἀμηρεύον-

486 2221 679 2276 Maria;
711 2220 894 2275 Filius
927 2220 1174 2291 ejusque
1225 2222 1424 2286 Mater,
1459 2219 1560 2273 ubi
1610 2235 1772 2274 meas
1803 2219 2002 2289 copias
2033 2219 2088 2273 ac

2245 2232 2336 2273 τος
2367 2220 2464 2281 τῆς
2495 2217 2728 2288 Ταρσοῦ,
2763 2211 3117 2293 βλασφημίας
3149 2213 3412 2285 ἀνάπλεα,
3470 2213 3742 2285 δηλοῦντα,
3786 2214 3837 2270 ὡς

483 2327 688 2366 versus
723 2316 777 2366 te
814 2311 1013 2365 I017
1042 2311 1319 2365 eduxere.
1355 2313 1498 2365 Eam
1529 2310 1844 2381 epistolam
1876 2309 2085 2364 Andre:

2244 2298 2375 2357 Ἵδω
2406 2301 2459 2356 εἷ’
2482 2324 2540 2357 σε
2569 2305 2596 2356 ὁ
2625 2309 2724 2371 τῆς
2759 2304 2965 2377 Μαρίας
2999 2303 3275 2382 ὠφελήσει
3334 2305 3462 2364 Υἱὸς
3511 2303 3598 2358 καὶ
3694 2306 3839 2357 τοῦτον

487 2397 732 2467 imagini
764 2397 1026 2466 Deiparze
1054 2397 1383 2467 suspendit,
1409 2398 1492 2452 ita
1520 2397 1698 2453 fatus.
1732 2395 1904 2450 Verbi
1939 2412 2005 2451 ac
2038 2397 2089 2449 Di

2246 2394 2491 2460 τεκοῦσα,
2526 2393 2649 2446 ὅταν
2683 2391 2884 2461 ἐξέλθω
2941 2395 3075 2448 κατὰ
3134 2399 3229 2448 σοῦ
3281 2395 3418 2468 μετὰ
3472 2401 3571 2462 τῆς
3621 2393 3730 2466 περὶ
3775 2391 3842 2462 ἐμὲ

485 2485 772 2553 Genitrix,
804 2490 987 2554 tuque
1017 2486 1172 2539 Deus
1202 2487 1331 2555 ejus
1361 2485 1492 2552 Fili,
1525 2485 1653 2540 vide
1685 2490 1749 2539 ut
1779 2484 2087 2538 conviciati

2248 2477 2552 2551 δυνάμεως,
2583 2481 2646 2536 τὸ
2686 2479 2941 2556 λοίδορον
3000 2483 3348 2558 γραμμάτιον
3404 2482 3568 2544 οὗτος
3613 2480 3842 2553 δεξάμενος

487 2579 578 2628 est
605 2578 664 2629 et
695 2589 873 2643 quam
904 2573 1232 2628 insolenter
1277 2572 1586 2628 infremuit
1612 2573 2012 2645 jactabundus
2044 2571 2089 2626 il

2246 2573 2314 2642 τῇ
2338 2569 2504 2624 εἰκόνι
2535 2577 2634 2639 τῆς
2665 2573 3016 2645 Θεομήτορος
3049 2571 3443 2644 ἀπεκρέμασεν,
3474 2571 3657 2627 εἶ’πώψ
3684 2567 3789 2638 Ἴδε,
3813 2569 3842 2620 ὦ

483 2663 773 2718 barbarus
805 2667 1010 2718 contra
1037 2667 1093 2716 te
1126 2667 1185 2717 et
1231 2663 1596 2733 peculiarem
1629 2668 1795 2716 tuum
1829 2662 2085 2732 populun

2247 2665 2430 2733 Μῆτερ
2469 2664 2567 2715 τοῦ
2599 2661 2775 2736 Λόγου
2805 2682 2862 2716 τε
2891 2663 2978 2716 καὶ
3025 2668 3182 2732 Θεοῦ,
3231 2663 3321 2717 καὶ
3368 2661 3434 2716 σὺ
3470 2663 3497 2716 ὁ
3526 2661 3714 2730 ταύτης
3754 2659 3841 2715 Υἱός

487 2752 697 2807 Statim
725 2751 940 2806 deinde
974 2752 1298 2806 exercitum
1345 2768 1518 2806 suum
1550 2750 1624 2806 ad
1673 2753 1916 2805 Tarsum
1950 2751 2087 2806 duxi

2245 2750 2420 2804 τεκαὶ
2460 2751 2612 2822 Θεὸς,
2669 2751 2763 2805 οἶα
2819 2749 3065 2806 ὠνείδισε
3119 2752 3210 2807 καὶ
3264 2752 3566 2831 ἐφρυάξατο
3624 2749 3742 2805 κατά
3770 2752 3843 2802 σοῦ

483 2843 749 2910 Cumque
783 2841 856 2895 ad
886 2839 1084 2895 locum
1116 2841 1212 2895 cui
1240 2840 1520 2895 Podando
1552 2855 1772 2894 nomen
1825 2845 1914 2894 est
1943 2840 2085 2896 veni:

2246 2838 2458 2893 καὶτοῦ
2490 2845 2585 2894 σοῦ
2624 2841 2938 2912 περιουσίου
2999 2845 3135 2896 Λαοῦ
3180 2842 3207 2895 ὁ
3263 2836 3540 2915 βάρϐαρος
3591 2841 3731 2900 οὗτος
3777 2835 3842 2891 καὶ

483 2934 590 2996 set,
625 2928 686 2981 in
718 2928 992 2983 adversos
1017 2929 1216 2985 hostes
1250 2928 1479 2995 incidit,
1504 2944 1817 3000 pugnaque
1843 2933 2085 2983 consert

2245 2925 2485 2996 ἀλαζών.
2520 2931 2700 2985 Ταῦτα
2741 2926 2796 2984 δὲ
2855 2930 3045 2997 εἰπὼν,
3105 2928 3235 3002 ἄρας
3287 2930 3381 2991 τὰς
3436 2929 3730 3001 Ῥωμαϊκὰς
3775 2923 3842 2979 δυ-

481 3017 782 3084 ingentem
815 3033 1021 3071 eorum
1083 3022 1337 3089 stragem
1398 3016 1602 3085 edidit,
1636 3017 1698 3070 in
1747 3017 1956 3086 primis
2007 3016 2083 3087 ips

2244 3015 2432 3088 νάμεις
2467 3016 2620 3090 ἐπῄει
2651 3017 2786 3072 κατὰ
2813 3022 3040 3091 Ταρσοῦ.
3079 3019 3173 3074 Καὶ
3207 3015 3272 3086 δή
3321 3020 3465 3073 κατὰ
3519 3019 3580 3073 τὸ
3628 3012 3843 3071 Ποδανδὸν

2354 3103 2366 3120 ,
2655 3106 2667 3120 .
2742 3113 2764 3120 _
2886 3112 2908 3120 _
2994 3105 3007 3120 .
3145 3106 3155 3120 .
3473 3109 3516 3120 .-
3708 3104 3716 3120 .

479 3107 660 3162 etiam
695 3122 897 3166 amera
949 3106 1281 3173 interfecto,
1335 3106 1659 3177 paucisque
1706 3106 1843 3177 fuga
1887 3110 2081 3160 Tarsui

2244 3103 2536 3178 γενόμενος
2609 3106 2764 3161 κάκεῖ
2821 3112 2936 3171 τοῖς
2990 3105 3246 3171 ἐναντίοις
3302 3109 3581 3180 συμμίξας
3640 3104 3844 3179 τρέπεται

481 3196 720 3266 elapsis.
752 3195 838 3249 Ibi
869 3199 996 3249 tum
1027 3211 1164 3249 suos
1195 3195 1478 3255 humavit.
1512 3199 1571 3248 et
1611 3193 1994 3248 cadaveribus
2024 3194 2083 3247 bc

2245 3194 2394 3271 φόνῳ
2424 3192 2625 3268 πολλῷ
2651 3196 2714 3250 τὸ
2743 3199 2850 3250 τῶν
2896 3191 3182 3271 βαρϐάρων
3210 3196 3453 3266 πλῆθος,
3502 3195 3746 3270 πρότερον
3774 3190 3843 3244 αὖ·

481 3285 661 3340 stium
695 3284 757 3337 in
789 3300 975 3338 unum
1006 3283 1301 3354 congestis
1333 3299 1605 3338 acervum
1628 3298 1909 3352 magnum
1945 3288 2083 3336 turni

2242 3286 2338 3336 τοῦ
2363 3284 2625 3345 πεσόντος
2655 3289 2752 3340 τοῦ
2786 3286 2994 3361 ἀμηρᾶ·
3031 3284 3217 3364 ὀλίγοι
3250 3284 3306 3340 δέ
3342 3307 3493 3347 τινες
3553 3285 3702 3360 μόγις
3740 3280 3844 3355 πρὸς

473 3371 601 3426 lum
619 3388 687 3426 ac
710 3377 1050 3425 columnam
1075 3371 1346 3424 excitavit
1369 3370 1444 3424 ad
1466 3370 1720 3424 victoria:
1749 3371 2075 3425 memorian

2243 3372 2454 3444 Ταρσὸν
2497 3374 2892 3442 ἀποσώζονται.
2956 3375 3138 3448 Θάψας
3190 3375 3246 3430 δὲ
3297 3373 3429 3437 τοὺς
3493 3372 3733 3442 οἰκείους,
3779 3368 3842 3420 καὶ

474 3465 653 3530 atque
713 3459 788 3514 ad
845 3475 953 3514 sua
1008 3475 1279 3513 reversus
1331 3459 1532 3512 multis
1592 3475 1728 3513 cum
1785 3460 2034 3530 captivis

2241 3461 2367 3521 τοὺς
2399 3461 2703 3535 πολεμίους
2736 3463 2811 3524 εἷς
2840 3460 2935 3518 ἕνα
2967 3469 3166 3538 χῶρων
3225 3466 3308 3536 [Ρ.
3369 3467 3500 3537 576]
3559 3457 3843 3536 συναγαγὼν,

472 3549 674 3620 ampla
703 3547 924 3619 praeda,
952 3547 1374 3618 imperatorem
1405 3563 1512 3617 per
1531 3546 1760 3602 litteras
1787 3547 1858 3601 de
1887 3564 1949 3601 re
1969 3563 2070 3618 ges

2241 3547 2333 3602 καὶ
2377 3549 2540 3622 μέγαν
2573 3552 2941 3624 ποιησάμενος
2968 3550 3213 3607 κολωνὸν
3243 3552 3318 3613 εἰς
3363 3549 3580 3622 στήλην
3628 3548 3708 3603 καὶ
3755 3549 3842 3600 τοῖς

475 3637 792 3694 certiorem
823 3636 1102 3692 reddidit.
1138 3635 1241 3691 Hic
1281 3651 1454 3690 suum
1502 3637 1693 3691 tenuit
1723 3653 1950 3692 morem
1982 3637 2077 3690 inv

2246 3637 2552 3710 μετέπειτα,
2587 3641 2722 3717 πρὸς
2753 3642 2818 3696 τὰ
2858 3641 3032 3696 οἰκεῖα
3092 3639 3386 3715 ὑπέστρεψε
3442 3642 3579 3714 μετά
3635 3637 3842 3715 λαφύρων

480 3725 616 3790 dia;
650 3725 993 3794 inventique
1045 3723 1290 3794 maligni
1341 3723 1638 3793 homines,
1681 3724 1780 3794 qui
1831 3724 2082 3778 Andreal

2241 3727 2328 3780 καὶ
2365 3728 2752 3802 αἰχμαλωσίας
2784 3728 3023 3798 πολλῆς.
3051 3732 3296 3806 Ἔγραψε
3352 3727 3408 3783 δὲ
3471 3730 3561 3785 καὶ
3608 3733 3681 3799 τῷ
3721 3728 3840 3799 βασι·

475 3814 633 3886 apud
667 3813 951 3869 Basilium
997 3812 1480 3880 criminarentur,
1513 3812 1686 3867 facile
1719 3814 1771 3867 ei
1824 3813 2008 3867 fuisse
2040 3812 2076 3866 d

2243 3814 2332 3871 λεῖ
2357 3816 2733 3889 δηλοποιήσας
2764 3822 2865 3890 τὴν
2895 3820 3072 3891 νίκην.
3108 3821 3212 3878 Οἷα
3243 3817 3299 3874 δὲ
3330 3817 3489 3892 φιλεῖ
3517 3814 3842 3887 ποιεῖνὸφθό-

471 3908 674 3959 centes
705 3904 886 3956 Tarso
939 3901 1139 3972 potiri,
1171 3901 1287 3955 nisi
1336 3900 1409 3954 ob
1452 3900 1742 3972 ignaviam
1797 3906 2073 3956 cunctam

2240 3925 2351 3974 νος,
2385 3901 2776 3962 διαϐάλλουσιν
2810 3909 2861 3964 οἱ
2892 3909 3128 3984 πονηροὶ
3186 3909 3274 3963 τὸν
3327 3905 3506 3982 ἄνδρα
3543 3907 3672 3982 πρὸς
3717 3905 3838 3977 βασι-

487 3991 859 4046 occasionem
890 3989 1266 4060 perdidisset.
1298 3991 1482 4060 Atque
1533 3991 1623 4044 his
1655 3989 1970 4045 calumniis
2001 4007 2089 4044 cre

2241 3991 2359 4064 λέα,
2390 3997 2478 4050 καὶ
2513 3993 2696 4070 ῥᾴδιόν
2733 3999 2782 4052 οἱ
2833 4003 3123 4073 κατασχεῖν
3185 3995 3442 4073 λέγοντες
3501 3998 3597 4064 τὴν
3652 3991 3835 4067 Ταρσδνι

485 4079 591 4134 bro
624 4079 936 4134 inculcatis
967 4094 1316 4150 persuasum
1349 4083 1437 4133 est
1465 4079 1806 4150 imperatori
1839 4084 1906 4133 nt
1940 4080 2087 4151 impe

2241 4083 2353 4138 ὅδὲ
2410 4083 2679 4157 μελλήσει
2737 4087 2824 4141 καὶ
2887 4085 3126 4161 ῥᾳθυμίᾳ
3182 4087 3469 4160 προήκατο
3529 4085 3618 4139 τὸν
3671 4079 3835 4155 καιρόν.

480 4170 639 4225 rium
685 4167 998 4241 abrogaret
1045 4167 1314 4222 Andreas.
1367 4169 1434 4222 In
1484 4167 1612 4238 ejus
1659 4168 1852 4222 locum
1899 4170 2079 4224 suffec

2237 4174 2345 4248 Ὑφ’
2405 4174 2480 4226 ὧν
2536 4171 2809 4237 πολλάκις
2870 4173 3181 4249 λεγομένων
3245 4174 3591 4233 ἀναπεισθεὶς
3646 4174 3670 4225 ὁ
3720 4171 3838 4244 βασι-

481 4259 866 4331 Stypeiotam,
895 4257 1095 4312 statim
1144 4273 1204 4312 se
1235 4259 1478 4311 Tarsum
1525 4263 1951 4328 occupaturum
1983 4258 2083 4313 alia

2240 4259 2364 4322 λεὺς
2395 4262 2659 4334 παραλύει
2689 4270 2788 4332 τῆς
2821 4262 3002 4341 ἀρχῆς
3053 4264 3145 4318 τὸν
3202 4260 3391 4338 ἀνδρα,
3441 4264 3534 4317 καὶ
3585 4260 3688 4315 ἀντ’
3734 4254 3837 4311 ἐκεί·

479 4365 592 4419 que
623 4347 813 4403 multa
840 4347 1118 4402 ferociter
1159 4347 1512 4417 jactantem.
1546 4347 1600 4399 Is
1650 4362 1784 4418 ergo
1829 4347 2081 4418 Stypeiot

2235 4372 2329 4405 νου
2358 4347 2732 4424 προϐάλλεται
2764 4353 2856 4408 τὸν
2892 4353 3242 4420 Στυπειώτην
3286 4350 3610 4428 λεγόμενον⁷
3664 4350 3749 4416 τήν
3791 4363 3833 4397 τε

478 4413 790 4494 confestim
822 4413 1254 4492 exercitum-ad
1282 4437 1526 4490 Tarsum
1558 4413 1744 4502 ducit,
1765 4413 2080 4507 nulla—pro:

2237 4413 2443 4514 Ταρσδν
2499 4438 2697 4509 ἐξελεῖν
2781 4413 3216 4519 ὑπισχνούμενον
3301 4413 3391 4495 καιὶ
3429 4413 3440 4425 ⁸
3482 4413 3627 4495 ἄλλα
3693 4413 3839 4489 πολλὰ

478 4543 577 4580 sus
607 4527 991 4598 imperatoria
1039 4524 1385 4591 calliditate,
1435 4523 1601 4578 nullo
1651 4541 1794 4579 usus
1835 4526 2080 4580 consilio

2235 4527 2782 4603 φρυαττόμενον.”ος
2841 4530 3032 4584 αὐτίκα
3089 4524 3424 4604 παραλαϐὼν
3472 4529 3570 4590 τάς
3627 4523 3837 4594 δυνάμεις

477 4630 732 4684 cumque
762 4616 937 4668 Tarso
963 4613 1524 4684 appropinquasset,
1547 4617 1741 4667 castra
1767 4629 1834 4667 eo
1867 4613 1994 4668 loco
2024 4633 2079 4684 qi

2235 4618 2331 4692 ἦγε
2359 4620 2493 4672 κατά
2526 4621 2761 4694 Ταρσοῦ,
2815 4616 2985 4691 μηδὲν
3040 4619 3398 4694 στρατηγικὸν
3433 4616 3680 4688 ἐννοήσας
3732 4606 3837 4685 μηδὲ

475 4702 908 4773 Chrysobolum
957 4702 1176 4756 dicitur
1227 4701 1416 4772 ponit,
1467 4718 1661 4772 neque
1717 4702 1920 4757 1018
1967 4705 2077 4759 foss

2232 4700 2519 4769 εὐϐουλίας
2553 4707 2790 4776 ἐπάξιον.
2823 4707 3068 4775 Πλησίον
3109 4705 3166 4762 δὲ
3194 4708 3485 4782 γενόμενος
3515 4713 3616 4775 τῆς
3661 4694 3834 4773 Ταρσοῦ

475 4792 619 4847 satis
651 4807 720 4846 ea
747 4806 943 4861 neque
975 4791 1239 4847 excubiis
1287 4790 1586 4844 muniens.
1619 4792 1800 4862 Cujus
1831 4792 2077 4847 incuria:

2233 4793 2505 4863 αὐλίζεται
2537 4797 2674 4850 κατά
2703 4816 2822 4850 τινα
2849 4797 3017 4851 τὸπον
3047 4797 3106 4858 ὃς
3160 4791 3590 4870 Χρυσὸϐουλλον
3637 4789 3835 4868 λέγεται,

471 4897 607 4938 cum
665 4880 1035 4935 observasset
1113 4880 1451 4943 Tarsenses,
1511 4895 1617 4949 per
1691 4884 1928 4934 noctem
1987 4898 2073 4936 eui

2232 4885 2369 4956 μήτε
2396 4885 2600 4960 τάφρον
2668 4884 2958 4962 ἀξιόλογον
3025 4895 3160 4958 μήτε
3205 4881 3627 4960 στρατοπεδείαν
3666 4876 3834 4958 ὀχυρὰν

467 4970 842 5037 adoriuntur,
896 4967 998 5023 tali
1047 4971 1385 5023 commento
1436 4967 1550 5022 usi.
1585 4968 1709 5032 Qua
1757 4973 1999 5040 accepta
2047 4986 2069 5025 a

2235 4973 2694 5046 προστησάμενος
2729 4975 2822 5032 “Ov
2853 4976 3284 5044 κατανοήσαντες
3339 4974 3389 5027 οἱ
3443 4975 3672 5046 Ταρσεῖς
3722 4967 3837 5037 ἀμι-

468 5061 706 5117 Andrea
731 5058 899 5115 clade
925 5057 999 5114 ad
1022 5058 1297 5130 exiguum
1319 5056 1541 5112 redacti
1561 5073 1879 5112 numerum
1910 5077 2066 5132 pugn

2233 5059 2339 5123 λῶς
2399 5059 2735 5135 διακείμενον
2796 5063 3119 5128 ἐπιτίθενται
3185 5062 3365 5135 τούτῳ
3421 5061 3614 5122 νυκτὸς
3679 5073 3835 5130 στριτ·

469 5149 832 5206 sustinendae
856 5163 1029 5220 pares
1052 5163 1172 5202 non
1193 5151 1383 5212 erant,
1401 5145 1601 5201 multis
1619 5145 1930 5202 conductis
1951 5165 2068 5218 equ

2233 5155 2471 5226 ηγήματι
2505 5156 2849 5230 χρησάμενοι
2879 5157 3133 5228 τοιούτῳ·
3169 5152 3659 5232 Ὀλιγανδροῦντες
3682 5149 3772 5225 γὰρ
3799 5143 3835 5196 οἱ

422 5288 423 5291 η
471 5240 544 5295 ab
578 5257 786 5296 eorum
808 5237 1012 5295 caudis
1038 5237 1194 5292 sicca
1214 5235 1375 5291 coria
1402 5235 1792 5307 suspendunt,
1821 5235 2024 5309 simulc

2233 5247 2460 5298 τοιοῦτοι
2491 5243 2550 5298 ἐκ
2575 5247 2675 5308 τῆς
2703 5245 2842 5320 πρὸς
2899 5242 3159 5318 Ἀνδρέαν
3210 5241 3385 5315 ἥττης
3440 5244 3530 5297 καὶ
3593 5243 3664 5314 μὴ
3715 5237 3835 5292 ὄντες

471 5345 571 5383 eos
601 5329 674 5384 ad
703 5329 893 5384 varias
915 5331 1244 5382 castrorum
1273 5325 1677 5381 Romanorum
1699 5331 1895 5396 partes
1925 5327 2068 5382 dimi

2234 5331 2516 5408 ὶξιόμαχοι
2589 5333 2727 5407 πρὸς
2810 5333 3130 5408 παράταξιν,
3199 5331 3408 5395 ἵππους
3491 5327 3836 5402 συναγαγόντες

469 5421 640 5470 tunt:
675 5417 788 5488 ipsi
814 5433 848 5473 a
878 5421 1039 5489 tergo
1072 5431 1298 5482 eorum,
1332 5415 1490 5470 tubis
1520 5430 1588 5470 ac
1629 5416 1928 5487 tympanis
1959 5435 2065 5473 son

2231 5421 2454 5501 τυχνοὺς
2483 5423 2574 5477 καὶ
2632 5422 2828 5498 βύρσας
2883 5424 3049 5499 ξηρὰς
3108 5423 3394 5497 ἐξάψαντες
3449 5422 3560 5478 ἀπὸ
3612 5423 3715 5475 τῶν
3765 5417 3833 5467 ἱπ-

469 5509 597 5560 tum
631 5505 893 5574 edentes,
927 5506 1147 5561 strictis
1179 5521 1313 5560 cum
1362 5504 1574 5575 gladiis
1605 5502 1666 5558 ln
1699 5505 1896 5561 media
1927 5512 2071 5562 casti

2231 5512 2381 5566 Itsin
2439 5512 2644 5585 οὐρῶν,
2709 5513 2795 5588 ὑφ’
2850 5509 2905 5566 ’ἐν
2967 5511 3299 5589 πράγγελμα
3355 5512 3490 5566 κατά
3539 5507 3718 5565 πολλά
3759 5505 3833 5558 τοῦ

466 5593 760 5649 insiliunt.
796 5596 934 5649 Orta
965 5594 1214 5665 proinde
1247 5594 1307 5648 in
1341 5594 1603 5648 exercitu
1633 5596 1898 5649 Romano
1933 5601 2068 5668 trep;

2238 5603 2532 5672 Ρωμαϊκοῦ
2597 5597 2964 5674 στρατοπέδου
3023 5603 3281 5678 ἐπαφιᾶσι
3343 5602 3504 5676 μέρη,
3538 5598 3746 5660 ὄπισθεν
3790 5589 3833 5644 δὲ

472 5683 731 5751 datione,
780 5688 838 5738 et
891 5698 997 5753 per
1055 5681 1376 5737 tumultum
1425 5683 1562 5736 viris
1621 5683 1908 5754 equisque
1938 5685 1999 5740 in
2023 5706 2074 5744 se

2230 5688 2373 5744 αὐτοὶ
2413 5692 2534 5749 ταῖς
2566 5686 2820 5765 σάλπιγξι
2853 5691 2941 5744 καὶ
2975 5693 3093 5752 τοῖς
3121 5693 3424 5762 τυμπάνοις
3462 5685 3832 5754 ἐπιδουπήσαν-
