4056 6276
349 319 505 382 1105

1475 322 1836 384 HISTORIA
1852 325 2027 386 RUM
2072 323 2601 388 COMPENDIUM
2615 374 2628 388 .

3597 324 3754 387 1106

335 477 420 517 τες
456 455 617 528 μέσον
652 462 745 512 τοῦ
780 458 1022 533 χάρακος
1051 463 1279 532 γυμνοῖς
1310 462 1430 521 τοῖς
1458 458 1660 531 ξίφεσιν
1712 458 1818 512 εἷσε
1877 459 1977 528 πή-

2102 460 2343 516 confuse
2377 463 2794 533 incidentibus,
2825 465 3043 520 factum
3077 469 3167 520 est
3191 469 3255 520 ut
3287 463 3525 520 Barbari
3557 464 3757 518 vince-

340 543 532 616 δησαν.
565 552 824 621 Ταραχῆς
852 547 948 600 οὖν
980 546 1361 620 συμπεσούσης
1405 552 1485 619 τῷ
1531 551 1638 600 τῶν
1696 547 1984 621 Ῥωμαίων

343 635 730 710 στρατεύματι,
775 639 863 692 καὶ
925 634 1102 708 δειλίᾳ
1161 636 1640 712 συνταραχθέντων
1697 638 1840 710 ὁμοῦ
1895 637 1986 692 καὶ

335 729 445 778 τῶν
478 723 687 798 ἀνδρῶν
720 726 810 780 καὶ
835 732 944 782 τῶν
969 728 1154 782 ἳππων
1183 726 1272 781 καὶ
1328 726 1601 796 ἀλλήλοις
1630 725 1986 802 περιπιπτόν-

335 836 469 882 των,
529 809 730 884 συνέϐη
789 816 915 878 τοὺς
973 811 1290 891 Βαρϐάρους
1346 821 1614 886 κρατῆσαι
1669 815 1762 868 xui
1823 813 2018 892 φόνον.

339 905 562 977 ἄπειρον
604 903 1003 980 ἀπεργάσασθαι
1053 910 1161 958 τῶν
1207 903 1519 976 Ῥωμαίων,
1567 907 1674 957 τῶν
1716 902 1985 958 πλείστων

2101 555 2236 604 rent
2248 551 3128 624 immensamqueRomanorum
3144 553 3367 610 caedem
3380 559 3755 626 peragerent,

2102 638 2401 709 plerisque
2434 658 2466 695 a
2494 643 2616 696 suis
2661 642 2923 714 ingloriae
2957 643 3194 698 obtritis
3225 647 3402 713 atque
3433 641 3756 698 suffocatis.

2101 729 2418 783 Tarsenses
2448 731 2558 785 hac
2590 732 2898 803 inopinata
2933 733 3104 804 potiti
3134 733 3397 801 victoria,
3434 738 3490 787 et
3521 733 3758 788 conciso

2103 818 2366 873 Romano
2394 821 2678 886 exercitu,
2703 820 3011 877 barbarica
3042 822 3510 878 conclamatione
3534 828 3592 878 et
3616 827 3762 877 stre-

2102 908 2230 979 pitu
2262 923 2531 978 paaanem
2569 910 2934 964 cecinerunt.

334 989 614 1054 δυσκλεῶς
647 992 1114 1066 συμπατουμένων
1142 993 1231 1048 καὶ
1264 992 1720 1067 συμπνιγομένων
1764 993 1852 1066 ὑφ’
1882 994 2105 1050 ἑαυτῶν.
2141 993 2298 1052 Οὕτω
2330 992 2387 1049 δὲ
2414 994 2731 1069 παραδόξως
2788 996 3063 1072 κραδόξως
3113 1000 3476 1075 κρατήσαντες
3524 1001 3575 1054 οἱ
3606 1002 3750 1074 Ταρ-

332 1087 442 1142 σεῖς
474 1081 563 1135 καὶ
596 1083 696 1151 τήν
727 1083 1042 1154 Ῥωμαϊκὴν
1083 1081 1240 1156 ἰσχὺν
1272 1081 1673 1155 κατακόψαντες
1709 1078 2064 1158 βαρϐαρικοῖς
2095 1083 2441 1160 ἀλαλαγμοῖς
2476 1084 2808 1155 ἐπαιάνιζον.

408 1171 503 1225 Καὶ
532 1170 599 1225 τὰ
637 1171 730 1243 μὲν
759 1171 896 1244 πρὸς
926 1171 1223 1246 ἀνίσχοντα
1274 1170 1436 1240 ἥλιον
1497 1170 1669 1232 οὕτως
1719 1173 1862 1250 εἶχε,
1917 1173 1985 1226 τὰ

335 1256 393 1313 δὲ
423 1260 557 1332 πρὸς
591 1259 816 1334 ἑσπέραν
875 1256 1053 1314 ἄπεισι
1114 1260 1284 1331 λέξων
1317 1261 1345 1314 ὁ
1380 1259 1565 1335 λόγος.
1616 1260 1720 1317 Καὶ
1775 1261 1984 1316 τούτων

333 1349 460 1424 γὰρ,
493 1348 698 1422 ὁμοίως
736 1355 854 1412 τοῖς
912 1349 1156 1419 λοιποῖς,
1217 1348 1303 1404 ἐπὶ
1365 1347 1532 1405 πλέον
1590 1348 1981 1423 ἀμεληθέντων

333 1435 417 1492 ἐπὶ
452 1445 552 1506 τῆς
607 1437 890 1513 βασιλείας
948 1443 1044 1494 τοῦ
1099 1437 1358 1513 Μιχαὴλ,
1417 1439 1505 1493 καὶ
1554 1437 1730 1508 πάσης
1789 1435 1984 1513 σχεδὸν

333 1524 435 1596 ὅση
467 1531 536 1600 τῇ
573 1525 824 1600 βασιλείᾳ
847 1528 1137 1600 Ῥωμαίων
1199 1527 1382 1598 ἀνήκει
1425 1525 1682 1593 Ἰταλίας,
1729 1528 1816 1581 καὶ
1873 1532 1979 1582 τῶν

333 1613 602 1669 πλείστων
632 1622 730 1684 τῆς
778 1615 1031 1677 Σικελίας
1091 1615 1192 1672 ὑπὸ
1247 1623 1349 1685 τῆς
1406 1621 1517 1671 τῶν
1579 1613 1984 1692 Καρχηδονίων.

2166 1176 2270 1230 Hic
2299 1181 2423 1231 tum
2457 1181 2644 1232 status
2690 1194 2890 1233 rerum
2921 1180 2982 1233 in
3031 1179 3267 1235 Oriente
3294 1179 3424 1234 fuit.
3459 1182 3625 1236 Nunc
3653 1197 3749 1235 res

2093 1264 2154 1318 in
2185 1264 2506 1320 Occidente
2555 1274 2621 1320 ut
2666 1267 3004 1337 habuerint,
3039 1283 3427 1338 exponemus.
3460 1269 3604 1323 Cum
3645 1269 3751 1324 has

2096 1371 2353 1426 quoque,
2388 1355 2637 1426 perinde
2670 1372 2738 1410 ac
2789 1363 3004 1412 caetera
3032 1357 3256 1424 omnia,
3288 1357 3608 1412 Michaelus
3639 1357 3752 1411 im-

2092 1449 2332 1514 perator
2359 1445 2742 1517 neglexisset,
2776 1445 2970 1501 omnis
3019 1463 3202 1518 prope
3251 1463 3383 1517 quae
3415 1447 3489 1501 ad
3535 1449 3751 1502 Roma-

2091 1549 2234 1588 num
2267 1533 2604 1604 pertinebat
2625 1535 2941 1606 imperium
2957 1534 3124 1591 Italia
3138 1541 3196 1590 et
3210 1536 3511 1607 plerasque
3535 1535 3746 1591 Sicilia)

2089 1628 2288 1694 partes
2319 1639 2352 1676 a
2377 1623 2942 1695 Carthaginensibus
2982 1623 3292 1679 debellata)
3326 1629 3383 1678 et
3415 1624 3740 1679 tributariae

336 1701 612 1777 δυνάμεως
644 1703 1200 1778 καταπολεμηθείσης
1230 1705 1319 1759 καὶ
1354 1704 1629 1784 ὑποφόρου
1667 1710 1782 1766 τοῖς
1835 1711 1974 1780 Βαρ-

2090 1710 2358 1765 Barbaris
2375 1710 2541 1765 factm
2556 1715 2747 1767 erant.
2782 1710 3000 1766 Adhzec
3033 1711 3281 1782 Scythas,
3300 1712 3400 1781 qui
3431 1712 3491 1766 in
3521 1713 3747 1766 Panno-

334 1787 524 1866 ϐάροις
554 1791 874 1866 γενομένης,
921 1789 1004 1848 ἔτε
1059 1791 1116 1847 δὲ
1172 1793 1262 1847 καὶ
1309 1797 1418 1848 τῶν
1477 1792 1528 1848 ἐν
1582 1793 1848 1865 ΙΙαννονίᾳ
1893 1795 1980 1848 καὶ

334 1878 618 1953 Δαλματίᾳ
675 1882 764 1937 καὶ
820 1886 928 1936 τῶν
1013 1881 1254 1937 ἐπέκεινα
1331 1883 1535 1937 τούτων
1628 1881 1983 1956 διακειμένων

326 1977 570 2039 Σκυθῶν,
603 1969 922 2048 Χρωϐάτων
955 1979 1088 2046 (88),
1122 1975 1291 2054 φημὶ,
1325 1975 1414 2028 καὶ
1473 1971 1692 2050 Σέρϐων
1741 1975 1829 2030 καὶ
1880 1977 1983 2031 Ζα-

330 2057 614 2137 χλούϐων,
649 2057 1078 2138 Τερϐουνιωτῶν
1109 2085 1167 2118 τε
1209 2064 1300 2117 xui
1352 2064 1668 2120 Καναλιτῶν
1719 2065 1809 2118 καὶ
1860 2072 1985 2118 Διο-

329 2149 640 2222 κλητιανῶν
696 2153 785 2207 καὶ
846 2154 1163 2225 Ῥεντανῶν,
1223 2160 1321 2222 τῆς
1379 2153 1627 2216 ἀνέκαθεν
1689 2154 1978 2227 Ῥωμαίων

325 2239 666 2315 ἐπικρατείας
716 2243 1133 2318 ἀφηνιασάντων
1191 2242 1283 2296 καὶ
1342 2241 1660 2315 αὐτονόμων
1717 2244 1982 2312 καθεστη-

323 2332 524 2401 κότων,
585 2329 930 2385 συνεπέθεντο
988 2330 1122 2403 μετᾶ
1171 2335 1270 2385 τοῦ
1354 2335 1546 2405 καιροῦ
1614 2331 1706 2386 καὶ
1766 2333 1817 2385 οἱ
1875 2332 1981 2386 ἀπὸ

326 2418 683 2499 Καρχηδόνος
729 2420 1043 2496 Ἀγαρηνοί.
1104 2420 1207 2477 Καὶ
1266 2418 1538 2496 ἄρχοντας
1598 2419 1981 2492 ἐπιστήσαντες

326 2511 417 2566 τόν
449 2531 508 2565 τε
541 2508 821 2564 Σολδανον
851 2511 942 2564 καὶ
973 2506 1151 2565 Σάϐαν
1185 2510 1275 2565 καὶ
1314 2511 1406 2564 τὸν
1460 2509 1744 2588 Καλφοὺς,
1789 2510 1983 2583 ἐμπει-

334 2600 421 2675 ρίᾳ
453 2597 733 2672 πολεμικῇ
789 2597 1058 2675 διαφέρειν
1120 2599 1643 2673 μεμαρτυρημένους
1689 2603 1797 2653 τῶν
1843 2600 1980 2672 ὁμο-

323 2687 536 2768 φύλων,
571 2691 652 2762 [Ρ.
686 2690 812 2760 577]
845 2683 896 2758 ἕξ
927 2689 1019 2743 καὶ
1048 2687 1338 2761 τριάκοντα
1390 2685 1602 2742 πλοίων
1658 2687 1978 2760 πολεμικῶν

320 2779 458 2832 κατά
489 2776 801 2851 Δαλματίας
833 2777 1027 2832 στόλον
1071 2775 1416 2844 ἀπέστειλαν,
1472 2777 1556 2854 ὑφ’
1607 2774 1668 2830 οῦ
1719 2774 1974 2854 διάφοροι

328 2864 521 2927 πόλεις
579 2864 826 2920 ἑάλωσαν
885 2864 1218 2939 Ααλματῶν,
1277 2865 1455 2936 οἶονῆ
1514 2885 1572 2919 τε
1631 2865 1976 2938 Βούταμα,ἡ

323 2957 502 3013 Ῥῶσα
567 2953 656 3009 καὶ
713 2955 783 3009 τὰ
839 2956 986 3010 κάτω
1045 2955 1338 3029 Δεκάταρα.
1409 2953 1862 3030 Προχωρούντων
1922 2951 1979 3008 δὲ

318 3046 455 3100 κατά
480 3047 604 3098 νοῦν
646 3047 753 3098 τῶν
816 3043 1152 3119 πραγμάτων
1211 3048 1327 3105 τοῖς
1385 3043 1733 3119 Ἀγαρηνοῖς,
1797 3041 1969 3110 ἦλθον

2088 1800 2208 1866 nia,
2241 1799 2535 1855 Dalmatia
2554 1801 3055 1872 ulterioribusque
3075 1801 3742 1873 degebantregionibus,

2089 1888 2396 1944 Chrobatae
2444 1889 2711 1960 inquam,
2743 1891 2947 1944 10I9
2985 1891 3163 1957 Servi,
3195 1889 3496 1956 Zachlubi,
3528 1889 3746 1945 Terbu-

2089 1974 2287 2042 niotae,
2315 1975 2618 2043 Canalitee,
2641 1976 2991 2032 Diocletiani
3013 1982 3190 2048 atque
3215 1977 3464 2032 Reutani
3495 1978 3748 2033 Romani

2088 2067 2345 2138 imperii,
2380 2067 2473 2122 cui
2505 2068 2835 2138 antiquitus
2885 2069 3187 2137 suberant,
3210 2069 3354 2141 jugo
3407 2085 3653 2124 excusso
3686 2070 3748 2123 in

2088 2155 2428 2211 libertatem
2459 2173 2588 2210 sese
2621 2162 3018 2213 asseruerant.
3047 2158 3204 2222 Quos
3234 2163 3406 2229 capta
3435 2158 3746 2214 occasione

2088 2244 2278 2300 adorti
2311 2245 2800 2317 Carthaginenses
2829 2245 3105 2318 Agareni,
3131 2247 3466 2318 creatisque
3497 2245 3746 2302 ducibus

2087 2332 2365 2400 Soldano,
2394 2332 2545 2387 Saba
2571 2338 2630 2387 et
2659 2334 2975 2405 Calphuso,
3012 2334 3111 2404 qui
3136 2335 3290 2388 inter
3317 2335 3569 2406 gentiles
3592 2335 3745 2406 peri-

2089 2421 2182 2475 tia;
2214 2420 2443 2475 bellicae
2474 2421 2696 2492 primas
2728 2422 2952 2492 absque
2985 2423 3388 2477 controversia
3439 2423 3742 2489 tenebant,

2086 2509 2272 2564 classe
2303 2514 2532 2564 armata
2556 2512 2793 2565 navium
2820 2512 2887 2564 36
2920 2511 3161 2576 emissa,
3191 2511 3410 2566 multas
3443 2511 3749 2566 Dalmatica

2048 2671 2052 2676 ι
2085 2597 2264 2652 urbes
2288 2603 2591 2669 ceperunt,
2621 2598 2803 2669 inque
2835 2599 2928 2653 his
2952 2599 3282 2668 Butamam,
3315 2601 3529 2655 Rosam
3553 2605 3612 2654 et
3635 2601 3748 2655 De-

2089 2689 2349 2740 cataram
2409 2685 2778 2741 inferiorem.
2825 2688 2910 2740 Ita
2956 2703 3238 2757 prospere
3290 2685 3746 2742 succedentibus

2083 2772 2260 2827 rebus
2316 2774 2569 2844 Agareni
2643 2774 2962 2844 Ragusium
3041 2790 3276 2844 quoque
3353 2774 3533 2828 totius
3598 2791 3742 2846 gen-

2083 2862 2159 2916 tis
2191 2865 2366 2932 caput
2414 2863 2633 2933 agressi
2665 2862 2841 2933 longo
2893 2867 3160 2934 tempore
3185 2863 3590 2934 iobsederunt,
3622 2866 3741 2920 for-

2085 2951 2223 3004 titer
2249 2949 2458 3005 urbem
2493 2949 2951 3006 defendentibus
2974 2952 3075 3021 qui
3107 2953 3268 3007 intus
3290 2957 3479 3008 erant.
3513 2954 3581 3007 Hi
3604 2970 3739 3008 cum

2085 3041 2367 3096 aerumnis
2413 3040 2516 3095 diu
2566 3040 2833 3096 toleratis
2865 3041 3105 3097 tandem
3136 3042 3199 3096 in
3242 3047 3507 3097 extremo
3539 3049 3742 3098 essent

322 3137 409 3190 xui
447 3134 547 3188 ὑπὸ
578 3135 676 3202 τήν
709 3138 810 3188 τοῦ
839 3133 974 3188 ὅλου
1005 3131 1190 3197 ἔθνους
1225 3131 1576 3208 μητρόπολιν
1616 3133 1651 3202 ἢ
1685 3131 1967 3189 Ῥαούσιον

2090 3130 2393 3186 constituti
2423 3129 2791 3197 discrimine,
2822 3131 3176 3186 necessitate
3221 3137 3466 3204 urgente
3514 3132 3740 3204 legatos

326 3222 564 3296 λέγεται,
597 3222 688 3276 xui
712 3221 914 3292 ταύτην
959 3219 1048 3276 ἐπὶ
1108 3223 1311 3299 χρόνον
1361 3220 1719 3296 ἐπολιόρκουν
1773 3220 1972 3291 πολὺν,

326 3309 574 3382 ἐκθύμως
607 3315 714 3366 τῶν
765 3303 916 3364 ἔνδον
974 3310 1416 3384 ἀγωνιζομένων.
1463 3309 1612 3364 Ἐπεὶ
1665 3306 1722 3363 δὲ
1773 3309 1970 3384 χρόνον

327 3399 850 3473 ταλαιπωσούμενοι
883 3401 935 3455 οἱ
965 3401 1239 3456 Ῥαούσιοι
1299 3399 1376 3463 εἰς
1425 3401 1520 3462 τάς
1579 3399 1811 3475 ἐσχάτας
1852 3421 1974 3454 συν-

328 3488 631 3561 ηλαύνοντο
689 3488 941 3564 ἀπορίας,
999 3488 1276 3562 πέμπουσι
1341 3483 1590 3562 πρέσϐεις
1636 3489 1687 3549 ἐς
1746 3487 1974 3562 βασιλέα

324 3580 428 3633 ὑπὸ
461 3585 561 3648 τῆς
593 3577 830 3653 ἀνάγκης
883 3577 1417 3652 στενοχωρούμενοι,
1473 3578 1741 3650 ἐπαμῦναι
1797 3598 1973 3652 παρα-

323 3667 617 3729 καλοῦντες
675 3672 792 3728 τοῖς
877 3664 1276 3722 κινδυνεύουσιν
1331 3667 1671 3742 ὑποχειρίοις
1725 3667 1971 3740 γενέσθαι

319 3762 430 3812 τῶν
462 3756 709 3829 ἀρνητῶν
738 3761 835 3811 τοῦ
876 3759 1139 3830 Χριστοῦ.
1193 3757 1380 3825 Μήπω
1429 3752 1486 3810 δὲ
1537 3759 1646 3810 τῶν
1697 3750 1972 3830 πρέσϐεων

318 3845 660 3923 ἀφικομένων
691 3844 927 3918 Μιχαὴλ
981 3846 1078 3916 μὲν
1130 3845 1157 3898 ὁ
1210 3841 1465 3919 βασιλεὺς
1515 3846 1753 3916 θνήσκει,
1806 3864 1973 3898 κατα-

317 3929 652 4007 λαμϐάνουσι
685 3930 743 3988 δὲ
771 3934 861 3988 τὸν
895 3931 1174 3988 Βασίλειον
1210 3935 1261 3987 οἳ
1313 3928 1660 4007 πρεσϐευταί.
1714 3935 1811 3988 Ὠν
1852 3931 1973 3988 ἐπι-

321 4021 504 4096 μελῶς
532 4023 947 4094 ἀκροασάμενος
975 4023 1064 4076 καὶ
1098 4020 1230 4084 ὅλος
1261 4026 1358 4076 τοῦ
1413 4019 1616 4084 πάθους
1660 4023 1970 4099 γενόμενος,

318 4111 513 4167 στόλον
546 4111 976 4185 ἐξαρτυσάμενος
1034 4115 1167 4166 νεῶν
1229 4111 1416 4166 ἑκατὸν
1476 4109 1566 4165 καὶ
1625 4109 1792 4186 ἄνδρα
1843 4111 1970 4165 τού-

317 4222 434 4263 τοις
493 4201 787 4271 έπιστήσας
849 4199 1106 4274 ἐμπειρίᾳ
1161 4200 1251 4254 καὶ
1312 4196 1512 4254 συνέσει
1569 4204 1674 4255 τῶν
1743 4198 1971 4255 πολλῶν

322 4288 646 4367 διαφέροντα
674 4291 764 4344 τὸν
813 4289 1099 4362 πατρίκιον
1160 4295 1204 4344 Ν
1217 4291 1402 4359 ικήταν
1463 4289 1552 4344 καὶ
1610 4286 1973 4364 δρουγγάριον

325 4383 426 4433 τῶν
497 4377 770 4449 πλωῒμων
823 4380 931 4450 (89)
991 4376 1084 4431 τὸν
1137 4377 1236 4444 τὴν
1295 4375 1604 4450 ἐπωνυμίαν
1681 4375 1968 4455 Ὠορύφαν,

2080 3219 2155 3275 ad
2186 3220 2605 3290 imperatorem
2658 3219 2922 3286 mittunt,
2956 3225 3226 3291 petentes
3274 3221 3385 3276 sibi
3417 3221 3741 3291 subveniri,

2080 3326 2155 3364 ne
2182 3309 2242 3362 in
2268 3313 2620 3380 potestatem
2644 3309 2905 3364 hostium
2928 3309 3223 3365 Christum
3243 3309 3626 3365 difﬁtentium
3648 3328 3740 3366 re-

2081 3398 2376 3470 digantur.
2409 3399 2743 3468 Antequam
2775 3398 2952 3470 legati
2981 3398 3271 3469 venirent,
3297 3399 3424 3470 jam
3463 3399 3734 3455 Michaeli

2080 3487 2244 3542 obitu
2277 3486 2591 3558 imperium
2643 3489 2973 3542 Romanum
3022 3488 3273 3544 Basilius
3321 3495 3729 3562 occupaverat.

2079 3577 2132 3632 Is
2164 3577 2385 3648 legatos
2412 3581 2633 3630 attente
2661 3576 2901 3644 audivit,
2936 3582 3212 3648 totusque
3240 3595 3447 3633 eorum
3479 3580 3728 3634 misera-

2078 3657 2239 3710 tione
2293 3657 2582 3720 concitus,
2643 3655 2894 3710 classem
2953 3656 3056 3709 100
3109 3657 3344 3711 navium
3402 3664 3728 3728 comparat,

2079 3760 2350 3815 eamque,
2384 3743 2533 3798 duce
2563 3743 2765 3798 Niceta
2793 3744 3042 3814 patricio
3070 3749 3127 3798 et
3157 3745 3474 3817 drungario
3505 3747 3590 3800 rei
3623 3763 3731 3802 na-

2077 3833 2244 3902 valis,
2279 3831 2630 3903 cognomine
2659 3832 2914 3902 Orypha,
2939 3832 3152 3902 peritia
3178 3849 3246 3887 ac
3271 3834 3587 3904 prudentia
3608 3836 3735 3890 sin-

2077 3930 2263 4003 gulari
2323 3930 2466 3995 viro,
2519 3929 2580 3982 in
2637 3929 2926 3984 Barbaros
2973 3930 3210 3985 emittit.
3260 3931 3536 4000 Agareni,
3587 3949 3734 4002 quos

2078 4021 2140 4074 in
2172 4018 2499 4074 obsidenda
2529 4017 2674 4071 urbe
2724 4034 3132 4089 perseverasse
3178 4017 3458 4088 diximus,
3491 4037 3623 4076 cum
3665 4038 3736 4076 ex

2077 4108 2398 4179 transfugis
2429 4106 2843 4178 cognovissent
2892 4107 3321 4176 Ragusinorum
3371 4108 3444 4162 ad
3475 4109 3735 4180 impera-

2078 4201 2265 4250 torem
2298 4196 2522 4267 legatos
2570 4195 2778 4250 1020
2830 4195 3024 4260 ivisse,
3079 4194 3149 4249 de
3204 4196 3349 4250 urbe
3402 4198 3516 4252 cito
3551 4214 3735 4270 expu-

2075 4285 2308 4358 gnanda
2340 4283 2728 4355 desperantes
2762 4288 2821 4338 et
2854 4283 3078 4338 auxilia
3107 4285 3429 4340 missurum
3461 4287 3515 4340 ei
3546 4287 3736 4358 impe-

2077 4380 2334 4430 ratorem
2369 4378 2723 4438 metuentes,
2749 4372 3120 4427 obsidionem
3151 4373 3407 4442 solvunt,
3441 4379 3499 4430 et
3529 4375 3603 4430 ad
3635 4376 3737 4432 Ita-

321 4468 456 4521 κατὰ
486 4472 591 4521 τῶν
652 4465 938 4538 πολεμίων
1000 4463 1288 4537 ἐκπέμπει.
1337 4466 1404 4522 Οἱ
1454 4462 1509 4519 δὲ
1551 4467 1620 4538 τῇ
1674 4463 1970 4538 πολιορκίᾳ

2090 4463 2176 4518 liae
2209 4479 2338 4517 eam
2387 4467 2614 4533 partem
2669 4477 2800 4530 quae
2850 4460 3257 4533 Longobardia
3305 4462 3480 4518 hodie
3521 4463 3740 4519 dicitur

316 4559 415 4609 τοῦ
471 4555 754 4608 Ῥαουσίου
813 4552 1215 4626 προσμένοντος
1302 4552 1595 4629 Ἀγαρηνοὶ
1675 4549 1764 4606 διά
1814 4573 1972 4606 τινων

321 4641 652 4715 αὐτομόλων
688 4641 946 4714 μαθόντες
979 4643 1079 4709 τήν
1115 4640 1250 4714 πρὸς
1283 4640 1372 4695 τὸν
1404 4639 1630 4714 βασιλέα
1649 4645 1757 4694 τῶν
1783 4642 1969 4697 Ῥαου-

323 4732 450 4784 σίων
510 4725 816 4803 πρεσϐείαν,
875 4729 1251 4804 ἀπεγνωκότες
1292 4727 1349 4783 δὲ
1405 4731 1493 4783 xui
1551 4732 1651 4798 την
1704 4729 1968 4801 σύντομον

329 4815 554 4889 ἅλωσιν,
586 4817 842 4873 τοῦτοδὲ
898 4819 986 4873 xui
1040 4820 1138 4887 τήν
1198 4816 1257 4871 ἐκ
1319 4816 1590 4893 βασιλέως
1642 4814 1968 4896 φοϐηθέντες

329 4906 606 4976 ἀφίξεσθαι
643 4905 948 4979 μέλλουσαν
982 4909 1261 4981 βοήθειαν,
1291 4905 1598 4975 λύουσιτὴν
1620 4907 1967 4983 πολιορκίαν,

332 4997 472 5051 κατά
525 4992 582 5049 δὲ
637 4996 735 5063 τήν
809 4995 1066 5064 Ἰταλίαν,
1137 4995 1171 5063 ἢ
1228 4993 1320 5050 νῦν
1407 4990 1793 5072 Λαγγοϐαρδία
1851 4999 1962 5070 (90)
2021 4997 2353 5069 ὠνόμασται,

2081 4555 2444 4626 navigantes,
2477 4553 2650 4608 Barin
2682 4558 2942 4607 castrum
2970 4558 3282 4624 occupant,
3311 4554 3512 4625 ibique
3543 4557 3742 4612 consi—

2082 4643 2244 4698 dent.
2278 4642 2418 4696 Inde
2451 4641 2734 4712 paulatim
2789 4641 3060 4711 proxima
3101 4658 3351 4712 qumque
3397 4645 3653 4716 aggressi
3687 4649 3745 4698 et

2081 4732 2272 4804 potiti,
2333 4731 2669 4785 universam
2745 4730 3234 4801 Longobardiam,
3291 4738 3350 4787 et
3420 4733 3742 4804 aliquando

2083 4819 2371 4892 quidquid
2402 4818 2477 4874 ad
2509 4819 2700 4890 ipsam
2727 4835 2917 4889 usque
2946 4821 3193 4875 Romam
3228 4821 3370 4876 olim
3395 4822 3746 4894 gloriosissi-

2082 4925 2240 4964 mam
2273 4909 2524 4964 interest
2555 4907 2838 4979 regionis,
2871 4906 3279 4964 obtinuerunt.

2444 4993 2859 5068 διαπεράσαντες
2944 4995 3008 5047 τὸ
3092 4995 3319 5068 κάστρον
3377 5001 3477 5062 τῆς
3527 4996 3745 5068 Βάρεως

1530 5095 1894 5151 XYLANDRI
1925 5097 2012 5149 ET
2043 5096 2259 5151 GOARI
2293 5094 2508 5148 ΝΟΤᾹΞ.

400 5196 515 5266 (88),
541 5197 654 5250 Eos
687 5212 816 5250 esse
849 5196 1026 5251 credo
1059 5196 1161 5266 qui
1193 5197 1454 5251 Crabate
1484 5196 1785 5262 dicuntur,
1818 5195 1982 5251 unde

329 5265 561 5322 Croatia
590 5283 708 5336 sive
735 5268 1030 5323 Crabatia.
1057 5265 1240 5321 Paulo
1264 5268 1416 5322 infra
1437 5267 1495 5321 hi
1521 5266 1748 5336 Scytha:
1772 5283 1981 5321 omnes

329 5338 541 5394 Salvini
576 5328 873 5394 dicuntur.
927 5337 1204 5408 Ῥατύσιον
1265 5345 1353 5393 est
1411 5328 1776 5408 Bagus'iumL
1801 5339 1978 5393 etiam

332 5412 586 5464 Zonaraa.
621 5411 762 5466 XYL.
798 5441 858 5451 —
906 5402 1226 5480 Χρωϐάτων
1285 5409 1427 5480 φημῖ
1486 5402 1574 5460 καὶ
1639 5402 1855 5479 Σέρϐων
1909 5409 1980 5462 de

335 5480 582 5552 singulis
612 5481 772 5536 hisce
805 5480 1039 5605 populis
1069 5497 1136 5534 ac
1169 5497 1371 5536 eorum
1429 5498 1462 5535 a
1515 5482 1814 5534 Romanis.
1869 5482 1979 5534 De-

335 5554 583 5605 l'ectione
615 5553 849 5605 longam
901 5551 1190 5605 iistoriam
1224 5553 1371 5605 texit
1403 5552 1828 5605 Constantinus
1870 5553 1979 5605 im-

901 5551 1190 5606 iistoriam
1224 5553 1371 5606 texit
1403 5552 1828 5606 Constantinus
1870 5553 1979 5605 im-

336 5631 570 5697 perator
603 5621 821 5679 toto—de
853 5621 1087 5678 Admin.
1121 5623 1268 5693 Imp.
1301 5623 1752 5679 commentario.
1804 5623 1979 5678 Gem.

329 5554 583 5608 fectione
615 5553 849 5624 longam

2166 5194 2428 5269 (89)A_Le‘0
2462 5193 2522 5269 ip
2546 5191 2846 5269 Naumach
2875 5191 3200 5269 :‘Katuu'f'iy
3232 5191 3496 5269 ὁμοίωσιν
3531 5197 3630 5269 τοῦ
3660 5197 3755 5269 βα-

2094 5259 2311 5320 σιλικοῦ
2344 5260 2613 5333 πλωίμου
2645 5259 2734 5314 καὶ
2780 5261 2832 5333 oi
2870 5264 2996 5333 τῶν-
3032 5259 3219 5333 ἄλλων
3271 5259 3521 5333 θεμάτων
3572 5259 3754 5320 πλῶϊ-

2097 5357 2193 5408 μοι
2224 5329 2519 5408 στρατηγοί
2579 5329 2936 5406 δρουγγάριοι
2982 5331 3269 5386 ἐκαλοῦντό
3309 5329 3442 5388 ποτε
3483 5341 3598 5398 τοῖς
3647 5336 3756 5392 ἅνω

2092 5407 2348 5484 χρόνοιςᾲ
2369 5410 2543 5462 GOAB.

2113 5469 2276 5553 w(99)
2309 5480 2533 5553 Exque
2567 5479 2876 5531 Ravennae
2916 5477 3128 5530 morati
3163 5483 3301 5553 sunt
3342 5494 3409 5553 ac
3439 5481 3499 5553 in
3532 5481 3760 5553 Longo-

2097 5550 2717 5623 bardiagprincipatum
2739 5553 3132 5623 exercuerunt
3154 5549 3410 5623 Orientis
3436 5549 3757 5623 imperato-

2102 5640 2219 5690 res,
2245 5617 2425 5677 alium
2459 5617 2875 5691 quemcunque
2919 5617 3112 5673 locum
3167 5621 3227 5674 in
3260 5621 3426 5677 Italia
3455 5617 3565 5677 sibi
3613 5622 3752 5676 reli-
