4056 6276
461 334 614 396 1111

1856 331 2013 394 GEO
2033 329 2199 394 RGII
2239 325 2590 395 CEDHENI

3689 343 3803 402 lll2

463 467 902 540 pugnandoque
933 467 992 520 in
1022 481 1284 522 summas
1327 463 1552 522 redacti
1609 465 2103 534 difﬂcultates,le‘

2229 465 2321 521 καὶ
2382 465 2602 544 χάρακα
2657 468 2833 538 πήξας
2892 467 3098 542 ὀχυρὸν
3153 468 3382 544 ἐνεργῶς
3434 465 3716 545 ἐπολιόρκει
3745 477 3812 539 τὰς

463 564 596 631 gato
627 557 700 612 ad
729 556 1008 612 Basilium
1043 559 1446 612 Romanorum
1479 558 1899 628 imperatorem
1939 557 2124 610 misso

472 652 540 701 ut
566 649 877 702 succurrat
906 643 1016 699 sibi
1035 643 1326 717 ﬂagitant.
1358 645 1986 716 Assentitimperator;
2006 649 2122 698 sta-

459 736 692 804 timque
723 733 982 804 legatum
1013 734 1391 804 remittit,qui
1415 749 1554 788 suos
1582 733 1738 788 bono
1764 733 1964 788 animo
1995 747 2123 788 esse

469 823 727 894 juberet,
787 822 1211 894 nuntiaretque
1269 839 1406 877 mox
1436 821 1717 878 adfutura
1747 822 1888 876 satis
1931 821 2124 877 valida

463 911 702 979 auxilia,
739 929 872 982 quaa
903 911 1065 982 ipsos
1096 909 1429 966 discrimini
1456 911 1776 982 eriperent.
1809 912 1864 965 Is
1892 909 2120 983 legatus

459 1001 522 1056 in
545 1000 741 1056 reditu
773 999 846 1054 ab
876 999 1149 1054 hostibus
1191 1005 1280 1054 est
1335 1005 1564 1071 captus.
1597 999 1781 1070 Eique
1829 998 2120 1054 Soldanus

467 1089 542 1145 ad
597 1105 660 1144 se
691 1088 968 1154 adducto,
1018 1087 1190 1159 Optio
1249 1087 1376 1157 tibi,
1427 1087 1646 1158 inquit,
1692 1087 2118 1158 daturzdelige

455 1177 618 1250 quod
645 1182 738 1232 est
757 1177 992 1232 melius.
1017 1176 1074 1230 Si
1109 1175 1304 1231 salvus
1335 1191 1466 1231 esse
1519 1176 1604 1231 vis
1653 1177 2006 1249 magnisque
2039 1175 2120 1231 af-

453 1267 551 1322 ﬂci
573 1265 868 1333 donis,dic
898 1265 972 1320 iis
1002 1265 1103 1336 qui
1127 1269 1183 1319 te
1215 1265 1524 1330 miserant,
1556 1264 1835 1320 omnibus
1865 1265 2118 1320 audien-

455 1357 632 1424 tibus,
667 1356 990 1427 denegasse
1015 1356 1436 1426 imperatorem
1471 1357 1802 1411 Romanum
1839 1356 1914 1410 iis
1945 1356 2117 1410 anxi-

455 1443 557 1508 lia,
621 1445 714 1499 sin
772 1460 976 1499 verum
1032 1444 1428 1509 renuntiabis,
1464 1444 1630 1500 illico
1682 1443 1926 1516 peribis.
1973 1444 2111 1499 Pro-

457 1533 642 1588 mittit
671 1533 900 1605 legatus
945 1549 1006 1588 se
1035 1531 1330 1588 facturum
1363 1532 1521 1604 quod
1547 1533 1817 1604 jusserat
1843 1548 2110 1600 ameras;

455 1628 513 1677 et
537 1638 672 1676 cum
701 1621 775 1676 ad
807 1621 1031 1693 sagittas
1081 1621 1231 1676 ictus
1263 1621 1520 1692 spatium
1561 1621 1636 1677 ad
1667 1622 1882 1678 mmnia
1911 1638 2110 1677 acces-

460 1710 695 1779 sissent,
757 1710 982 1781 primos
1031 1709 1197 1765 urbis
1254 1709 1491 1781 prodire
1539 1709 1821 1781 postulat.
1879 1711 1986 1776 Qui
2044 1717 2112 1765 ut

451 1803 668 1870 praesto
711 1797 970 1866 fuerunt,
1003 1799 1088 1853 sic
1129 1815 1229 1853 eos
1259 1798 1582 1868 compellat
1612 1816 1626 1854 :
1653 1800 1905 1854 Tametsi
1936 1799 2106 1867 mihi,

461 1903 494 1942 ο
520 1892 738 1958 ροῐτεει
773 1891 936 1942 certa
964 1903 1125 1942 mors
1147 1887 1454 1958 impendet
1509 1886 1860 1960 gladiusque
1891 1887 1964 1944 ad
2009 1887 2108 1960 ju-

445 1977 652 2050 gulum
683 1981 792 2042 est,
825 1993 948 2032 non
980 1981 1181 2031 tamen
1211 1976 1417 2032 celabo
1435 1979 1767 2044 veritatem,
1789 1983 1848 2032 et
1875 1993 2016 2050 rogo
2044 1983 2110 2032 ut

443 2065 616 2119 uxori
649 2063 972 2135 liberisque
1001 2065 1150 2120 meis
1193 2065 1445 2137 gratiam
1476 2065 1802 2121 referratis.
1825 2067 1966 2138 Ego,
2000 2065 2107 2120 do-

449 2153 620 2223 mini,
653 2169 996 2224 quanquam
1025 2170 1186 2209 nunc
1217 2155 1279 2208 in
1311 2153 1590 2210 manibus
1620 2155 1880 2210 hostium
1897 2153 2104 2212 I025

448 2258 602 2310 sum,
626 2241 987 2315 legationem
1029 2259 1224 2298 meam
1255 2243 1506 2311 confeci,
1540 2249 1598 2298 et
1655 2260 1794 2299 mox
1850 2243 2042 2299 aderit
2072 2259 2107 2299 a

447 2332 714 2386 Romano
743 2332 993 2387 missum
1019 2331 1378 2403 imperatore
1407 2331 1928 2404 auxiliumJtaque
1952 2337 2102 2386 state

445 2419 715 2474 fortiter:
740 2419 901 2474 venit
921 2419 1080 2474 enim
1103 2420 1206 2490 qui
1228 2425 1294 2476 ut
1322 2437 1442 2475 non
1472 2437 1588 2488 me,
1614 2437 1716 2475 vos
1749 2420 1960 2474 saltem
1985 2420 2102 2473 eri.-

448 2507 591 2578 piet.
615 2507 749 2562 Haac
777 2507 967 2562 fatum
1004 2507 1166 2562 illico
1198 2509 1460 2563 ministri
1498 2508 1738 2564 Soldani
1796 2507 2010 2580 gladiis
2041 2508 2103 2562 in

448 2595 659 2668 exigua
683 2595 873 2652 frusta
883 2595 1272 2652 disciderunt.
1295 2596 1588 2652 Soldanus
1609 2601 1806 2653 autem
1828 2601 2104 2652 metuens

446 2683 558 2740 sibi
590 2684 664 2739 ab
693 2685 1094 2756 imperatoris,
1126 2685 1409 2756 quoniam
1434 2702 1568 2741 eum
1602 2685 1925 2741 missurum
1975 2703 2104 2756 cog-

443 2778 707 2844 noverat,
741 2774 1000 2830 exercitu
1031 2774 1227 2830 soluta
1257 2774 1568 2830 obsidione
1610 2775 1854 2830 domum
1897 2775 2097 2831 rediit.

443 2863 660 2934 Capuaa
695 2871 752 2918 et
773 2864 1106 2919 Benevento
1139 2863 1350 2919 exinde
1385 2866 1642 2920 societas
1662 2881 1731 2920 ac
1752 2864 1944 2920 fmdus
1963 2881 2098 2920 cum

443 2954 711 3008 Romano
743 2953 1103 3025 imperatore
1133 2952 1267 3007 fuit.

2234 552 2447 618 πόλεις.
2483 555 3002 632 Στενοχωρούμενοι
3035 555 3092 612 δὲ
3127 559 3230 614 ὑπὸ
3273 558 3588 627 πολιορκίας
3616 563 3666 614 οἳ
3690 563 3812 618 πολῖ-

2232 664 2320 699 ται
2360 640 2839 720 διαπρεσϐεύονται
2897 647 3034 721 πρὸς
3089 647 3186 702 τὸν
3245 647 3408 724 ῥῆγα,
3477 651 3740 724 συγγώμην
3771 675 3810 708 τε

2229 736 2330 798 τῆς
2359 731 2672 808 ἂμαρτάδος
2730 735 3007 798 αἰτοῦντες
3047 737 3136 790 καὶ
3187 737 3504 811 συμμαχίαν
3561 743 3812 808 ζητοῦντες.

2231 821 2411 878 Ἀλλὰ
2443 825 2564 894 μεθ’
2611 819 2818 899 ὕϐρεως
2871 825 3308 898 ἀποπέμπονται,
3358 824 3648 901 ἐπιχαίρειν
3675 827 3813 884 εἰπόν-

2229 931 2320 971 τος
2370 915 2440 984 τῇ
2489 911 2739 984 ἀπωλείᾳ
2786 913 2988 968 αὐτῶν.
3042 913 3359 989 ’Δπράκτων
3393 911 3448 968 δὲ
3476 919 3579 970 τῶν
3608 912 3816 991 πρεσϐευ-

2227 1003 2334 1052 τῶν
2381 998 2888 1076 έπαναστρεψάντων
2939 998 3366 1077 διαπορούμενοι
3413 1003 3504 1058 καὶ
3549 1005 3620 1078 μὴ
3648 999 3814 1079 ἔχοντες

2228 1085 2258 1141 ὅ
2286 1108 2337 1140 τι
2369 1089 2456 1143 καὶ
2490 1086 2762 1162 δράσειαν,
2813 1087 3003 1154 δεινῶς
3051 1088 3108 1146 δὲ
3153 1090 3468 1165 πιεζόμενοι
3510 1092 3596 1146 καὶ
3621 1097 3721 1154 ταῖς
3743 1102 3816 1163 τῆς

2226 1172 2551 1250 πολιορκίας
2581 1175 2858 1254 ἀνάγκαις,
2889 1177 3218 1234 στέλλουσιν
3273 1177 3509 1256 ἃγγελον
3543 1179 3666 1255 πρός
3695 1181 3817 1236 Βασί-

2228 1261 2374 1318 λειον
2417 1265 2509 1318 τὸν
2564 1265 2790 1340 βασιλέα
2840 1267 3159 1341 Ῥωμαίων,
3195 1267 3455 1342 βοήθειαν
3483 1267 3816 1341 έξαιτοόμενοὶ.

2226 1349 2395 1414 Οὗτος
2428 1349 2484 1407 δὲ
2535 1353 2634 1420 τήν
2689 1349 2975 1429 πρεσϐείαν
3036 1352 3326 1428 δεξάμενος
3382 1361 3569 1421 θᾶττον
3601 1356 3817 1430 ἐκπέμπει

2221 1443 2314 1496 τὸν
2367 1437 2722 1517 πρεσϐευτήν,
2787 1443 3004 1520 θαρῥεῖν
3069 1449 3527 1521 παρεγγυήσοντα
3591 1448 3659 1510 ὡς
3717 1449 3816 1519 μετὰ

2226 1533 2418 1605 μικρὸν
2477 1534 2586 1605 ἣξει
2641 1554 2701 1588 τε
2754 1533 2936 1597 αὐτοῖς
2992 1535 3299 1610 ἀποχρῶσα
3353 1537 3579 1610 βοήθεια
3633 1537 3816 1605 καὶτῆς

2222 1621 2454 1696 ἀνάγκης
2509 1621 2705 1684 αὐτοὺς
2763 1622 3038 1694 ἐξεκεῖται.
3095 1625 3462 1700 Ὑποστρέψας
3515 1623 3601 1680 οὗν
3651 1627 3675 1680 6
3719 1646 3816 1700 πρε-

2221 1705 2450 1782 σϐευτὴς
2518 1709 2883 1786 αἰχμάλωτος
2940 1711 3148 1788 ἐγένετο
3205 1718 3324 1776 τοῖς
3390 1711 3628 1788 ἐχθροῖς·
3678 1713 3728 1768 δν
3751 1717 3818 1768 καὶ

2216 1799 2703 1874 παραστησάμενος
2732 1800 2761 1854 6
2793 1798 3095 1870 Σολδάνος,
3127 1825 3156 1853 ι(
3191 1807 3372 1868 Δυοῖν,
3406 1800 3534 1879 ἔφη,
3577 1802 3820 1877 προκειμέ-

2216 1908 2330 1942 νοιν
2360 1885 2506 1943 ὀδοῖν
2541 1884 2712 1959 ἔξεστί
2765 1910 2852 1944 σοι
2906 1891 3006 1958 τὴν
3065 1888 3502 1966 ὠφελιμωτέραν
3535 1891 3745 1948 ἑλέσθαι.
3775 1893 3820 1948 Εἰ

2221 1978 2316 2050 μὶν
2363 1978 2465 2052 γάρ
2512 1975 2690 2042 θέλεις
2738 1979 2839 2048 τήν
2885 1977 3078 2034 ἑαυτοῦ
3129 1979 3405 2054 σωτηρίαν
3451 1977 3656 2054 δωρεῶν
3685 2001 3734 2034 τε
3755 2000 3822 2034 τυ-

2215 2071 2336 2142 χεῖν
2369 2067 2458 2121 καὶ
2490 2065 2734 2145 χαρίτων
2794 2065 3047 2139 πολλῶν,
3107 2067 3350 2140 λάλησον
3399 2072 3540 2141 πρὸς
3569 2069 3686 2132 τοὺς
3712 2069 3824 2142 πέμ-

2215 2158 2418 2229 ψαντας
2451 2155 2503 2210 ἐν
2537 2156 2783 2230 ἐπηκόῳ,
2805 2158 2881 2220 ὡς
2909 2155 3198 2229 ἀπείρηται
3225 2163 3306 2232 τῷ
3339 2157 3562 2234 βασιλεῖ
3587 2159 3822 2232 Ῥωμαίων

2213 2246 2248 2313 ὴ
2283 2245 2420 2320 πρὸς
2462 2245 2604 2318 ὑμᾶς
2661 2245 2976 2325 συμμαχία,
3010 2247 3100 2301 καί
3161 2249 3408 2324 σωθήσῃ·
3452 2253 3558 2303 τῶν
3593 2245 3638 2303 δ’
3665 2247 3823 2317 ἀληθι-

2214 2337 2320 2386 νῶν
2353 2333 2696 2410 ἐπαγγελιῶν
2729 2333 2980 2408 ἐχομένῳ
3025 2355 3110 2389 σοι
3155 2331 3343 2409 ἕψεται
3374 2337 3674 2412 ταχύτατος
3699 2337 3823 2391 θάνα-

2209 2441 2321 2482 τος.
2356 2445 2385 2472 ››
2435 2426 2539 2474 Τοῦ
2597 2419 2643 2476 δ’
2701 2421 3100 2499 ἀγγελιαφόρου
3159 2423 3486 2496 συνθεμένου
3525 2426 3588 2480 τὸ
3642 2423 3816 2496 θέλημα

2211 2517 2436 2580 ποιῆσαι
2466 2515 2563 2566 τοῦ
2590 2511 2803 2587 ἀμηρᾶ,
2837 2511 2953 2568 ἐπεὶ
2984 2512 3059 2575 ὠς
3102 2513 3208 2568 ἀπὸ
3236 2515 3397 2583 τόξου
3444 2513 3617 2590 βολῆς
3646 2519 3714 2586 τῷ
3738 2514 3820 2568 τεῖ-

2173 2653 2178 2656 ,
2213 2617 2302 2674 χει
2335 2601 2734 2674 προσήγγισαν,
2791 2599 2918 2662 τοὺς
2973 2602 3226 2676 πρώτους
3259 2603 3288 2656 ὁ
3319 2599 3656 2678 πρεσϐευτὴς
3681 2623 3822 2676 παραυ

2210 2689 2456 2764 γενέσθαι
2509 2692 2608 2753 τῆς
2668 2688 2886 2752 πόλεως
2944 2688 3260 2764 ἐξῃτήσατο.
3332 2693 3418 2764 [Ρ.
3465 2694 3587 2766 580]
3644 2692 3729 2746 Καὶ
3773 2687 3822 2758 δή

2208 2774 2687 2852 παραγενομένων,
2718 2777 2983 2832 τοιούτων
3023 2777 3156 2852 πρὸς
3199 2777 3396 2843 αὐτοὺς
3426 2780 3626 2854 ἤρξατο
3655 2779 3820 2850 λόγων·

2210 2887 2238 2915 ‹‹
2273 2863 2334 2920 Εἰ
2366 2865 2456 2918 καὶ
2511 2863 2796 2936 πρόδηλός
2853 2886 2949 2937 μοι
2997 2867 3256 2943 τυγχάνει
3288 2869 3315 2922 6
3347 2869 3598 2938 θάνατος,
3629 2867 3670 2922 ὦ
3697 2869 3823 2922 πατέ-

2209 2970 2316 3022 ρες,
2348 2953 2438 3006 καὶ
2470 2953 2532 3007 τὸ
2567 2951 2720 3026 ξίφος
2778 2953 2830 3008 έν
2887 2956 2957 3026 τῇ
3013 2958 3214 3031 σφαγῇ,
3255 2955 3382 3011 ἀλλ’
3412 2957 3569 3030 ὅμως
3597 2957 3690 3012 οὐκ
3715 2957 3822 3010 ἀπο-

441 3037 724 3114 κρύψομαι
751 3041 852 3110 τὴν
883 3038 1166 3110 ἀλήθειαν.
1203 3039 1352 3096 Αἷτῶ
1383 3037 1440 3094 δὲ
1490 3037 1790 3095 ἀποδοῦναί
1849 3061 1943 3114 μοι
1999 3041 2097 3108 τήν
2159 3039 2323 3115 χάριν
2383 3041 2458 3102 εἷς
2486 3041 2553 3096 τὰ
2609 3040 2716 3112 ἐμά
2771 3036 2964 3115 ἔκγονα
2992 3043 3083 3098 καὶ
3109 3045 3209 3113 τὴν
3239 3043 3518 3104 σύνευνον,
3554 3045 3688 3120 Ἐγὼ
3715 3044 3816 3120 γὲρ,

437 3127 484 3180 ὧ
512 3127 695 3203 κύριοί
727 3149 854 3201 μου,
885 3129 932 3183 εἰ
960 3128 1052 3183 καὶ
1078 3133 1199 3192 ταῖς
1226 3133 1334 3183 τῶν
1393 3127 1678 3202 πολεμίων
1739 3130 2051 3204 κατέχομαι
2113 3127 2325 3203 χερσὶν,
2382 3127 2530 3184 ἀλλὰ
2575 3149 2635 3204 γε
2679 3131 2778 3200 τὴν
2836 3125 3126 3204 πρεσϐείαν
3189 3154 3294 3205 μου
3356 3131 3724 3208 ἐξεπλήρωσα,
3751 3135 3821 3186 καὶ

440 3217 729 3290 συντόμως
759 3214 1126 3293 προσδὶχεσθε
1154 3219 1254 3286 τὴν
1314 3216 1374 3272 ἐκ
1427 3222 1525 3272 τοῦ
1588 3216 1860 3292 βασιλέως
1913 3222 2020 3272 τῶν
2081 3216 2373 3290 Ῥωμαίων
2439 3219 2718 3292 βοήθειαν,
2775 3219 2869 3273 Διὸ
2927 3227 3090 3288 στῆτε
3140 3221 3421 3297 γενναίως·
3453 3221 3664 3299 ἔρχεται
3691 3222 3820 3296 γάρὸ

443 3305 706 3382 ῥυόμενος
737 3305 899 3378 ὑμᾶς,
933 3305 978 3360 εἰ
1009 3310 1099 3360 καί
1130 3307 1205 3378 μή
1239 3304 1356 3378 ἐμέ.
1397 3331 1416 3355 ι
1479 3306 1650 3368 Οὗτος
1701 3307 1795 3380 μὲν
1848 3307 1940 3361 οὗν
1995 3307 2231 3360 τοσαῦτα
2279 3308 2368 3359 καὶ
2417 3310 2643 3361 τοιαῦτα
2699 3305 2865 3362 είπὼν
2917 3306 3114 3374 εὐθέως
3151 3309 3254 3364 ὑπὸ
3308 3315 3416 3366 τῶν
3455 3312 3721 3386 ὑπηρετῶν
3743 3313 3819 3364 τοῦ

449 3391 730 3449 Σολδάνου
754 3400 872 3457 τοῖς
895 3393 1094 3471 ξίφεσιν
1127 3393 1202 3454 είς
1236 3393 1404 3468 μικρά
1457 3393 1593 3468 μέρη
1628 3396 1718 3449 καὶ
1772 3395 1937 3468 μόρια
1964 3397 2303 3468 κατετμήθη·
2358 3394 2386 3448 6
2447 3393 2726 3457 Σολδάνος
2754 3391 2936 3466 δέτὴν
2970 3395 3028 3472 ἐκ
3051 3402 3152 3452 τοῦ
3187 3398 3460 3472 βασιλέως
3494 3399 3816 3472 ἐλευσομένην

449 3483 710 3556 βοήθειαν
741 3477 1061 3556 όῤῥωδήσας
1088 3475 1248 3534 ἔλυσε
1276 3483 1376 3550 τήν
1401 3479 1723 3556 πολιορκίαν
1756 3483 1846 3537 καὶ
1880 3481 2062 3537 οἶκαδε
2095 3483 2470 3557 ὑπεχώρησεν.
2504 3482 2576 3540 Ai’
2622 3481 2679 3538 δὲ
2725 3483 3006 3561 εἰρημέναι
3035 3485 3230 3550 πόλεις
3261 3488 3322 3542 τὸ
3355 3489 3466 3544 ἀπὸ
3493 3487 3648 3544 τοῦδε
3678 3485 3817 3542 διετέ-

445 3566 603 3623 λεσαν
634 3565 788 3646 φίλαι
820 3567 910 3622 καὶ
943 3565 1232 3643 σύμμαχοι
1262 3571 1596 3624 καθεστῶσαι
1629 3571 1952 3644 Ῥωμαίοις.

515 3659 682 3714 Circa
701 3659 812 3714 hoc
836 3662 1070 3730 tempus
1085 3660 1303 3715 Esman
1325 3660 1487 3715 Tarsi
1501 3675 1756 3726 ameras,
1789 3661 2094 3733 superiore

2281 3659 2426 3715 Κατᾶ
2452 3662 2644 3714 τοῦτον
2677 3659 2771 3715 τὸν
2821 3661 3021 3734 χρόνον
3076 3662 3166 3717 καὶ
3219 3663 3424 3735 Ἐσμὰν
3461 3665 3490 3720 ὁ
3521 3671 3616 3733 τῆς
3641 3664 3817 3738 Ταρσοῦ

438 3747 682 3804 inﬂatus
713 3747 978 3816 victoria,
1042 3747 1334 3804 maximas
1385 3765 1562 3806 naves
1594 3751 1857 3822 triginta,
1891 3750 2098 3822 quales

2212 3743 2448 3821 ἇμηρᾶς,
2503 3745 2600 3821 τῇ
2630 3747 3062 3824 προηγησαμένῃ
3121 3748 3486 3826 ἐπαιρόμενος
3533 3755 3666 3826 νίκῃ,
3698 3749 3817 3825 τριά-

436 3838 716 3894 Saraceni
773 3837 1082 3908 cumparia
1131 3843 1363 3907 vocant,
1425 3839 1752 3907 adornavit,
1781 3841 1971 3911 iisque
2005 3857 2099 3894 ur-

434 3927 572 3982 bem
603 3926 889 3997 Euripum
921 3926 1114 3996 petiit.
1147 3927 1256 3981 Sed
1290 3929 1432 3998 quia
1461 3928 1570 3982 hoc
1599 3928 1962 3999 praaviderat
1982 3928 2094 3982 im-

432 4021 696 4088 perator,
727 4016 965 4072 Graaciae
998 4015 1316 4087 praefectus
1346 4017 1640 4073 Eneiates
1694 4017 1876 4090 hujus
1898 4017 2094 4089 jussu,

435 4110 724 4178 quantum
779 4104 944 4160 urbis
984 4105 1269 4178 praesidio
1328 4106 1634 4161 sufﬁceret
1681 4106 1968 4178 populum
2027 4123 2096 4161 ex

438 4195 717 4250 universa
739 4195 964 4250 Graacia
976 4194 1662 4266 introduxit,murosque
1676 4195 2098 4250 convenienter

435 4283 709 4351 munivit,
753 4282 986 4339 balistis
1045 4289 1102 4338 et
1159 4299 1300 4339 saxa
1357 4283 1772 4355 torquentibus
1803 4283 2096 4339 machinis

437 4371 1138 4444 adornatis,omninoque
1179 4372 1334 4428 nihil
1366 4389 1572 4428 eorum
1594 4389 1726 4442 qua;
1753 4372 1829 4427 ad
1873 4388 2094 4444 oppug-

435 4461 741 4516 nationem
756 4459 1192 4533 proﬂigandam
1217 4461 1448 4516 faciunt
1469 4460 1744 4532 neglexit.
1760 4459 1834 4515 Ut
1852 4461 2098 4516 Tarsen-

432 4550 588 4605 sium
625 4550 832 4606 classis
860 4549 1126 4620 appulit,
1152 4555 1210 4604 et
1239 4550 1428 4605 muris
1459 4550 1944 4621 appropinquans
1975 4567 2096 4604 cre-

433 4637 558 4692 bris
582 4637 837 4692 telorum
863 4637 1068 4694 1026
1101 4637 1474 4709 conjectibus
1515 4637 1844 4709 reppellere
1873 4655 1974 4694 eos
1992 4639 2093 4710 qui

437 4741 642 4780 muros
669 4725 992 4780 tuebantur
1021 4725 1300 4794 intendit,
1319 4726 1423 4792 ibi,
1457 4727 1556 4797 qui
1587 4727 1788 4798 Euripi
1847 4727 1910 4782 in
1943 4745 2092 4798 prse-

435 4813 588 4868 sidio
607 4816 798 4882 erant,
829 4813 1013 4867 animi
1043 4811 1256 4868 robore
1305 4813 1564 4884 impleti,
1613 4815 1907 4870 machinis
1952 4831 2093 4871 saxa

426 4901 835 4977 jaculantibus
866 4906 926 4956 et
953 4901 1186 4956 balistis
1205 4907 1383 4972 atque
1399 4901 1653 4957 arcubus
1674 4901 2090 4974 lapidibusque

432 5008 620 5048 manu
651 4989 940 5046 mittentis
999 4989 1082 5045 ita
1109 5006 1216 5062 pro
1247 4989 1392 5046 urbe
1452 4997 1992 5063 propugnaverunt,
2024 4997 2092 5048 ut

432 5079 760 5138 identidem
776 5079 996 5134 multos
1012 5079 1406 5135 Barbarorum
1421 5079 1513 5152 dej
1524 5081 1750 5136 ecerint
1773 5098 1786 5148 ;
1802 5087 2094 5152 ventoque

433 5169 694 5227 secundo
726 5170 902 5224 obser
918 5174 1214 5236 vato,suas
1243 5169 1516 5226 triremes
1539 5169 1602 5224 in
1630 5169 1861 5226 hostem
1884 5171 2082 5226 immi-

432 5259 1012 5331 serunt,multasque
1060 5257 1323 5314 hostium
1353 5260 1741 5316 navesGraaco
1791 5259 1910 5332 igni
1939 5276 2094 5315 com-

439 5347 780 5403 busserunt.
807 5347 892 5403 Ob
925 5363 1056 5418 quas
1087 5347 1286 5402 animo
1317 5353 1579 5404 aestuans
1610 5351 1850 5412 Esman,
1873 5365 2092 5422 gnarus

442 5433 683 5489 interim
713 5433 936 5490 multos
965 5435 1234 5506 pecuniaa
1279 5437 1602 5508 cupiditate
1654 5443 1907 5493 mortem
1947 5454 2094 5493 con-

2205 3857 2371 3890 κοντα
2408 3839 2578 3891 πλοῖα
2633 3840 2742 3909 (93)
2798 3836 3022 3912 μέγιστα
3073 3837 3818 3914 ἐξαρτυσάμενος(κουμπάρια

2204 3928 2374 3979 ταῦτα
2422 3922 2609 3979 καλεῖν
2651 3923 2902 3982 εἰώθασιν
2949 3927 3000 3981 οἱ
3043 3929 3374 4003 Σαρακηνοὶ)
3401 3934 3476 4003 τῇ
3509 3929 3660 3986 πόλει
3688 3924 3819 3983 ἐπιτί-

2207 4014 2358 4067 θεται
2385 4017 2482 4068 τοῦ
2548 4012 2814 4088 Εὐρίπου.
2876 4017 3212 4090 Ηρογνόντος
3271 4015 3327 4072 δὲ
3381 4024 3548 4074 τοῦτο
3593 4023 3680 4074 τοῦ
3705 4018 3819 4094 βασι-

2212 4100 2374 4172 λέως,
2406 4102 2434 4157 6
2465 4105 2769 4178 στρατηγὸς
2825 4111 2926 4173 τῆς
2977 4103 3251 4168 Ἐλλάδος
3299 4105 3349 4180 (ό
3381 4109 3664 4178 Οἱνειάτης
3693 4105 3816 4164 οὗτος

2205 4193 2295 4266 ἦν)
2338 4192 2583 4249 κελεύσει
2639 4192 2904 4270 βασιλικῇ
2954 4197 3044 4251 τὸν
3097 4199 3282 4252 ἱκανὸν
3329 4198 3406 4261 εἷς
3464 4201 3700 4278 φυλακήν
3742 4203 3816 4264 τῆς

2205 4279 2423 4346 πόλεως
2471 4280 2600 4338 λαὸν
2648 4280 2754 4338 ἀπὸ
2803 4287 2981 4354 πάσης
3025 4282 3298 4350 Ἐλλάόος
3326 4286 3588 4364 εἶσήγαγε
3621 4288 3818 4344 καὶτοῖς

2204 4369 2412 4444 τείχεσι
2463 4371 2562 4437 τὴν
2614 4373 3001 4446 προσήκουσαν
3057 4377 3401 4450 παρασκευὴν
3435 4376 3816 4452 προσηνέγκατο,

2205 4454 2518 4532 πετροϐόλοι
2539 4479 2598 4514 τε
2624 4458 2826 4536 ὄργανα
2881 4462 2971 4516 καὶ
3025 4457 3298 4532 τοξοόόλα
3320 4469 3724 4539 τεκτηνάμενος,
3748 4461 3816 4516 καὶ

2206 4545 2366 4619 ἁπλῷ
2399 4545 2550 4621 λόγῳ
2594 4545 2761 4620 μηδὲν
2806 4553 2916 4604 τῶν
2965 4546 3270 4623 δυναμένων
3303 4550 3598 4610 ἀποσοϐεῖν
3625 4551 3814 4622 πολιορ-

2201 4634 2320 4689 κίαν
2350 4635 2702 4712 ἀμυντηρίων
2737 4637 3048 4696 ἀπολιπών.
3103 4641 3252 4696 Ἐπεὶ
3311 4639 3368 4696 δὲ
3414 4638 3671 4698 κατέλαϐε
3695 4639 3764 4694 καὶ
3792 4638 3812 4690 ὁ

2201 4729 2308 4778 τῶν
2337 4724 2586 4799 Ταρσέων
2621 4725 2840 4795 στόλος,
2897 4727 2986 4782 καὶ
3044 4733 3160 4790 τοῖς
3192 4729 3428 4808 τείχεσιν
3471 4729 3578 4804 ἤδη
3609 4731 3814 4806 προσήγ-

2201 4819 2338 4888 γιζε,
2381 4815 2470 4868 καὶ
2524 4815 2696 4890 βιλῶν
2757 4815 2938 4893 ἀφέσει
2996 4821 3209 4895 συχνῶν
3265 4819 3615 4876 ἀναστέλλειν
3646 4815 3812 4894 ἡγωνξ.

2205 4906 2324 4970 ζετο
2353 4899 2484 4964 τοὺς
2541 4903 2646 4957 ἀπὸ
2701 4907 2810 4956 τῶν
2866 4909 3068 4978 τειχῶν
3126 4905 3528 4978 ἀμυνομένους,
3561 4910 3720 4980 θυμοῦ
3743 4902 3812 4957 καὶ

2206 4991 2516 5064 προθυμίας
2573 4990 2808 5066 πλήρεις
2866 4993 2918 5047 οἱ
2969 4996 3068 5047 τοῦ
3127 4993 3368 5069 Εὐρίπου
3425 4996 3696 5073 γενόμενοι
3721 4996 3813 5051 τοῖς

2203 5074 2568 5154 πετροϐόλοις
2597 5085 2706 5136 τῶν
2739 5081 2981 5156 ὀργάνων
3015 5083 3104 5136 καὶ
3151 5089 3267 5146 τοῖς
3311 5086 3714 5145 καταπελτικοῖς

2207 5167 2326 5225 λεσι
2357 5169 2448 5225 καὶ
2477 5175 2596 5233 τοῖς
2626 5170 2806 5242 τόξοις
2859 5171 2950 5227 καὶ
3005 5178 3122 5236 τοῖς
3183 5173 3242 5228 ἐκ
3293 5179 3398 5230 τῶν
3440 5181 3637 5255 χειρῶν
3667 5171 3812 5236 λίθόις

2203 5259 2312 5316 ἀπὸ
2340 5265 2448 5316 τῶν
2480 5265 2682 5336 τειχῶν
2723 5261 2982 5338 γενναίως
3032 5261 3332 5335 ἠμύνοντο,
3363 5267 3452 5321 καὶ
3483 5265 3702 5342 συχνοὺς
3724 5267 3808 5316 τῶν

2205 5344 2502 5426 Βαρϐάρων
2561 5351 2681 5414 καθ’
2739 5349 2986 5426 ἑκάστην.
3028 5351 3343 5422 ἀνήλισκον.
3387 5355 3810 5429 Ἐπιτηρήσαντες

2203 5434 2262 5492 δὲ
2289 5438 2378 5492 καὶ
2427 5443 2638 5512 πνεῦμα
2689 5437 2950 5516 ἐπίφορον
3007 5437 3324 5509 έπαφείκασι
3367 5443 3461 5504 τὰς
3502 5444 3690 5498 ἑαυτῶν
3713 5459 3795 5512 τρι-

1673 5531 2046 5590 XYLANDRI
2081 5533 2170 5594 ET
2207 5535 2422 5592 GOARI
2462 5534 2684 5592 ΝΟΤΑΞ.

509 5624 621 5697 (93)
647 5625 692 5678 A
722 5624 1028 5678 Saracenis
1050 5633 1258 5682 vocata
1283 5628 1622 5704 κουμπάρια,
1653 5631 1870 5700 inquit,
1902 5647 1972 5688 ac
2001 5632 2103 5688 infe

2212 5651 2252 5688 lS
2285 5627 2318 5686 ἀ
2349 5629 2414 5702 δὴ
2445 5631 2644 5708 γαλὲας
2672 5632 3063 5708 κατονομάζειν
3096 5635 3336 5694 εἰώθασι.
3369 5641 3540 5695 GOAB.
