4056 6276
316 357 472 416 1113

1452 352 1998 416 HISTORIARUM
2041 354 2563 419 COMPENDIUM
2575 403 2591 417 .

3568 355 3724 415 1114

312 490 462 562 ἠρεις
492 493 613 551 ταῖς
642 488 936 557 ἐναντίαις,
995 486 1084 542 καὶ
1138 485 1355 548 παλλᾶς
1385 490 1465 558 τῷ
1497 486 1645 561 ὑγρῷ
1672 483 1800 561 πυρί
1831 506 1938 539 κατ

2076 492 2365 555 temnere,
2395 495 2532 545 ante
2559 490 2778 546 vallum
2810 490 3076 563 aspidem
3110 505 3387 564 magnam
3417 506 3561 546 auro
3588 489 3719 561 plev

312 577 630 650 ενέπρησαν.
695 578 838 651 Πρὸς
897 579 1030 652 ἅπερ
1089 578 1393 655 ἀμηχανῶν
1456 577 1483 630 6
1543 569 1842 650 βάρϐαρος,
1871 575 1963 629 καὶ

311 665 472 728 εἰδὼς
505 668 576 729 ὡς
610 664 788 744 ἔφεσις
828 666 918 721 καὶ
968 660 1106 740 ἔρως
1159 665 1463 741 χρημάτων
1509 663 1758 725 πολλοὺς
1789 683 1964 735 παρα-

317 756 563 825 σκευάζει
592 762 946 835 καταφρονεῖν
1008 760 1108 809 τοῦ
1158 755 1407 822 θανάτου,
1466 750 1666 808 ἀσπίδα
1709 749 1959 828 μεγάλην

309 845 418 917 πρὸ
450 849 546 900 τοῦ
577 845 819 920 χάρακος
853 846 963 907 θεὶς
992 844 1083 899 καὶ
1142 844 1374 919 χρυσίου
1426 842 1627 913 ταύτην
1656 840 1958 914 πεπληρω-

305 932 418 994 κὼς
448 937 610 987 τοῦτο
640 933 796 1008 γέρας
830 928 932 1009 ἔφη
963 930 1171 1003 δώσειν1
1211 933 1344 1007 μετὰ
1382 931 1472 987 καὶ
1527 929 1799 1006 παρθένων
1828 929 1956 984 έπι-

307 1019 517 1076 λέκτων
558 1020 991 1097 αἰχμάλωτίδων
1045 1023 1261 1089 ἑκατὸν,
1314 1025 1393 1093 τῷ
1440 1021 1674 1095 πρώτως
1705 1013 1953 1074 ἐπιϐάντι

300 1113 399 1164 τοῦ
432 1109 651 1189 τείχους
697 1111 787 1165 καὶ
825 1116 949 1175 τοῖς
993 1109 1304 1184 ὁμοφύλοις
1356 1111 1457 1177 τήν
1508 1109 1659 1180 νίκην
1712 1102 1954 1183 βραϐεύ-

303 1219 475 1253 σαντι.
510 1202 684 1274 ’Όπερ
715 1201 772 1253 οἱ
797 1199 857 1254 ἐκ
902 1206 1004 1269 τῆς
1058 1199 1276 1262 πόλεως
1311 1200 1656 1272 θεασάμενοι,
1703 1196 1858 1260 εὐθὺς
1894 1216 1953 1251 τε

298 1288 393 1340 τὸν
419 1291 542 1342 νοῦν
574 1293 680 1343 τῶν
725 1287 1112 1363 πραττομένων
1151 1288 1629 1357 κατανοιήσαντες,
1659 1283 1952 1360 παρακλη-

297 1381 476 1438 τικοῖς
506 1397 564 1431 τε
595 1372 782 1452 λόγοις
830 1378 919 1432 καὶ
963 1375 1319 1453 διεγερτικοῖς
1347 1376 1487 1450 πρὸς
1521 1375 1695 1443 ἀλκήν
1728 1372 1953 1435 ἑαυτοὺς

300 1465 822 1542 παραθαρρύνοντες,
857 1468 948 1521 καὶ
990 1466 1077 1522 ὑπ’
1103 1463 1155 1521 ἔν
1202 1466 1451 1538 σύνθημα
1500 1465 1598 1529 τὰς
1643 1464 1821 1526 πύλας
1851 1470 1951 1533 τῆς

300 1554 519 1617 πόλεως
578 1556 881 1629 ἀνοίξαντες
919 1599 933 1625 ,
991 1552 1251 1630 ἀνδρείως
1301 1553 1440 1609 κατὰ
1490 1559 1598 1609 τῶν
1657 1548 1952 1628 Βαρϐάρων

301 1642 647 1717 ἐξώρμησαν.
682 1648 767 1718 [Ρ.
804 1646 930 1717 ὕ81]
956 1644 1060 1701 Καὶ
1117 1642 1252 1699 κατὰ
1304 1645 1403 1713 τήν
1459 1644 1685 1717 πρώτην
1742 1637 1949 1715 συμϐου

298 1731 403 1800 λήν
448 1732 663 1807 καιρίαν
712 1731 1004 1808 δεξαμένου
1052 1736 1148 1787 τοῦ
1193 1733 1382 1808 ἀμηρᾶ
1430 1731 1651 1807 πληγὴν
1704 1731 1792 1785 καὶ
1851 1751 1949 1784 πε-

2073 594 2210 633 nam
2239 581 2424 649 ponit,
2457 587 2633 651 atque
2664 581 2817 636 hanc
2843 588 2901 635 et
2930 586 3170 636 centum
3211 582 3574 653 captivarum
3608 579 3721 633 vir-

2072 668 2274 738 ginum
2305 669 2659 726 lectissimas
2690 672 2921 743 praemii
2945 672 3073 727 loco
3096 689 3156 726 se
3192 672 3245 727 ei
3277 672 3553 727 daturum
3586 688 3723 742 pro-

2071 756 2274 825 mittit,
2308 758 2407 828 qui
2439 758 2499 813 in
2531 775 2767 814 murum
2792 760 3019 831 primus
3041 760 3323 815 evasisset
3345 760 3586 830 suisque
3603 759 3723 814 vic-

2069 846 2234 900 toria:
2265 852 2473 901 auctor
2499 847 2728 903 fuisset.
2761 848 2824 902 Id
2856 864 2992 904 eum
3023 848 3290 903 viderent
3318 846 3622 919 Oppidani,
3654 863 3720 902 ac

2067 934 2267 989 statim
2291 935 2423 1005 quis
2444 951 2658 1006 scopus
2680 936 2857 1008 hujus
2880 937 2966 991 rei
2992 942 3147 992 esset
3175 938 3485 1001 sentirent,
3505 936 3580 990 ad
3607 935 3724 990 for-

2063 1021 2381 1078 titudinem
2403 1039 2531 1079 sese
2552 1028 2760 1079 mutuo
2783 1025 3073 1080 cohortati
3097 1030 3321 1079 tessera
3351 1024 3487 1079 data
3513 1040 3720 1079 omnes

2066 1117 2267 1182 portas
2296 1118 2662 1183 aperuerunt
2692 1118 2750 1167 et
2786 1113 2847 1167 in
2879 1112 3165 1168 Barbaros
3196 1129 3394 1167 aerem
3426 1114 3716 1185 impetum

2065 1198 2379 1257 dederunt.
2424 1202 2621 1256 Primo
2653 1218 2942 1257 concursu
2976 1217 3208 1257 ameras
3239 1202 3444 1257 lelhali
3476 1208 3718 1273 accepto

2063 1287 2307 1342 vulnere
2335 1289 2567 1357 cecidit,
2600 1290 2892 1361 multique
2924 1306 3059 1345 cum
3100 1306 3168 1345 eo
3203 1291 3382 1346 occisi
3415 1296 3589 1346 sunt:
3622 1307 3719 1345 re-

2064 1375 2211 1446 liqui
2242 1376 2304 1430 in
2326 1376 2523 1449 fugam
2545 1378 2811 1433 conversi
2836 1377 3198 1434 instantibus
3228 1378 3508 1434 Romanis
3528 1394 3718 1449 usque

2062 1464 2137 1520 ad
2166 1464 2428 1535 reliquas
2459 1482 2637 1521 naves
2668 1466 2895 1537 ingenti
2924 1482 3058 1521 cum
3091 1466 3254 1521 clade
3296 1482 3539 1521 suorum
3572 1482 3717 1521 con—

2062 1551 2400 1608 tenderunt.
2430 1553 2785 1625 Superstites
2808 1553 3200 1610 Barbarorum
3228 1555 3433 1624 paucis
3469 1553 3716 1609 navibus

2061 1642 2324 1713 impletis
2354 1659 2488 1697 cum
2521 1643 2812 1699 dedecore
2835 1642 3079 1699 domum
3100 1660 3304 1699 versus
3334 1644 3712 1715 aufugerunt.

2063 1732 2181 1786 Hoc
2213 1730 2605 1787 infortunium
2636 1733 2939 1788 Tarsensis
2970 1733 3179 1787 habuit
3208 1732 3438 1788 classis.

302 1822 628 1895 σόντος,καὶ
659 1822 885 1878 πολλῶν
917 1821 1105 1878 ἄλλων
1134 1821 1227 1876 σὺν
1285 1822 1435 1892 αύτῷ
1475 1820 1878 1893 ἀναιρεθέντων,
1937 1820 1992 1873 οὶ
2048 1816 2238 1873 λοιποὶ
2295 1817 2600 1893 ἐτράπησαν
2656 1821 2792 1895 πρὸς
2839 1821 3034 1898 φυγήν.
3095 1820 3482 1892 Ἐπικειμένων
3513 1817 3570 1873 δὲ
3596 1822 3705 1873 τῶν

299 1910 614 1967 διωκόντων
651 1913 817 1986 μέχρι
840 1916 949 1966 τῶν
1000 1910 1318 1966 ὒπολοίπων
1351 1914 1482 1964 νεῶν
1513 1929 1965 1986 κατεσφαττοντο,
1994 1908 2085 1962 καὶ
2118 1907 2281 1984 φόνος
2311 1905 2514 1983 ἐγένετο
2571 1912 2679 1963 τῶν
2741 1903 3036 1983 Βαρϐάρων
3096 1907 3296 1977 πολὺς,
3356 1909 3408 1963 οἱ
3467 1905 3523 1963 δὲ
3551 1928 3712 1983 περι-

294 2000 604 2080 λειφθέντες
637 1999 829 2076 ὀλίγας
858 1999 1249 2073 πληρώσαντες
1279 2003 1387 2054 τῶν
1418 2003 1551 2053 νεῶν
1584 1999 1697 2071 μετ’
1758 1996 2021 2073 αἰσχύνης
2090 1995 2358 2074 ἀπέφυγον
2417 1997 2554 2073 πρὸς
2583 1997 2651 2053 τὰ
2700 1994 2829 2053 ἴδια.
2895 1998 2997 2054 Καὶ
3029 1998 3056 2052 6
3091 1997 3185 2070 μὲν
3246 1996 3306 2053 ἐκ
3359 2003 3461 2067 τῆς
3490 1992 3700 2071 Ταρσοῦ

299 2088 497 2152 στόλος
527 2094 775 2145 τοιοῦτον
807 2085 939 2168 ἔσχε
965 2090 1027 2144 τὸ
1056 2089 1243 2165 πέρας.

367 2181 591 2255 ’Έτερος
643 2177 702 2234 δὲ
761 2177 928 2234 πάλιν
994 2178 1101 2234 ἀπὸ
1149 2184 1250 2247 τῆς
1310 2178 1536 2252 Κρήτης
1594 2174 1938 2249 ἀντηγείρετο

2054 2175 2257 2233 1027
2337 2175 2471 2231 Alia
2499 2192 2674 2248 porro
2705 2193 2741 2232 a
2769 2178 2939 2233 Creta
2987 2178 3182 2249 erupit
3210 2177 3432 2240 classis,
3469 2176 3703 2231 Etenim

295 2268 516 2331 στόλος.
551 2268 706 2338 Σαὴλ
752 2270 856 2343 γὰρ
884 2272 981 2323 τοῦ
1013 2267 1274 2342 Ἀπόχαψ
1304 2267 1554 2342 ἀρχηγοῦ
1585 2271 1684 2334 τῆς
1719 2265 1941 2337 Κρήτης

297 2358 662 2433 ὑπάρχοντος,
696 2356 911 2419 Φώτιός
942 2377 1027 2418 τις
1057 2357 1194 2430 ἀνὴρ
1224 2354 1566 2426 πολεμιστὴς
1597 2352 1684 2408 καὶ
1708 2349 1943 2428 δραστή-

298 2466 415 2520 ριος
443 2452 569 2520 παρ’
593 2445 757 2500 αὐτοῦ
805 2445 942 2500 κατὰ
970 2443 1259 2517 Ῥωμαίων
1308 2440 1594 2498 ἐστέλλετο
1645 2440 1779 2513 μετὰ
1809 2438 1943 2494 έπτὰ

299 2537 392 2589 καὶ
424 2533 595 2590 εἴκοσι
637 2535 1023 2609 κουμπαρίων,
1074 2534 1136 2595 ’ὰς
1196 2531 1262 2602 δὴ
1307 2530 1505 2607 γαλέας
1549 2530 1943 2604 κατονομάζειν

294 2624 568 2693 εἰώθασιν,
601 2626 658 2686 ’ὀς
688 2623 995 2699 ἐξορμήσας
1027 2621 1088 2678 ἐκ
1136 2624 1360 2696 Κρήτης
1390 2621 1485 2682 τὰς
1517 2619 1569 2675 ἐν
1605 2624 1686 2691 τῷ
1726 2617 1942 2692 Αἱγαίῳ

292 2716 495 2783 νήσους
543 2714 632 2769 καὶ
692 2714 787 2775 τὰς
848 2711 1152 2788 παραλίους
1208 2708 1590 2781 κατεληῒζετο,
1642 2707 1734 2763 καὶ
1776 2708 1943 2782 μέχρι

290 2808 395 2871 τῆς
448 2801 502 2857 ἐν
548 2798 944 2874 Ἑλλησπόντῳ
1027 2802 1432 2876 Προικοννήσου
1505 2791 1815 2867 κατέλαϐε,
1876 2795 1943 2850 τὰ

290 2890 683 2965 παρατυχόντα
739 2888 1270 2965 ἆνδραποδιζόμενός
1316 2908 1375 2943 τε
1429 2885 1520 2941 καὶ
1592 2883 1939 2964 διαφθείρων.

295 2980 488 3052 Τούτῳ
547 2981 882 3049 συναντήσας
944 2979 1080 3051 μετά
1132 2981 1231 3033 τοῦ
1288 2977 1602 3048 Ῥωμαϊκοῦ
1661 2971 1862 3029 στόλου
1910 2974 1939 3027 6

295 3069 605 3142 πατρίκιοις
637 3070 879 3137 Νικήτας
909 3067 1000 3121 καὶ
1033 3064 1395 3142 δρουγγάριος
1445 3061 1719 3136 πλωΐμων
1754 3064 1782 3117 6
1810 3063 1940 3117 Ὠο-

291 3159 481 3235 ρύφας,
513 3158 603 3213 καὶ
631 3162 729 3213 τοῦ
774 3159 1087 3230 Ῥωμαῖκοῦ
1137 3156 1337 3213 στόλου
1374 3153 1677 3230 κατάρχειν
1723 3153 1938 3228 λαχὼν,

291 3249 415 3323 περὶ
445 3249 507 3303 τὸ
557 3247 783 3321 στόμιον
810 3251 907 3302 τοῦ
939 3245 1169 3320 Αἱγαίου
1198 3247 1347 3320 παρὰ
1400 3247 1501 3315 τήν
1560 3239 1822 3317 Καρδίαν,
1847 3241 1939 3297 καὶ

293 3336 479 3411 μάχην
533 3336 795 3408 καρτερὰν
851 3335 1281 3408 συστησάμενος,
1341 3331 1496 3395 εὐθὺς
1525 3333 1593 3389 τὰ
1627 3333 1720 3406 μὲν
1764 3331 1938 3386 εἲκοσι

287 3430 397 3479 τῶν
434 3430 715 3500 Κρητικῶν
760 3429 974 3504 σκαφῶν
1006 3428 1085 3495 τῷ
1119 3424 1267 3498 ὑγρῷ
1331 3422 1462 3497 πυρὶ
1523 3420 1936 3500 συγκατέφλεξε,

289 3514 379 3568 καὶ
418 3514 546 3577 τοὺς
575 3512 629 3568 ἐν
681 3513 867 3577 αὐτοῖς
915 3508 1233 3588 Βαρϐάρους
1292 3513 1540 3586 μάχαιρα
1583 3510 1673 3565 καὶ
1702 3514 1809 3585 πῦρ
1840 3510 1930 3563 καὶ
1965 3547 2009 3613 C

285 3600 433 3677 ὕδωρ
465 3601 861 3676 διεμερίσαντο’
902 3600 1000 3656 ὅσα
1031 3598 1088 3655 δὲ
1117 3602 1209 3656 τὸν
1238 3600 1297 3655 ἐκ
1352 3606 1453 3668 τῆς
1503 3599 1814 3674 ναυμαχίας
1843 3599 1935 3653 καὶ

282 3692 373 3746 τὸν
406 3691 468 3745 ἐκ
516 3698 617 3761 τῆς
678 3689 959 3758 θαλάσσης
1011 3686 1268 3765 διέφυγον
1323 3685 1591 3755 κίνδυνον,
1656 3691 1804 3766 φυγῇ
1835 3689 1939 3755 τὴν

284 3781 556 3856 σωτηρίαν
600 3780 1134 3856 ἐπραγματεύσαντο.
1168 3778 1345 3836 Ἀλλᾶ
1368 3779 1563 3852 καίπερ
1620 3778 1765 3832 οὕτω
1820 3774 1936 3831 δει-

282 3873 390 3932 νῶς
436 3872 780 3943 θραυσθέντες
813 3870 865 3923 οἱ
897 3871 1108 3943 Κρῆτες
1169 3867 1267 3922 οὐκ
1330 3868 1623 3943 ἠγάπησαν
1683 3868 1933 3941 ἠρεμεῖν,

285 3957 428 4013 ἀλκὰ
459 3958 624 4013 πάλιν
651 3963 760 4013 τῶν
809 3958 945 4012 κατὰ
993 3956 1263 4021 θάλασσαν
1322 3956 1639 4030 ἀντείχοντο
1681 3954 1931 4028 πραγμά-

286 4069 398 4103 των
455 4049 544 4103 καῖ
597 4045 892 4125 λῃστρίδας
961 4048 1377 4121 έξαρτυσάμενοι
1422 4050 1552 4106 ναῦς
1606 4045 1708 4113 τήν
1761 4042 1932 4098 Πελο-

284 4137 547 4205 πόννησον
604 4138 695 4192 καὶ
751 4139 847 4199 τὰς
904 4136 1147 4192 κάτωθεν
1203 4134 1369 4205 αὐτῆς
1425 4135 1623 4203 νήσους
1670 4132 1930 4200 ἐλύπουν,

282 4226 376 4280 τὸν
407 4224 611 4280 ἄνωθεν
641 4225 869 4303 ῥηθέντα
890 4226 1107 4279 Φώτιον
1130 4224 1403 4298 ναύαρχον
1431 4221 1669 4300 ἔχοντες.
1693 4221 1933 4295 Ἐξορμᾷ

280 4314 373 4368 καὶ
420 4316 557 4368 κατᾶ
608 4314 813 4368 τούτων
843 4316 871 4368 ὁ
901 4319 998 4369 τοῦ
1028 4314 1345 4384 Ῥωμαϊκοῦ
1402 4308 1601 4365 στόλου
1631 4308 1931 4383 ἐξηγούμε-

284 4422 376 4462 νος
410 4403 654 4471 Νικήτας
713 4402 996 4475 πατρίκιος
1048 4403 1076 4456 6
1127 4403 1419 4476 Ὠορύφας,
1476 4397 1723 4476 ἔπιφόρῳ
1754 4396 1811 4452 δὲ
1839 4397 1931 4452 καὶ

286 4489 449 4563 αἰσίῳ
481 4490 824 4564 χρησάμενος
880 4491 1149 4563 πνεύματι
1211 4488 1284 4544 δι’
1336 4487 1538 4564 ὀλίγων
1587 4490 1808 4561 ἡμερῶν
1832 4508 1931 4541 κα·-

284 4574 622 4650 ταλαμϐάνει
682 4580 782 4647 τήν
832 4578 1246 4649 Πελοπόννησον
1292 4578 1486 4648 καὶτῷ
1535 4574 1718 4649 λιμένι
1766 4595 1930 4649 προσ-

288 4667 425 4742 ίσχει
456 4673 564 4722 τῶν
599 4671 909 4743 Κεγχρεῶν.
967 4669 1169 4725 Μαθὼν
1203 4664 1259 4721 δὲ
1292 4667 1376 4720 ὅτι
1430 4668 1497 4719 τά
1552 4670 1659 4719 τῶν
1712 4663 1927 4738 ἐχθρῶν

282 4757 457 4832 σκάφη
483 4758 550 4811 τὰ
589 4756 920 4832 δυτικώτερα
989 4757 1125 4831 μέρη
1172 4755 1592 4823 Πελοποννήσου
1653 4751 1924 4823 ληΐζεται,

284 4844 557 4914 Μοθώνην
584 4848 671 4900 καὶ
709 4845 888 4901 Πύλον
919 4846 1008 4900 καὶ
1048 4845 1255 4917 Πάτρας
1300 4844 1390 4897 καὶ
1438 4843 1505 4897 τὰ
1533 4848 1781 4916 προσεχῆ
1822 4848 1923 4895 Ko-

281 4933 445 5008 ρίνθῳ
475 4934 674 5008 χωρία,
714 4935 919 5009 βουλὴν
966 4930 1286 5009 βουλεύεται
1319 4932 1541 4997 συνετὴν
1589 4931 1676 4984 καὶ
1730 4932 1923 5007 σοφήν.

281 5021 617 5099 Ἰλιγγιάσας
646 5025 749 5100 γὰρ
804 5020 1149 5095 περιοδεῦσαι
1204 5023 1301 5090 τὴν
1364 5018 1779 5090 Πελοπόννησον
1839 5016 1928 5074 διὰ

278 5132 339 5166 τε
369 5113 638 5187 Ταινάρου
678 5115 768 5169 καὶ
810 5112 1036 5170 Μαλέου
1093 5112 1183 5166 καὶ
1241 5109 1445 5189 χιλίων
1510 5110 1714 5182 μιλίων
1751 5115 1927 5182 μῆκος

278 5199 571 5271 τηνάλλως
616 5201 1085 5278 ἀναμετρήσασθαί
1121 5200 1211 5255 καί
1238 5205 1335 5255 τοῦ
1368 5200 1738 5274 προσήκοντος
1772 5198 1925 5252 ὑστε-

276 5295 439 5361 ρῆσαι
492 5294 711 5363 καιροῦ,
752 5292 828 5352 ὡς
860 5291 1033 5366 εἶχεν,
1075 5289 1231 5352 εὐθὺς
1277 5289 1330 5344 έν
1363 5288 1512 5343 νυκτὶ
1546 5284 1634 5341 δίὰ
1664 5291 1759 5341 τοῦ
1786 5287 1923 5341 κατὰ

274 5379 533 5452 Κόρινθον
583 5381 768 5453 ἰσμοῦ,
823 5380 1162 5457 πολυχειρίᾳ
1217 5380 1593 5454 χρησάμενος,
1654 5378 1789 5451 πρὸς
1818 5380 1917 5447 τήν

272 5466 474 5531 ἐκεῖθεν
506 5468 777 5532 θάλασσαν
808 5473 945 5525 κατὰ
999 5470 1062 5525 τὸ
1109 5469 1274 5543 ξηρὸν
1307 5462 1611 5537 διαϐιϐάζει
1643 5467 1739 5528 τὰς
1770 5470 1916 5530 ναῦς.

272 5552 610 5625 Ἐμϐιϐάσας
641 5557 699 5614 δὲ
726 5561 818 5615 τὸν
851 5559 984 5613 λαὸν
1028 5558 1080 5612 ἐν
1141 5557 1330 5619 αύταῖς
1373 5552 1536 5632 ἕργοτ
1574 5555 1779 5634 εἷ’χετο.
1815 5557 1917 5613 Καὶ

272 5644 417 5698 οὕτω
452 5645 621 5718 μηδὲν
674 5650 1037 5722 πεπυσμένοις
1090 5647 1211 5721 περὶ
1241 5645 1409 5701 αὐτοῦ
1466 5651 1584 5708 τοῖς
1615 5643 1913 5719 πολεμίοις

2051 2265 2255 2320 Saelus
2284 2265 2617 2337 Apochapsi
2649 2265 2828 2333 illius,
2860 2267 3045 2323 Cretas
3093 2267 3392 2336 dominus,
3425 2266 3699 2321 Photium

2050 2353 2400 2409 bellicosum
2429 2359 2607 2425 atque
2639 2360 2947 2411 strenuum
2996 2356 3300 2411 hominem
3330 2372 3466 2411 cum
3495 2355 3699 2426 viginti

2051 2448 2278 2513 septem
2309 2443 2651 2514 cumpariis,
2696 2460 2842 2514 quas
2893 2451 2949 2499 et
2996 2444 3190 2516 galeas
3220 2444 3552 2509 nominant,
3595 2443 3704 2498 ad-

2047 2548 2251 2587 versus
2280 2533 2574 2588 Romanos
2608 2533 2792 2588 misit.
2827 2534 2934 2598 Qui
2984 2533 3215 2589 insulas
3242 2533 3304 2587 in
3333 2534 3521 2604 1Eng
3550 2532 3701 2587 mari

2049 2622 2195 2676 situs
2214 2626 2272 2675 et
2291 2621 2588 2677 maritima
2603 2621 2952 2693 depraedans
2970 2638 3157 2693 usque
3173 2622 3248 2678 ad
3265 2625 3706 2677 Proconnesum

2048 2712 2111 2765 in
2142 2710 2588 2782 Hellespontum
2620 2713 2900 2782 perrexit,
2927 2712 3092 2767 obvia
3124 2728 3376 2782 quaeque
3408 2715 3699 2766 evastans.

2050 2801 2194 2855 Huic
2218 2817 2353 2856 cum
2377 2803 2642 2856 Romana
2667 2801 2857 2856 classe
2877 2802 3110 2856 Nicetas
3131 2801 3395 2872 Oryphas
3418 2801 3703 2872 patricius

2048 2896 2108 2944 et
2139 2889 2226 2944 rei
2254 2889 2476 2944 navalis
2507 2890 2862 2962 drungarius
2891 2907 2959 2945 ac
3009 2890 3215 2946 classis
3260 2890 3576 2961 praefectus
3606 2906 3706 2944 oc-

2047 2996 2295 3034 currens
2318 2981 2378 3034 in
2400 2980 2670 3035 faucibus
2697 2981 2877 3036 maris
2896 2981 3071 3052 Egmi
3094 2980 3251 3051 apud
3278 2980 3702 3047 Cardiam,acri

2045 3068 2250 3140 praelio
2283 3069 2624 3134 commisso,
2673 3069 2871 3124 statim
2922 3069 3125 3140 viginti
3178 3070 3491 3124 Cretenses
3522 3085 3701 3123 naves

2049 3159 2246 3213 Graeco
2278 3159 2398 3231 igni
2433 3157 2795 3225 combussit;
2830 3158 3168 3214 classiarios
3202 3159 3419 3230 partim
3475 3159 3700 3213 ferrum

2047 3248 2262 3318 partim
2288 3247 2441 3319 ignis
2473 3252 2575 3302 aut
2599 3264 2754 3318 aqua
2783 3247 3063 3315 abolevit,
3084 3248 3330 3318 reliquas
3360 3263 3538 3303 naves
3564 3247 3701 3320 fuga

2045 3336 2299 3391 salutem
2329 3336 2748 3406 quaesiverunt.
2784 3338 2901 3391 Hoc
2932 3342 3053 3392 tam
3102 3337 3261 3409 gravi
3294 3341 3536 3408 accepto
3569 3336 3694 3390 vul-

2045 3442 2208 3491 nere,
2240 3427 2554 3481 Cretenses
2603 3427 2910 3497 quiescere
2960 3433 3159 3482 tamen
3190 3427 3382 3482 adhuc
3412 3443 3531 3482 non
3565 3443 3700 3481 sus-

2046 3516 2379 3583 tinuerunt,
2403 3516 2508 3572 sed
2539 3533 2772 3572 rursum
2802 3517 3134 3573 maritimas
3160 3534 3255 3572 res
3286 3520 3611 3585 tentarunt,
3634 3532 3702 3572 ac

2047 3605 2256 3660 Photio
2284 3606 2492 3660 eodem
2522 3605 2672 3660 duce
2722 3606 3092 3674 praedatoriis
3124 3606 3373 3677 navigiis
3404 3605 3698 3675 Pelopon-

2045 3710 2258 3748 nesum
2290 3699 2348 3746 et
2377 3694 2687 3747 inferiores
2718 3709 2786 3747 ea
2817 3694 3044 3748 insulas
3074 3693 3447 3747 infestarunt.
3479 3693 3697 3747 Adver-

2047 3800 2177 3837 sum
2209 3783 2317 3837 bos
2347 3782 2612 3853 Orypbas
2660 3798 2795 3837 cum
2844 3782 3033 3838 classe
3083 3782 3401 3853 profectus,
3435 3782 3694 3837 secundo

2043 3876 2216 3925 vento
2267 3871 2646 3926 commodum
2698 3871 3087 3943 propellente,
3138 3871 3341 3943 paucis
3388 3870 3594 3926 diebus
3621 3872 3694 3927 ad

2044 3961 2518 4031 Peloponnesum
2552 3960 2781 4032 appulit
2812 3962 2872 4015 in
2906 3962 3378 4016 Cenchreensem
3433 3967 3693 4033 portum.

2042 4048 2287 4119 Cognito
2321 4055 2517 4104 autem
2553 4050 2750 4104 hostes
2775 4050 2898 4104 suis
2921 4050 3165 4105 navibus
3186 4068 3390 4106 versus
3421 4068 3697 4107 occasum

2045 4138 2187 4193 sitas
2210 4137 2603 4209 Peloponnesi
2625 4143 2823 4209 partes
2838 4141 2876 4193 1
2891 4139 3044 4195 028
3068 4140 3697 4211 populari,Methonam

2039 4226 2274 4298 Pylum,
2310 4228 2514 4282 Patras
2547 4231 2605 4281 et
2635 4227 2910 4298 contigua
2954 4227 3234 4282 Corintho
3278 4227 3426 4296 loca,
3460 4228 3697 4299 sapiens

2041 4315 2357 4371 consilium
2372 4315 2896 4387 cepit.Abhorrens
2915 4316 3072 4371 enim
3088 4333 3122 4372 a
3138 4316 3696 4389 circumnaviganda

2041 4420 2147 4474 per
2167 4405 2475 4459 Taenarum
2499 4410 2558 4459 et
2578 4403 2822 4459 Maleam
2846 4404 3277 4476 Peloponneso,
3302 4422 3368 4462 ac
3390 4406 3691 4461 incassum

2042 4492 2205 4547 mille
2228 4492 2518 4547 conficere
2543 4492 2842 4562 milliaria,
2869 4494 3066 4564 itaque
3086 4494 3461 4549 occasionem
3482 4495 3567 4549 rei
3593 4511 3691 4567 ge-

2038 4580 2239 4635 rendae
2260 4580 2506 4651 perdere
2526 4581 2836 4649 nolens,ea
2854 4582 2983 4653 ipsa
2998 4599 3115 4652 qua
3131 4582 3389 4653 primum
3408 4582 3696 4654 applicuit

2040 4674 2213 4724 nocte
2246 4686 2352 4740 per
2381 4670 2825 4725 Corinthiacum
2863 4670 3169 4739 Isthmum,
3205 4689 3519 4743 operarum
3552 4689 3696 4728 usus

2038 4757 2441 4825 multitudine,
2477 4775 2654 4814 naves
2679 4775 2787 4831 per
2819 4761 3227 4815 continentem
3256 4761 3317 4816 in
3348 4761 3591 4817 alterius
3619 4762 3695 4817 la-

2034 4847 2177 4901 teris
2209 4861 2371 4901 mare
2407 4848 2846 4918 transportavit,
2906 4849 3319 4921 impositisque
3371 4850 3693 4906 classiariis

1960 4918 2004 4982 Ῐ)
2037 4936 2235 4990 statim
2266 4936 2351 4991 rei
2383 4937 2656 5008 gerendae
2696 4918 3010 5006 incubuit;
3062 4918 3403 5009 hostesque,
3437 4939 3508 4992 ad
3540 4955 3690 5008 quos

2036 5024 2194 5080 fama
2219 5025 2405 5096 ipsius
2435 5026 2702 5080 nondum
2733 5032 3097 5097 pervenerat,
3124 5027 3316 5081 subito
3348 5027 3686 5094 adortus,eo

2036 5113 2162 5185 ipso
2197 5114 2267 5168 iis
2294 5113 2352 5167 in
2385 5120 2611 5169 metum
2634 5130 2701 5168 ac
2729 5115 3186 5185 trepidationem
3216 5114 3687 5184 conjectis,coire

2035 5217 2136 5257 eos
2161 5208 2218 5257 et
2248 5202 2318 5256 de
2349 5202 2399 5254 vi
2434 5202 2836 5273 propulsanda
2870 5203 3125 5275 cogitare
3174 5219 3294 5257 non
3335 5207 3426 5258 est
3454 5220 3685 5274 passus,

2031 5292 2134 5346 sed
2165 5292 2362 5347 effecit
2392 5296 2455 5345 ut
2485 5291 2782 5361 extemplo
2814 5292 2964 5363 fugae
3010 5308 3072 5346 se
3111 5289 3322 5346 darent
3374 5294 3522 5364 Ergo
3553 5293 3687 5349 aliis

2030 5379 2339 5435 hostilium
2366 5380 2602 5435 navium
2626 5380 2904 5443 incensis,
2923 5378 3051 5434 aliis
3064 5379 3371 5445 demersis,
3389 5381 3687 5437 Barbaris-

2027 5485 2142 5540 que
2172 5474 2274 5524 aut
2292 5469 2446 5524 ferro
2466 5467 2772 5523 trucidatis
2793 5475 2895 5523 aut
2916 5469 2975 5522 in
2998 5468 3358 5540 profundum
3381 5469 3680 5541 depressis

2025 5559 2221 5614 occiso
2245 5559 2423 5614 etiam
2454 5559 2690 5613 navium
2722 5557 2984 5623 ductore,
3019 5559 3210 5630 coegit
3247 5560 3508 5631 reliquos
3538 5560 3678 5620 hinc

2024 5647 2163 5703 inde
2193 5664 2299 5719 per
2327 5647 2554 5703 insulas
2585 5645 2890 5719 diﬂ‘ugere.
2922 5648 3078 5711 Quos
3097 5648 3233 5720 ipse
3263 5654 3469 5719 postea
3498 5665 3676 5720 opera
