4056 6276
501 352 660 416 1119

1867 351 2188 415 GEORGII
2228 350 2579 412 CEDRENI

3710 362 3819 422 1121

499 488 877 544 rescivissent
905 486 1123 543 Bardas
1144 492 1203 543 et
1233 487 1508 554 Davidus,
1532 487 1712 560 hujus
1743 487 1875 554 filii,
1898 485 2146 541 Bainum

2260 481 2475 543 τούτοις
2504 482 2597 538 τὸν
2634 481 2883 558 βασιλέα,
2906 483 3053 539 ἀλλὰ
3086 486 3270 558 μαθων
3296 486 3394 555 τὴν
3442 485 3606 542 αἰτίαν
3645 492 3727 558 τῆς
3758 498 3824 547 τοῦ

500 576 904 640 interﬁciunt;
937 581 1390 647 metuentesque
1419 576 1531 631 sibi
1562 577 1635 632 ab
1664 576 1814 630 irato
1845 574 2025 646 hujus
2058 573 2146 627 fa-

497 665 716 721 cinoris
747 680 926 720 causa
951 666 1643 738 imperatore,assumpto
1670 670 1837 737 patre
1857 664 2058 734 fugam
2084 663 2145 717 in

498 757 701 827 Syram
751 754 1098 810 moliuntur.
1161 757 1491 827 Imperator
1549 755 1620 809 de
1674 771 1736 810 re
1766 754 1877 809 hac
1930 752 2149 807 certior

497 844 686 900 factus
709 844 1051 916 praefectum
1084 845 1416 901 sodalitatis
1458 861 1591 901 cum
1636 843 1993 916 quibusdam
2032 842 2145 896 mi-

495 934 700 989 litibus
733 934 933 1000 mittit,
966 934 1243 989 celeriter
1270 935 1506 1005 insequi
1547 940 1605 988 et
1638 931 2144 1004 comprehendere

496 1038 598 1077 eos
631 1021 875 1094 jubens.
933 1023 999 1077 Hi
1055 1023 1208 1077 nihil
1250 1023 1462 1078 morali
1512 1023 1575 1076 in
1625 1020 2000 1093 Cappadocia
2042 1036 2143 1098 eos

496 1117 877 1183 assequntur,
911 1112 1112 1167 1088
1145 1112 1207 1167 in
1256 1112 1482 1182 Syriam
1511 1114 1920 1183 properantes.
1966 1110 2141 1165 Cum-

495 1216 610 1270 que
643 1216 744 1254 eos
774 1216 1090 1273 progressu
1122 1200 1508 1271 prohiberent
1536 1204 1713 1271 atque
1752 1199 1791 1252 ii
1823 1199 1874 1252 vi
1903 1198 2143 1253 resiste-

494 1295 649 1359 rent,
684 1290 758 1345 ad
792 1306 1003 1346 manus
1033 1296 1294 1358 ventum,
1329 1294 1388 1344 et
1420 1289 1576 1345 inter
1606 1287 2008 1344 dimicandum
2041 1287 2142 1343 ﬁlii

496 1380 708 1433 Leonis
740 1378 1101 1434 ceciderunt.
1149 1380 1260 1433 Leo
1292 1384 1500 1450 captus
1531 1382 1587 1432 et
1618 1377 1691 1432 ad
1722 1377 2143 1449 imperatorem

494 1467 815 1539 perductus
847 1473 953 1521 est.
989 1468 1068 1521 De
1110 1484 1177 1522 eo
1223 1467 1452 1540 legibus
1498 1472 1698 1522 actum
1745 1466 2144 1535 damnatoque

497 1557 646 1611 alter
665 1556 973 1611 oculorum
996 1557 1246 1611 eﬂ‘ossus
1269 1562 1327 1611 et
1356 1556 1543 1611 altera
1572 1570 1857 1611 manuum
1879 1560 2145 1627 amputa-

494 1650 591 1700 ta:
626 1645 688 1699 in
719 1645 1130 1700 Mesembriam
1160 1644 1457 1717 relegatus
1489 1644 1569 1699 ibi
1600 1644 1935 1700 consenuit.

2258 571 2572 645 Προκοπίου
2599 579 2811 650 σφαγῆς
2867 581 2969 642 τῆς
3027 594 3086 629 τι
3136 574 3318 650 ἀρχῆς
3380 579 3562 631 τοῦτον
3615 578 3825 653 παρέλυσε

2255 660 2344 714 καὶ
2405 656 2677 735 ἐξόριστον
2727 661 2802 723 εἰς
2852 662 2915 717 τὸ
2988 663 3304 731 Κοτυάειον,
3359 659 3476 719 ἔνθα
3527 666 3618 734 τήν
3664 666 3824 737 οἴκησιν

2257 749 2399 824 εἶχε,
2445 748 2792 824 παρέπεμψε.
2854 753 3087 808 Βαϊάνου
3121 748 3178 807 δὶ
3224 756 3322 808 τοῦ
3348 754 3560 828 πρώτου
3584 759 3681 809 τῶν
3705 757 3828 811 ἱππο-

2255 835 2443 908 κόμων
2475 837 2591 910 (96)
2656 835 2826 891 αὐτοῦ
2853 836 2943 891 καί
2976 860 3141 894 τινων
3183 836 3368 895 ἄλλων
3407 846 3514 896 τῶν
3563 839 3829 917 έξυπηρετηο

2257 925 2506 996 σαμένων
2560 926 2707 997 αὐτῷ
2758 928 2974 1003 γραφὴν
3054 929 3430 992 καθοσιώνεως
3492 928 3827 1004 ένστησιμένων

2253 1015 2372 1067 κατ’
2439 1013 2626 1082 αὐτοῦ,
2692 1015 2957 1086 μαθόντες
3013 1021 3182 1072 τοῦτο
3233 1016 3442 1093 Βαρδας
3494 1018 3579 1073 καὶ
3628 1015 3763 1075 Δαϐἶό
3794 1024 3829 1076 al

2254 1100 2443 1165 παῖδες
2502 1101 2668 1157 αὐτοῦ
2698 1103 2789 1158 τὸν
2824 1105 2921 1177 μὲν
2979 1105 3206 1161 Βαῖάνον
3275 1106 3569 1183 ἀναιροῦσι,
3622 1105 3830 1185 φοϐηθέν-

2255 1212 2343 1255 τες
2374 1190 2431 1247 δὶ
2460 1195 2557 1264 τήν
2591 1193 2651 1248 ἐκ
2684 1193 2957 1269 βασιλέως
2989 1193 3161 1273 ὀργῆν
3196 1193 3285 1250 διὰ
3318 1198 3379 1252 τὸ
3425 1195 3697 1271 τόλμημα,
3722 1200 3834 1255 ἀνει-

2256 1279 2493 1361 ληφότες
2525 1285 2614 1338 καὶ
2671 1284 2763 1339 τὸν
2818 1289 2965 1364 σφῶν
3021 1285 3246 1360 πατέρα,
3304 1284 3565 1364 ὥρμησαν
3605 1290 3720 1359 πρὸς
3748 1296 3828 1343 Συ-

2255 1372 2374 1445 ρίαν
2425 1378 2630 1450 φυγεῖν.
2688 1374 2863 1449 Ὅπερ
2901 1375 3208 1448 πυθόμενος
3261 1376 3289 1431 6
3323 1374 3576 1451 βασιλεὺς
3612 1377 3837 1433 ἀπέστειλε

2252 1460 2344 1516 τὸν
2425 1467 2527 1531 τῆς
2595 1462 2861 1536 ἑταιρείας
2929 1462 3173 1542 ἄρχοντα
3239 1470 3351 1536 (97)
3403 1466 3537 1538 μετὰ
3589 1467 3669 1521 καὶ
3716 1488 3837 1521 τινων

2255 1554 2620 1626 στρατιωτῶν,
2680 1550 3058 1626 ἐντειλάμενος
3132 1561 3513 1631 καταταχῆσαι
3584 1555 3665 1609 καὶ
3708 1576 3839 1610 κατα-

2254 1646 2412 1715 σγεῖν
2464 1640 2683 1702 αὐτούς.
2716 1640 2787 1697 Οἳ
2826 1638 2894 1710 δὴ
2942 1642 3032 1697 καὶ
3090 1641 3506 1709 έπισπεύσαντες
3545 1641 3843 1717 καταλαμϐά-

495 1751 677 1786 νουσιν
731 1732 929 1794 αὐτοὺς
986 1731 1039 1787 ἐν
1095 1730 1453 1802 Καππαδοκίᾳ
1504 1730 1771 1793 συντόνως
1825 1731 1925 1799 τὴν
2002 1728 2091 1785 ἐπὶ
2173 1729 2371 1805 Συρίαν
2456 1727 2795 1794 ἐλαύνοντας.
2886 1729 3199 1794 Μέλλοντες
3268 1729 3325 1788 δὲ
3378 1731 3618 1788 κωλῦσαι
3667 1734 3842 1792 τούτοκ

497 1819 831 1895 προσωτέρω
897 1826 1102 1895 χωρεῖν
1182 1819 1335 1896 εὖρον
1405 1821 1828 1893 ἀνθισταμένους
1861 1864 1876 1889 ,
1930 1820 2018 1874 καὶ
2080 1817 2410 1892 συμπλοκῆς
2462 1817 2757 1895 γενομένης
2790 1821 2842 1875 οἱ
2876 1821 2971 1891 μὶν
3029 1818 3127 1876 δύο
3182 1820 3374 1885 παῖδες
3429 1821 3590 1877 αὐτοῦ
3645 1823 3843 1897 μαχόμε-

499 1929 584 1963 νοι
642 1908 953 1979 πίπτουσιν,
1013 1909 1176 1973 αὐτὸς
1232 1906 1289 1965 δὲ
1349 1909 1587 1985 ζωγρίας
1639 1908 1870 1985 ληφθεὶς
1926 1907 2079 1983 ἤχθη
2140 1908 2276 1983 πρὸς
2335 1905 2562 1983 βασιλέα
2615 1906 2705 1962 καὶ
2757 1913 2874 1970 τοῖς
2930 1908 3125 1981 νόμοις
3178 1908 3422 1981 ἐξεδόθη.
3472 1909 3845 1989 Καταψηφισθεὶς

499 2015 597 2072 οὖν
629 2016 857 2088 ἐξεκόπη
906 2018 998 2072 τὸν
1050 2015 1140 2072 ἕνα
1177 2022 1288 2073 τῶν
1341 2016 1665 2097 ὀφθαλμῶν,
1727 2017 1964 2094 ἀφῃρέθη
2017 2013 2075 2071 δὲ
2102 2014 2193 2072 καὶ
2247 2017 2347 2086 τὴν
2406 2017 2532 2089 μίαν
2588 2019 2696 2072 τῶν
2749 2021 2976 2093 χειρῶν,
3035 2020 3125 2073 καὶ
3180 2020 3243 2074 τὸ
3303 2018 3500 2075 λοιπὸν
3561 2018 3610 2074 έν
3662 2020 3845 2090 Μεσημ-

500 2101 626 2179 ϐρίᾳ
655 2105 925 2181 ἐξόριστος
949 2109 1150 2182 κατεγή
1163 2126 1339 2182 ρασεν,

568 2199 718 2253 Dum
760 2196 1136 2269 imperatoris
1194 2199 1375 2254 duces
1435 2214 1503 2255 ea
1561 2215 1692 2270 qum
1736 2197 2051 2254 retulimus
2080 2196 2143 2252 in
2175 2202 2222 2266 Β

497 2288 813 2348 Occidente
845 2294 1076 2362 gerunt,
1121 2289 1364 2345 interim
1398 2290 1497 2361 qui
1542 2289 1615 2344 ad
1646 2288 1959 2344 meridiem
1985 2288 2143 2343 inco-

496 2377 629 2432 lunt
656 2377 878 2433 Arabes
924 2379 1044 2433 otio
1095 2377 1362 2433 deditum
1413 2378 1834 2449 imperatorem
1865 2381 2144 2448 putantes

499 2467 766 2521 animum
826 2467 1146 2537 recipiunt,
1205 2468 1541 2538 iterumque
1595 2484 1720 2521 rem
1760 2467 1908 2521 mari
1940 2481 2143 2535 gerere

498 2561 785 2611 statuunt.
818 2555 1023 2626 Itaque
1055 2555 1341 2611 confectis
1367 2555 1523 2626 apud
1555 2555 1803 2627 Egypti,
1831 2554 2142 2608 Phceniciaa

496 2650 555 2700 et
584 2644 765 2717 Syrias
819 2644 1153 2700 maritimas
1181 2645 1359 2700 urbes
1400 2645 1650 2701 navibus
1699 2643 2143 2715 expeditionem

495 2734 775 2790 adversus
805 2736 1100 2790 Romanos
1153 2739 1383 2806 parant,
1436 2733 1911 2806 exploratoribus
1943 2733 2140 2804 primo

496 2822 716 2889 missis,
738 2839 807 2876 ex
829 2822 1044 2893 quibus
1065 2827 1491 2894 cognoscerent
1524 2838 1639 2893 quo
1668 2821 1797 2876 loco
1828 2836 1922 2875 res
1953 2820 2142 2891 impe-

494 2911 708 2966 ratoris
730 2916 949 2965 essent.
983 2913 1182 2981 Neque
1206 2911 1315 2965 hoc
1339 2910 1676 2965 institutum
1700 2925 1905 2965 eorum
1933 2907 2146 2964 fefellit

499 3000 798 3067 Basilium,
827 2999 931 3055 sed
958 3000 1158 3055 omnia
1180 3016 1311 3070 quas
1342 3000 1403 3055 in
1428 3000 1597 3071 Syria
1616 3002 1963 3071 gererentur
1979 3013 2139 3053 com-

496 3089 669 3159 perit.
694 3090 758 3143 Et
779 3088 900 3159 ipse
925 3088 1177 3144 classem
1200 3104 1475 3161 magnam
1499 3087 1817 3143 fabricatus
1838 3087 1912 3143 ad
1934 3086 2144 3142 urbem

497 3175 773 3246 detinuit,
833 3177 1048 3232 futuris
1105 3178 1389 3232 intentus.
1443 3176 1687 3232 Interim
1736 3193 1811 3231 ne
1863 3174 2145 3231 clasiiarii

497 3265 651 3320 nihil
673 3265 897 3337 agendo
911 3265 1236 3321 deteriores
1259 3264 1827 3336 fierent,quando,ut
1847 3265 1933 3319 ait
1949 3269 2142 3335 poeta,

497 3356 674 3409 inane
732 3355 815 3408 nil
872 3355 1011 3409 boni
1072 3354 1341 3425 producti
1388 3355 1596 3420 otium,
1658 3355 1719 3407 in
1796 3353 2143 3408 aediﬁcando

500 3443 656 3512 quod
674 3447 815 3496 tunc
832 3459 986 3512 pone
1008 3443 1449 3513 imperatoriam
1476 3443 1673 3497 aulam
1693 3442 2145 3497 substruebatur

499 3530 570 3585 de
594 3530 838 3585 nomine
858 3532 995 3585 Jesu
1016 3530 1229 3586 Christi
1260 3530 1567 3601 templum,
1592 3531 1852 3599 itemque
1885 3530 2140 3584 caelestis

498 3620 728 3675 militiae
747 3619 958 3675 ducem
984 3620 1274 3691 principis
1297 3624 1356 3673 et
1377 3574 1516 3674 Elia;
1538 3574 1827 3674 'l‘hesbitaa
1865 3617 2019 3673 fanis
2048 3617 2142 3673 ab-
2172 3574 2215 3641 c

501 3710 801 3766 solvendis
828 3726 1033 3766 eorum
1074 3726 1255 3781 opera
1301 3725 1444 3764 usus
1493 3714 1601 3774 est,
1653 3713 2017 3780 paratorum,
2040 3708 2143 3763 ubi

498 3800 758 3872 primum
807 3799 1109 3854 montibus
1139 3799 1347 3854 I034
1394 3814 1525 3853 sese
1573 3797 1871 3852 emitteret
1908 3798 2146 3868 Syriaca

499 3890 728 3958 classis,
762 3889 1012 3943 navibus
1059 3888 1400 3943 conscensis
1440 3886 1516 3942 ad
1555 3903 1692 3941 eum
1723 3886 2144 3942 debellandum

499 3978 683 4033 avehi.
721 3979 793 4031 At
820 3978 1244 4032 Saracenorum
1272 3976 1611 4048 explorator
1637 3992 1771 4030 cum
1803 3975 2014 4046 Cpolin
2047 3992 2145 4030 ve-

497 4067 688 4121 nisset
735 4066 1054 4137 omniaque
1098 4071 1303 4137 parata
1359 4066 1700 4134 invenisset,
1744 4081 2015 4119 reversus
2071 4064 2146 4119 ad

500 4172 640 4213 suos
668 4171 798 4226 qum
828 4155 1055 4211 viderat
1087 4156 1325 4222 retulit;
1364 4155 1523 4225 iique
1550 4154 1623 4210 ab
1652 4154 1926 4209 instituto
1957 4154 2146 4209 deter-

500 4245 605 4299 riri
640 4245 1008 4316 quieverunt.

2321 2196 2416 2252 ’Ev
2447 2196 2493 2268 ᾦ
2524 2192 2582 2251 δὲ
2613 2196 2757 2251 οὕτω
2804 2197 2942 2251 κατὰ
2967 2197 3069 2266 τὴν
3103 2197 3366 2273 Ἑσπέραν
3427 2194 3520 2252 διὰ
3571 2201 3670 2252 τῶν
3696 2217 3843 2271 στρστ·

2253 2287 2406 2357 ηγῶν
2430 2288 2510 2356 τῷ
2568 2285 2795 2342 Βασιλεῖ
2845 2286 3264 2357 κατεπράττετο,
3336 2288 3388 2341 οἱ
3443 2285 3503 2342 έκ
3562 2280 3845 2359 μεσημϐρίας

2254 2367 2491 2448 1Ἄραϐες
2548 2372 2840 2449 σχολάζειν
2885 2375 2981 2430 τὸν
3043 2373 3270 2448 βασιλέα
3324 2372 3640 2449 νομίσαντες
3677 2374 3847 2445 ἀνεθάρ-

2255 2482 2422 2532 σησαν
2480 2462 2570 2515 καὶ
2654 2462 2821 2517 πάλιν
2906 2467 3013 2519 τῶν
3099 2464 3234 2519 κατὰ
3328 2464 3601 2520 θάλατταν
3648 2463 3846 2518 ἅπτεσθαι

2253 2551 2592 2625 πραγμάτων
2677 2548 2995 2626 διέγνωσαν.
3086 2558 3229 2618 Ναῦς
3320 2554 3417 2608 οὖν
3514 2553 3845 2623 τεκτηνάμενοι

2252 2641 2391 2695 κστὰ
2425 2660 2483 2695 τε
2512 2642 2613 2710 τήν
2644 2638 2919 2718 Λίίγυπτον
2955 2643 3046 2697 καὶ
3093 2643 3190 2704 τὰς
3246 2640 3300 2697 έν
3333 2642 3569 2718 Φοινίκῃ
3600 2644 3683 2697 καὶ
3718 2639 3845 2714 Συρίᾳ

2252 2728 2557 2804 παραλίους
2649 2728 2841 2793 πολεις
2875 2774 2890 2799 ,
2976 2730 3111 2787 κατᾶ
3192 2732 3490 2805 Ῥωμαίων
3570 2728 3845 2805 έκτρατεῦειν

2255 2816 2587 2886 διενοοῦντο,
2668 2818 2906 2881 σκοποὺς
2989 2819 3299 2895 πέμψαντες
3380 2817 3644 2897 πρότερον
3704 2818 3847 2892 ἒφίῙ)

2257 2910 2442 2981 μαθεῖν
2477 2912 2594 2970 πῶς
2625 2903 2743 2988 ἔχει
2792 2911 2858 2964 τὰ
2900 2907 3193 2984 βασιλέως.
3234 2908 3395 2966 Ἀλλ’
3459 2908 3574 2966 οὐδ’
3628 2908 3849 2964 ἀλαοσκο-

2253 2994 2382 3063 πίην
2436 2993 2583 3069 εἶχεν
2641 2997 2753 3067 (98)
2784 2994 2812 3048 6
2848 2993 3127 3071 βασιλεὺς,
3169 2993 3316 3051 ἀλλὰ
3379 2997 3561 3052 πάντα
3616 2993 3847 3070 διέγνωστο

2255 3082 2400 3156 αὐτῷ
2449 3084 2515 3138 τὰ
2573 3082 2625 3138 ἐν
2684 3083 2857 3159 Συρίᾳ
2915 3085 3261 3159 πρατοόμενα
3293 3127 3307 3141 .
3362 3086 3727 3159 Ναυπηγήσας
3781 3084 3848 3137 οὖν

2252 3172 2342 3227 καὶ
2372 3170 2534 3233 αὐτὸς
2565 3170 2793 3227 στόόλον
2826 3171 3130 3248 ἀξιόμαχον
3171 3180 3419 3250 συνεῖχεν
3474 3174 3526 3229 έν
3556 3179 3622 3248 τῇ
3655 3167 3849 3246 βασιλίδι

2250 3262 2341 3316 καὶ
2380 3262 2442 3316 τὸ
2478 3259 2684 3333 μέλλον
2712 3258 3050 3336 ἐκαραδόκει.
3093 3266 3174 3336 [Ρ.
3208 3266 3332 3336 585]
3366 3265 3487 3321 Ἵνα
3534 3260 3589 3317 δὲ
3630 3263 3696 3335 μή
3726 3258 3849 3333 ἀργὸς

2251 3349 2517 3425 ὑπάρχων
2550 3351 2579 3405 ὁ
2612 3348 2809 3411 στόλος
2860 3346 3090 3412 ἅταγτος
3146 3350 3361 3428 γένοιτο
3419 3352 3610 3424 (τίκτει
3637 3351 3725 3424 γὰρ
3750 3346 3851 3401 κατᾶ

2249 3438 2341 3494 τὸν
2372 3439 2607 3509 ποιητὴν
2640 3435 2795 3493 οὐδὲν
2826 3436 3021 3502 ἐσθλὸν
3068 3438 3244 3494 είκαια
3301 3438 3537 3514 σχολὴ),
3568 3438 3617 3495 έν
3645 3441 3707 3511 τῇ
3732 3436 3849 3490 ἀνοι-

2252 3524 2470 3599 κοδομῇ
2518 3531 2616 3582 τοῦ
2671 3527 2810 3582 κατᾶ
2862 3529 2962 3595 τήν
3002 3529 3281 3603 βασίλειον
3325 3529 3505 3598 οιῦλήν
3560 3528 3849 3603 ἐγειρομένου

2250 3614 2374 3670 τότε
2402 3620 2534 3670 ναοῦ
2565 3615 2641 3678 εἷς
2673 3613 2849 3690 ὄνομα
2876 3622 2974 3672 τοῦ
3024 3625 3287 3694 Σωτηρος
3331 3622 3497 3693 ἡμῶν
3555 3615 3724 3690 Ἰησοῦ
3749 3618 3848 3687 Χρι-

2252 3709 2381 3760 στοῦ
2434 3706 2532 3761 τοῦ
2597 3710 2730 3762 Θεοῦ
2782 3708 2869 3762 καὶ
2957 3712 3064 3762 τῶν
3140 3708 3609 3787 ἀρχιστρατήγων
3657 3700 3848 3781 (99))ῖαὶ

2256 3793 2452 3850 Ἠλίου
2506 3798 2603 3850 τοῦ
2658 3789 2919 3850 Θεσϐίτου
2975 3793 3270 3871 διωρίσατο
3326 3798 3531 3861 αὐτοὺς
3590 3795 3846 3868 ὑπουργεῖν,

2255 3883 2512 3955 ἑτοίμους
2537 3884 2717 3944 ὄντας·
2748 3883 2800 3937 ’ἰν
2834 3880 2958 3939 ὅταν
2997 3886 3277 3961 ὑπερκύψῃ
3338 3892 3448 3941 τῶν
3502 3886 3658 3962 ὁρίων
3695 3879 3847 3956 Συρίας

2255 3974 2283 4027 6
2315 3968 2534 4043 στόλος,
2588 3970 3035 4045 ἰμπαρασκεόους
3089 3974 3286 4036 αὐτοὺς
3345 3974 3710 4045 ἀποσταλῆναι
3749 3969 3846 4041 πρὸς

2252 4060 2353 4128 τὴν
2412 4056 2629 4114 ἐκείνων
2718 4061 3158 4135 ἀντιπαραταξιν.
3244 4062 3348 4119 Καὶ
3406 4064 3437 4118 6
3499 4065 3592 4136 μὲν
3650 4052 3847 4137 βασιλεὺς

2255 4148 2659 4221 ᾠκονομήσατο
2711 4147 2907 4211 οὕτως·
2967 4150 2996 4204 ὁ
3037 4145 3096 4204 δὲ
3149 4153 3255 4206 τῶν
3314 4155 3645 4225 Σαρακηνῶν
3697 4143 3850 4201 σκοπὸς

2255 4233 2578 4294 καταλαϐὼν
2638 4239 2741 4306 τήν
2803 4236 3060 4314 βασιλίδα
3114 4241 3208 4296 καὶ
3258 4240 3428 4297 πάντα
3498 4242 3715 4316 εὐτρεπῆ
3761 4252 3852 4289 117-

501 4328 657 4398 ιδὼν,
717 4329 1021 4386 ἐπανελθὼν
1082 4331 1216 4406 πρὸς
1271 4329 1399 4392 τοὺς
1471 4330 1788 4404 πέμψαντας
1847 4329 1946 4383 ὅσα
2002 4325 2138 4382 εἶδεν
2198 4325 2546 4403 ἀπήγγειλεν.
2608 4326 2677 4384 Οἲ
2729 4324 2787 4382 δὲ
2839 4329 3272 4400 καταπτηξαντες
3320 4331 3423 4400 τὴν
3454 4328 3682 4405 ἡσυχίαν
3735 4320 3847 4398 ἠγί-

586 4439 701 4476 σαν.

586 4439 701 4476 σαν.

501 4439 860 4564 πηϐωιθιδιιιη
894 4510 1384 4581 Carthaginenses
1425 4509 1681 4579 acceptis
1707 4507 1977 4564 cladibus
2008 4507 2145 4562 facti

497 4598 848 4665 timidiores,
870 4615 1003 4654 cum
1026 4600 1210 4654 nullis
1233 4598 1601 4669 implicatum
1625 4599 1876 4670 negotiis
1899 4598 2149 4668 impera-

503 4692 690 4740 torem
750 4689 1176 4759 percepissent,
1237 4693 1571 4741 metuentes
1603 4703 1677 4741 ne
1710 4686 1904 4741 subito
1937 4686 2147 4741 classis

2331 4501 2708 4579 Καρχηδόνιοι
2767 4501 2826 4559 δέ
2899 4504 3066 4559 πάλιν
3147 4502 3235 4561 διὰ
3298 4506 3396 4568 τὰς
3450 4495 3848 4581 προηγησαμένις

2256 4594 2418 4661 ἦττας
2451 4588 2688 4654 δεδιότες
2716 4594 2816 4661 τήν
2857 4595 3097 4671 ἡσυχίαν
3144 4599 3240 4649 τοῦ
3289 4593 3566 4670 βασιλέως
3617 4589 3847 4665 μαθόντες.

2257 4683 2348 4735 καὶ
2378 4682 2707 4751 πτοηθέντες
2762 4681 2839 4753 μή
2869 4701 2987 4742 πως
3022 4680 3290 4760 αἰφνίδιον
3347 4682 3655 4755 Ῥωμαϊκὸς
3700 4673 3846 4730 στόλος

501 4778 769 4830 Romana
801 4775 861 4828 in
894 4776 1160 4846 ipsorum
1185 4776 1556 4830 emitteretur
1586 4775 1894 4836 ditionem.
1931 4775 2147 4830 multas

2259 4770 2397 4824 κατὰ
2472 4776 2572 4838 τῆς
2666 4768 2843 4824 αὐτῶν
2922 4769 3200 4844 ἑκπεμσθῇ
3258 4771 3483 4846 χώρας,
3541 4773 3661 4828 ναῦς
3710 4760 3848 4818 ἱκανὰς

504 4879 681 4919 naves
711 4863 1001 4925 fabricati,
1022 4864 1130 4919 sub
1168 4864 1402 4919 initium
1435 4864 1763 4930 veris,cum
1801 4863 1873 4917 ab
1906 4864 2154 4934 impera-

502 4961 625 5011 tore
649 4954 799 5010 nihil
823 4953 935 5009 tale
970 4954 1095 5008 fieri
1129 4952 1558 5017 sentirent,rati
1589 4951 1863 5007 eumaliis
1885 4952 2153 5007 hostibus

2267 4857 2613 4929 έτεκτήναντο
2649 4901 2660 4915 .
2726 4860 2890 4932 Ἥρος
2946 4854 2992 4912 δ’
3051 4857 3455 4933 έπιλάμπυντος
3514 4860 3589 4920 ὡς
3640 4851 3849 4924 οὐδεμίαν

2264 4948 2489 5023 δύναμιν
2520 4971 2579 5005 εκ
2624 4950 2893 5025 βασιλέως
2941 4957 3276 5028 πεμφθεῖσαν
3326 4953 3673 5025 ἐμάνθαννον,
3702 4948 3851 5000 ὑποτο-

502 5045 801 5118 impediri,
849 5041 1109 5098 Siciliam
1159 5043 1344 5098 classe
1374 5042 1729 5113 petiverunt,
1774 5040 2147 5112 obsessisque

2259 5040 2525 5110 πτίσαντες
2584 5040 2720 5114 πρὸς
2779 5036 2988 5101 ἄλλους
3058 5038 3301 5115 ἄσχολον
3359 5041 3495 5096 εἶναι
3522 5042 3614 5095 τὸν
3670 5029 3852 5118 βασιλέα

500 5116 830 5208 Syracusis,
864 5150 995 5203 quae
1025 5133 1250 5188 circum
1284 5136 1455 5186 erant
1484 5129 1745 5202 populati
1781 5135 1937 5184 sunt.
1964 5131 2047 5184 Ea
2075 5129 2147 5184 de

2258 5127 2674 5202 έκστρατεύουσι
2712 5128 2851 5183 κατὰ
2895 5126 3167 5198 Σικελίας,
3198 5129 3293 5184 καὶ
3341 5125 3408 5198 δὴ
3458 5129 3592 5203 πρὸς
3619 5127 3705 5193 τήν
3730 5116 3852 5175 πόλιν

1684 5244 2044 5300 XYLANDRI
2084 5247 2172 5299 ET
2210 5247 2422 5302 GOARI
2459 5245 2680 5302 ΝΟΤᾸΞ.

2266 5354 2455 5409 ricum
2485 5352 2653 5425 Iliad.
2687 5354 2755 5425 Kr.
2789 5353 2860 5408 de
2885 5353 3160 5424 Apolline
3190 5359 3249 5409 et
3277 5354 3417 5410 alibi
3449 5353 3579 5425 ΧΠ..
3769 5414 3779 5425 ,

2335 5426 2445 5496 (99)
2503 5424 2804 5480 Michaelis
2859 5417 3264 5481 efGabrielis
3313 5424 3564 5482 caelestis
3606 5417 3853 5496 exercitus

2265 5480 2480 5551 du‘cum
2512 5512 2553 5622 ἓ
2579 5496 2794 5550 Graacis
2826 5496 3004 5551 simul
3035 5480 3335 5568 praecipua
3358 5480 3727 5552 veneratione
3754 5480 3849 5539 cul'

2261 5573 2481 5623 torum.
2559 5583 2686 5621 om.

571 5357 685 5428 (96)
711 5358 819 5422 Qui
852 5356 1314 5429 npmroctpa'ztwp,
1348 5356 1420 5411 de
1444 5372 1560 5426 quo
1595 5353 1755 5429 alibi.
1791 5353 1964 5429 90.53.

571 5423 677 5496 (97)
736 5423 1034 5502 Ἐταιρείας
1094 5423 1338 5502 ἄρχοντα
1375 5423 1516 5502 ptio
1567 5423 1849 5502 vocabulo
1890 5423 2156 5502 ἑταιριαρ-

500 5515 609 5569 χηι
653 5495 819 5554 vocat
866 5495 1142 5555 Codinus'
1168 5495 1671 5569 confoederatorum
1710 5498 1899 5550 ducem
1931 5495 2152 5567 dequo

496 5570 625 5641 jam
644 5570 892 5641 abunde
923 5572 1229 5641 superius.
1251 5572 1429 5625 Gou.

574 5638 689 5711 (98)
721 5640 787 5693 In
815 5638 1080 5712 margine
1110 5640 1544 5717 τυφλοσκοπιήν.
1579 5641 1682 5694 Est
1710 5641 1909 5693 autem
1950 5638 2155 5693 Home-
