4056 6276
265 386 420 446 1121

1384 380 1926 443 HISTORIARUM
1973 380 2523 444 COMPENDIUM.

3532 386 3686 446 1122

262 520 366 583 τὰς
425 518 778 592 Συρακούσας
831 514 1204 590 προσσχόντες
1263 514 1463 584 ταύτην
1531 511 1917 586 ἐπολιόρκουν.

2060 533 2100 572 'e
2159 517 2486 586 imperator
2537 533 2573 572 a
2629 517 2908 588 praafecto
2969 516 3184 572 Siciliae
3215 518 3435 572 certior
3478 518 3688 588 factus,

263 608 359 664 καὶ
389 607 454 662 τὰ
484 605 637 668 ἐκτὸς
670 604 863 679 ἐδῄουν
896 613 994 674 τῆς
1047 605 1236 679 χώρας
1287 602 1376 658 καὶ
1433 600 1739 674 ἐληίζοντο.
1803 607 1915 660 Τοῦ

269 695 329 752 δὲ
352 699 661 770 στρατηγοῦ
700 702 801 764 τῆς
861 693 1115 755 Σικελίας
1173 691 1317 762 δῆλα
1367 695 1535 747 ταῦτα
1602 693 1782 756 θέντος
1838 696 1917 764 τῷ

273 785 514 861 βασιλεῖ,
557 783 752 847 εὐθέως
801 787 836 853 ἡ
895 788 1414 857 προευτρεπισθεῖσα
1469 782 1694 850 ναυτικὴ
1756 779 1921 835 δύνα-

279 896 372 949 μις
438 874 535 928 κάν
587 878 656 947 τῇ
714 874 885 929 κτίσει
941 877 1036 928 τοῦ
1095 877 1226 927 ναοῦ
1283 868 1719 947 προσεδρεύουσα
1785 871 1920 946 πρὸς

275 962 532 1020 Σικελίαν
561 961 917 1036 ἐκπέμπεται,
952 959 1234 1036 Ἀδριανὸν
1286 961 1378 1015 τὸν
1429 961 1714 1034 πατρίκιον
1757 955 1925 1037 ἔχου-

275 1075 342 1108 σα
381 1051 676 1130 ναύαρχον·
720 1052 779 1113 ὃς
835 1057 935 1120 τῆς
995 1047 1279 1124 βασιλίδος
1336 1050 1563 1122 ἀπάρας,
1627 1049 1703 1122 μὴ
1764 1048 1920 1102 εὐθυ-

274 1141 467 1197 πλοῶν
499 1138 575 1212 δὲ,
611 1140 772 1212 μόλις
831 1137 1099 1209 κατῆλθεν
1150 1139 1228 1200 εἰς
1287 1136 1728 1208 Πελοπόννησον,
1790 1134 1926 1190 κατὰ

277 1229 338 1286 δὲ
383 1233 482 1301 τὴν
545 1225 924 1303 Μονεμϐασίαν
982 1228 1035 1284 έν
1074 1233 1153 1299 τῷ
1215 1226 1544 1300 καλουμένῳ
1606 1225 1790 1299 λιμένι
1829 1229 1927 1280 τοῦ

279 1323 521 1393 Ἱερακος
554 1318 930 1393 προσορμίσας
971 1316 1227 1393 ἐπίφορον
1286 1313 1648 1393 προσεδέχετο
1697 1319 1926 1388 πνεῦμα.

277 1407 406 1467 Ἐπί
435 1405 582 1463 πολὺ
615 1404 674 1461 δὲ
713 1402 1204 1485 χρονοτριϐοὖντος
1235 1405 1403 1460 αὐτοῦ
1459 1405 1596 1460 κατά
1639 1405 1729 1458 τὸν
1778 1403 1930 1476 εἰρη-

283 1497 442 1571 μένον
487 1496 705 1570 λιμένα,
763 1497 854 1550 καὶ
919 1498 992 1568 μὴ
1050 1494 1395 1570 βουλομένου
1443 1496 1578 1549 κατὰ
1631 1494 1727 1556 τὰς
1783 1513 1930 1562 νηνε-

285 1587 413 1661 μίας
454 1584 709 1662 εῗρεσίαις
770 1587 1010 1660 χρῆσθαι
1074 1581 1214 1656 μηδὲ
1270 1584 1405 1659 πρὸς
1463 1581 1701 1637 ἒναντίον
1759 1602 1932 1656 παρα-

285 1674 583 1750 βάλλεσθαι
628 1673 796 1748 κῦμα,
854 1679 961 1727 τῶν
1022 1674 1338 1748 Ἀγαρηνῶν
1396 1668 1757 1748 σφοδρότερον
1816 1669 1931 1724 ἐπι-

279 1765 548 1838 κειμένων
610 1769 680 1837 τῇ
739 1761 1035 1838 πολιορκίᾳ
1093 1758 1288 1833 συνέϐη
1347 1764 1444 1832 τὴν
1504 1760 1665 1817 πόλιν
1725 1758 1933 1814 ἁλῶναι

2031 623 2391 678 quamquam
2411 607 2704 662 classiarii
2727 613 2852 662 tum
2875 614 3076 662 essent
3099 608 3320 679 templo
3339 608 3689 664 aadiﬁcando

2027 696 2321 768 occupati,
2357 703 2556 752 tamen
2581 714 2680 753 eos
2705 697 2852 752 duce
2876 697 3133 752 Adriano
3156 697 3406 768 patricio
3456 698 3516 752 in
3540 699 3691 752 Sici-

2032 783 2176 839 liam
2197 785 2401 840 mittit.
2444 786 2497 838 Is
2539 802 2672 840 cum
2697 791 2923 840 rectum
2948 803 3186 841 cursum
3230 803 3349 840 non
3374 787 3685 854 tenuisset,

2037 889 2188 945 aagre
2221 874 2295 929 ad
2337 877 2572 944 portum
2607 875 2707 945 qui
2760 875 2970 930 Hierax
3003 875 3238 943 dicitur,
3271 876 3687 930 Monembasiaa

2036 962 2099 1018 in
2127 963 2540 1034 Peloponneso
2598 963 2844 1031 vicinus,
2902 980 3077 1019 naves
3133 963 3434 1035 applicuit,
3486 965 3687 1035 ibique

2039 1051 2366 1106 secundum
2399 1057 2637 1106 ventum
2686 1052 3061 1122 praestolatus
3085 1058 3190 1106 est.
3244 1053 3510 1122 Dumque
3535 1059 3689 1108 tem-

2039 1157 2150 1211 pus
2184 1141 2265 1195 ibi
2302 1141 2456 1209 terit,
2491 1141 2704 1196 nolens
2764 1146 2933 1196 vento
2966 1159 3087 1196 non
3133 1141 3392 1212 spirante
3416 1143 3689 1215 navigare

2042 1235 2143 1284 aut
2172 1230 2487 1285 contrariis
2510 1248 2571 1284 se
2597 1230 2837 1285 credere
2860 1231 3159 1298 ﬂuctibus,
3178 1231 3418 1285 interim
3438 1233 3691 1303 Agareni

2042 1319 2468 1390 Oppugnationi
2500 1319 2796 1374 instantes
2829 1319 3133 1390 Syracusis
3187 1321 3531 1390 potiuntur;
3566 1337 3690 1376 ma-

2043 1423 2274 1477 gnaque
2298 1407 2458 1462 caade
2482 1407 2938 1475 edita,1085et
2961 1407 3057 1478 qui
3084 1415 3434 1479 supererant
3449 1409 3694 1479 captivis

2046 1496 2336 1565 abductis,
2362 1497 2570 1552 urbem
2594 1497 2841 1551 diruunt
2861 1515 2929 1552 ac
2953 1498 3091 1552 fana
3114 1499 3241 1568 ejus
3260 1497 3535 1552 incendio
3560 1515 3695 1568 per—

2047 1586 2214 1641 dunt.
2249 1587 2335 1642 Ita
2363 1586 2506 1641 urbs
2539 1603 2627 1657 ea,
2660 1588 2949 1642 hactenus
2979 1588 3138 1642 fama
3183 1587 3455 1658 celebris,
3485 1595 3694 1658 etquae

2046 1674 2233 1730 multa
2255 1676 2646 1730 Barbarorum
2678 1677 3090 1748 profligaverat
3118 1674 3514 1748 bella,exiguo
3546 1683 3698 1731 tem—

2050 1761 2212 1833 poris
2245 1763 2434 1833 spatio
2459 1762 2726 1818 funditus
2751 1763 2944 1833 periit.

282 1855 376 1908 καὶ
432 1857 539 1908 τῶν
598 1853 651 1906 έν
710 1853 852 1926 αὐτῇ
910 1853 1068 1928 φόνον
1127 1853 1363 1928 γενέσθαι
1429 1849 1623 1918 πολὺν,
1688 1849 1815 1909 τοὺς
1874 1845 1930 1902 δὲ
1988 1847 2219 1909 λοιποὺς
2278 1847 2818 1924 αἶχμαλωτισθῆναι,
2873 1856 3278 1926 κατασκαφῆναι
3339 1847 3396 1904 δὲ
3451 1851 3541 1904 καὶ
3601 1850 3701 1918 τήν

283 1941 469 2012 πόλιν,
499 1941 744 2004 καὶτοὺς
775 1940 828 1996 έν
860 1943 1001 2016 αὐτῇ
1034 1940 1452 2016 πυρποληθῆναι
1485 1940 1663 2003 θείους
1718 1937 1906 2006 ναοὺς,
1959 1931 2290 2011 περιϐόητον
2343 1939 2432 1992 καὶ
2487 1937 2744 2012 λαμπράν
2807 1938 2972 2012 μέχρι
3038 1936 3197 1993 τοῦδε
3249 1940 3547 2016 γενομένην
3608 1939 3698 1993 καὶ

283 2031 534 2093 πολλοὺς
569 2027 932 2107 βαρϐαρικοὺς
965 2029 1397 2103 ἀποσεισαμένην
1429 2027 1735 2102 πολέμους,
1796 2027 1848 2081 έν
1908 2027 2100 2100 ἀκαρεῖ
2157 2023 2214 2080 δὲ
2271 2027 2461 2101 χρόνῳ
2525 2032 2697 2080 πᾶσαν
2756 2022 3201 2096 ἀποϐεϐληκυΐαν
3263 2029 3361 2094 τὴν
3423 2026 3697 2083 εὒκλειαν.

357 2125 468 2179 Τοῦ
526 2119 582 2176 δὲ
639 2115 943 2194 συμϐάντος
995 2118 1246 2191 αἶ’σθησιν
1305 2114 1494 2173 ἔλαϐεν
1567 2120 1594 2173 ὁ
1652 2115 1933 2191 Ἀδριανὸς

2115 2117 2420 2172 Excidium
2471 2120 2908 2190 Syracusanum
2931 2119 3224 2173 Adrianus
3262 2120 3374 2174 hoc
3398 2118 3574 2174 modo
3599 2135 3697 2173 co—

292 2216 486 2265 ⁸τοῦτον
519 2211 610 2265 τὸν
641 2209 865 2283 τρόπον·
900 2210 1077 2271 Τόπος
1137 2208 1247 2263 έστῖ
1305 2209 1440 2263 κατά
1493 2207 1593 2276 τὴν
1651 2205 1941 2264 Πελοπόν-

285 2319 456 2368 νησον
505 2295 672 2360 Ἕλος
758 2299 1318 2372 προσαγορευόμενος,
1379 2293 1468 2351 διὰ
1521 2296 1584 2350 τὸ
1654 2294 1944 2370 συνηρεφὲς

287 2395 392 2458 τῆς
449 2386 624 2442 ἐκεῖσε
681 2387 823 2456 ὕλης
879 2388 1080 2458 ταύτην
1137 2386 1325 2462 λαχὼν
1381 2387 1481 2454 τὴν
1539 2383 1940 2459 προσωνυμίαν.

287 2480 381 2534 Ἐν
409 2477 592 2550 τούτῳ
623 2479 686 2532 τὸ
715 2482 820 2532 τῶν
857 2477 1140 2550 Ῥωμαίων
1189 2475 1446 2546 ηὐλίζετο
1503 2475 1777 2530 ναυτικόν.
1830 2475 1944 2544 Μιᾷ

289 2571 430 2642 γοῦν
461 2570 568 2621 τῶν
625 2571 830 2620 νυκτῶν
887 2571 996 2621 τῶν
1056 2565 1226 2620 ἐκεῖσε
1291 2564 1691 2620 κατοικούντων
1752 2561 1948 2637 δαιμό-

288 2677 400 2711 νων
435 2655 567 2729 πρὸς
598 2653 887 2725 ἀλλήλους
920 2653 1324 2731 διαλεγομένων
1358 2655 1596 2722 ἤκουσαν
1660 2654 1714 2707 οἱ
1761 2658 1946 2724 νομεῖς

295 2741 372 2804 ὠς
403 2743 548 2798 ἑάλω
580 2745 678 2812 τήν
720 2745 851 2818 χθὲς
907 2745 1117 2818 ἡμέραν
1179 2743 1497 2818 Συράκουσα
1549 2742 1639 2797 καὶ
1697 2741 1951 2796 κατέσκα-

301 2852 450 2888 πται.
487 2833 572 2904 Ἐξ
622 2831 809 2907 ἑτέρου
861 2829 919 2886 δὲ
983 2833 1118 2906 πρὸς
1170 2828 1350 2906 ἕτερον
1407 2828 1948 2903 διαπορθμευομένου

302 2925 402 2974 τοῦ
431 2915 844 2997 λόγου,ἕφθασε
890 2921 1146 2995 καὶπρὸς
1205 2917 1487 2994 Ἀδριανὸν
1556 2918 1618 2974 τὸ
1679 2916 1948 2991 διήγημα.

307 3009 392 3081 [Ρ.
425 3011 552 3083 586]
584 3011 644 3067 Ὀ
686 3005 743 3064 δὲ
798 3009 924 3071 τοὺς
984 3009 1248 3081 ποιμένας
1308 3005 1810 3080 μετακαλεσάμενος
1862 3006 1950 3060 καὶ

310 3096 852 3174 πολυπραγμονήσας
884 3097 1006 3171 εὗρε
1062 3100 1128 3154 τὰ
1186 3100 1512 3153 ακουσθέντα
1562 3103 1680 3159 τοῖς
1735 3094 1954 3150 ἐκείνω)

309 3181 768 3262 έπιϐεϐαιούμενα
799 3186 1008 3262 λόγοις.
1060 3185 1362 3257 Βουληθείς
1422 3184 1480 3241 δέ
1534 3187 1624 3241 καὶ
1681 3186 1956 3256 αὐτήκοος

305 3275 570 3354 γενέσθαι,
610 3276 744 3351 μετᾶ
770 3277 880 3330 τῶν
911 3274 1184 3348 ποιμένων
1233 3276 1288 3329 ἒν
1340 3279 1418 3346 τῷ
1467 3275 1623 3346 τόπῳ
1661 3273 1952 3349 γενόμενος

307 3365 495 3422 καὶδι¹
525 3365 700 3420 αὐτῶν
769 3363 1034 3436 ἐρώτησιν
1091 3369 1208 3425 τοῖς
1269 3361 1490 3436 δαίμοσι
1546 3361 1957 3438 προσαγηοχὼς

307 3458 542 3526 ἤκουσεν
583 3456 658 3516 ὼς
684 3451 792 3524 ἤδη
826 3452 972 3508 ἐάλω
1006 3453 1342 3527 Συράκουσα.
1398 3450 1702 3526 ’Δδημονίᾳ
1750 3451 1808 3506 δὲ
1867 3450 1954 3505 καὶ

310 3516 459 3618 λύπῃ
495 3516 722 3621 ληφθεὶς
773 3516 937 3596 πάλιν
998 3516 1214 3619 ἀνέιρερε
1269 3541 1358 3595 καὶ
1414 3516 1776 3615 παρεμυθεῖτο
1835 3539 1954 3592 ἐαυ-
1997 3516 2040 3581 C

307 3634 423 3702 τὸν,
462 3635 537 3706 μὴ
589 3635 792 3710 χρῆναι
850 3630 1117 3686 πιστεύειν
1175 3629 1372 3703 κρίνων
1432 3628 1620 3702 λόγοις
1680 3626 1956 3701 δαιμόνων

310 3722 640 3793 ἀπατηλοῖς.
676 3716 1091 3796 Ἐσημειώσατο
1137 3717 1195 3775 δὲ
1240 3720 1375 3782 τέως
1414 3721 1512 3789 τήν
1564 3720 1794 3793 ἡμέραν.
1855 3718 1954 3775 Καὶ

318 3815 453 3887 μετὰ
484 3811 711 3883 δεκάτην
743 3813 878 3882 ἧκον
934 3809 1262 3887 αὐτάγγελοι
1309 3814 1416 3865 τῶν
1472 3806 1722 3886 φυγάδων
1758 3809 1820 3864 τὸ
1864 3829 1958 3882 γε·

311 3904 475 3978 γονὸς
514 3902 778 3977 ἀτύχημα
808 3897 1185 3975 διηγούμενοι.
1217 3900 1334 3972 Ἀφ’
1381 3899 1453 3952 ὢν
1507 3897 1958 3973 πληροφορηθεὶς

315 3989 653 4064 δ’Λδριανὸς
695 3992 850 4052 εὐθὺς
907 3987 1211 4064 ἀνεζεύγνυ,
1269 3989 1358 4042 καὶ
1405 3990 1505 4058 τὴν
1561 3985 1816 4062 βασιλίδα
1866 4007 1960 4042 τα-

312 4082 460 4158 χέως
496 4080 629 4150 μετᾶ
664 4084 760 4135 τοῦ
792 4077 994 4134 στόλου
1025 4073 1459 4150 καταλαμϐάαει,
1489 4077 1580 4131 καὶ
1612 4079 1681 4148 τῇ
1738 4075 1958 4149 Μεγάλῃ

316 4167 586 4241 ἐκκλησίᾳ
613 4167 796 4237 ἱκέτης
835 4164 1190 4244 προσέφυγεν.
1250 4163 1412 4221 Ἀλλ’
1459 4161 1612 4218 οὐδὲν
1671 4163 1832 4217 αὐτὸν
1887 4162 1963 4224 εἰς

314 4256 556 4327 παντελῆ
599 4257 887 4336 ἀποφυγήν
939 4249 1144 4325 ὤνησεν
1196 4256 1230 4319 ἡ
1271 4253 1552 4329 καταφυγή
1608 4250 1805 4306 ἐκεῖθεν
1857 4252 1960 4328 γὰρ

314 4347 676 4408 ἀποσπασθεὶς
707 4345 974 4419 ἐξωρίσθη
985 4391 998 4404 ,

387 4435 814 4494 Ἀποστέλλεται
876 4433 934 4489 δὲ
1008 4433 1273 4512 Στέφανος
1333 4435 1362 4487 ὁ
1416 4434 1515 4502 τήν
1587 4433 1963 4506 προσηγορίαν

317 4527 617 4597 Μαξέντιος
657 4527 684 4580 ὁ
726 4521 1119 4593 Καππαδόκης,
1157 4522 1292 4596 μετά
1327 4541 1386 4576 τε
1434 4527 1658 4596 Θρᾳκῶν
1715 4520 1803 4574 καὶ
1845 4527 1965 4574 Μα-

316 4613 551 4672 κεδόνων
616 4614 704 4670 καὶ
792 4610 1171 4671 Καππαδοκῶν
1257 4610 1574 4682 ἐπιλέκτων,
1662 4611 1969 4685 στρατηγὸς

320 4699 748 4780 Λαγγοϐαρδίας.
785 4703 893 4758 Καὶ
920 4702 1119 4772 ταύτην
1176 4693 1499 4754 καταλαϐὼν
1541 4698 1632 4752 καὶ
1687 4696 1757 4752 δι’
1813 4698 1968 4752 ἀναν-

323 4789 473 4864 δρίαν
505 4793 592 4846 καὶ
641 4793 849 4870 τρυφὴν
903 4789 1074 4864 μηδὲν
1121 4787 1266 4862 ἄξιον
1326 4787 1494 4862 λόγου
1536 4785 1968 4862 διαπραξάμενος

2049 2207 2266 2280 gnovit.
2321 2209 2505 2263 Locus
2558 2214 2648 2263 est
2705 2209 2766 2263 in
2825 2208 3258 2280 Peloponneso,
3291 2209 3363 2264 ab
3409 2208 3700 2280 Opacitate

2051 2299 2232 2367 silvae,
2261 2315 2379 2370 qua
2408 2303 2497 2353 est
2527 2298 2816 2368 consitus,
2850 2298 3027 2354 Helos
3075 2297 3425 2370 appellatus.
3459 2301 3538 2353 Eo
3569 2299 3698 2354 loco

2048 2391 2329 2444 Romanis
2390 2392 2517 2442 tum
2574 2404 2752 2442 naves
2803 2388 2863 2442 in
2923 2387 3176 2443 statione
3220 2392 3412 2442 erant.
3439 2388 3702 2452 Quadam

2053 2481 2225 2532 nocte
2260 2483 2530 2547 pastores
2555 2477 2830 2532 audivere
2862 2476 3203 2532 daemonum
3235 2477 3316 2530 ibi
3361 2475 3704 2549 degentium

2052 2582 2255 2620 vocem
2286 2565 2443 2621 inter
2503 2583 2564 2620 se
2599 2565 3070 2636 colloquentium
3131 2571 3190 2621 et
3245 2565 3438 2637 pridie
3500 2569 3703 2637 captas

2056 2655 2401 2725 excisasque
2452 2655 2770 2725 Syracusas
2815 2655 3211 2709 narrantium.
3266 2655 3321 2708 Is
3379 2671 3575 2708 sermo
3625 2653 3699 2708 ab

2054 2743 2189 2798 aliis
2211 2743 2282 2798 ad
2305 2743 2454 2798 alios
2485 2749 2834 2815 pervagatus
2859 2744 3097 2798 tandem
3147 2743 3326 2797 etiam
3377 2743 3451 2797 ad
3503 2743 3705 2797 Adria-

2056 2848 2198 2885 num
2256 2831 2512 2902 pertigit.
2564 2833 2738 2901 Isque
2797 2831 2872 2886 ad
2925 2848 2987 2885 se
3037 2831 3259 2886 vocatis
3285 2831 3620 2902 pastoribus
3647 2837 3706 2886 et

2056 2921 2409 2975 examinatis
2440 2919 2833 2990 deprehendit
2884 2936 3185 2975 rumorem
3213 2920 3288 2975 ad
3318 2937 3381 2974 se
3410 2920 3706 2992 perlatum

2056 3009 2321 3080 ipsorum
2340 3008 2534 3063 verbis
2565 3009 2927 3063 confirmari.
2965 3009 3152 3078 thue
3178 3009 3300 3064 suis
3322 3010 3501 3064 etiam
3550 3010 3707 3064 auri-

2056 3097 2166 3153 bus
2198 3097 2375 3152 {idem
2398 3098 2481 3152 rei
2506 3098 2802 3168 probaret,
2839 3097 3162 3169 perductus
3185 3098 3258 3153 ad
3284 3115 3421 3153 eum
3449 3099 3645 3154 locum
3677 3116 3711 3153 a

2057 3187 2843 3258 pastoribus,daamonesque
2872 3205 3077 3242 eorum
3097 3205 3278 3259 opera
3306 3194 3707 3260 percontatus,

2059 3282 2258 3347 captas
2281 3277 2406 3348 jam
2427 3293 2556 3332 esse
2588 3278 2904 3348 Syracusas
2934 3277 3175 3332 audivit.
3197 3279 3378 3342 Quam
3413 3294 3480 3332 ex
3517 3295 3584 3333 eo
3617 3278 3712 3332 in—

2060 3366 2212 3421 dicio
2235 3367 2421 3422 animi
2453 3372 2827 3422 contraxerat
2875 3368 3314 3440 aegritudinem,
3347 3386 3416 3424 eo
3447 3369 3712 3424 leniebat

2067 3473 2134 3510 ac
2156 3473 2286 3510 sese
2326 3455 2749 3511 consolabatur
2792 3457 2950 3526 quod
3009 3457 3308 3512 fallacium
3370 3458 3710 3513 dmmonum

2068 3546 2260 3602 verbis
2283 3546 2460 3602 ﬁdem
2491 3563 2611 3600 non
2642 3546 3040 3602 adhibendam
3101 3547 3366 3602 sentiret.
3401 3548 3567 3602 Diem
3624 3553 3716 3603 ta-

2067 3653 2206 3691 men
2234 3636 2305 3690 ab
2337 3636 2410 3691 iis
2441 3635 2767 3691 indicatum
2816 3636 3135 3690 annotavit.
3175 3636 3410 3690 Decimo
3435 3641 3567 3706 post
3597 3637 3712 3705 die,

2070 3726 2667 3796 quieSyracusarum
2708 3725 2886 3779 exitio
2947 3725 3081 3795 fuga
3133 3730 3460 3793 evaserant,
3519 3727 3714 3780 nuntii

2070 3814 2201 3885 ejus
2220 3813 2570 3868 calamitatis
2600 3819 2910 3868 venerunt.
2940 3813 3232 3868 Adrianus
3267 3813 3418 3867 nihil
3453 3813 3580 3884 jam
3616 3815 3718 3868 du-

2069 3903 2263 3957 bitans
2286 3918 2355 3957 ea
2377 3901 2447 3955 de
2479 3917 2542 3955 re
2574 3902 2775 3956 statim
2822 3917 2958 3955 cum
2990 3902 3173 3956 classe
3225 3901 3452 3972 Cpolim
3513 3901 3711 3971 rediit,

2071 3991 2437 4063 supplexque
2459 3991 2521 4045 in
2544 3991 2748 4046 1086
2779 3992 3049 4063 Magnum
3072 3991 3375 4062 Templum
3431 3993 3714 4064 confugit.

2071 4082 2271 4150 Neque
2302 4085 2503 4134 tamen
2527 4080 2769 4134 omnino
2794 4096 2930 4134 eum
2953 4097 3023 4135 ea
3039 4080 3392 4151 supplicatio
3423 4081 3717 4148 liberavit,

2073 4169 2176 4224 sed
2199 4169 2437 4224 avulsus
2465 4168 2683 4240 templo
2707 4169 2900 4224 solum
2924 4169 3116 4224 exsilii
3140 4185 3318 4224 causa
3338 4176 3565 4224 vertere
3589 4187 3723 4225 coa-

2073 4262 2202 4313 ctus
2234 4263 2342 4312 est.

2148 4433 2356 4487 Missus
2380 4431 2598 4486 deinde
2631 4430 2706 4486 ad
2763 4431 3208 4502 gubernandam
3267 4432 3718 4504 Longibardiam

2078 4521 2412 4591 Stephanus
2436 4526 2827 4591 cognomento
2869 4521 3195 4576 Maxentius
3220 4521 3552 4592 Cappadox,
3589 4540 3723 4577 cum

2076 4609 2306 4663 delecto
2364 4609 2677 4674 Thracum,
2733 4609 3116 4664 Macedonum
3169 4627 3236 4665 ac
3310 4611 3721 4681 Cappadocum

2078 4697 2358 4765 exercitu,
2394 4713 2529 4750 cum
2580 4696 2642 4750 in
2683 4697 3048 4767 provinciam
3075 4698 3334 4754 venisset
3363 4715 3431 4753 ac
3462 4698 3535 4754 ob
3561 4699 3728 4771 igna~

2079 4787 2231 4840 viam
2285 4790 2344 4839 et
2385 4785 2590 4839 luxum
2647 4785 2880 4840 nullum
2936 4786 3159 4842 faceret
3217 4804 3412 4859 operm
3443 4789 3724 4858 pretium,

323 4878 653 4952 περαλύεται
680 4887 780 4948 τῆς
812 4882 1012 4958 αρχῆς.
1073 4876 1493 4935 Ἀποστέλλεται
1547 4873 1604 4930 δέ
1652 4877 1763 4930 ἀντ’
1803 4875 1948 4930 αὐτοῑ

2075 4874 2326 4946 imperio
2360 4879 2569 4929 exutus
2594 4879 2701 4929 est.
2727 4875 2867 4945 Ejus
2897 4875 3027 4930 loco
3074 4876 3438 4947 Nicephorus
3487 4877 3726 4942 missus,

324 4968 637 5046 Νικηφόρος
696 4968 724 5021 ὁ
782 4968 917 5021 κατὰ
969 4967 1062 5020 τὸν
1121 4971 1316 5021 Φωκᾶν
1404 4965 1964 5040 προσαγορευόμενος,

325 5059 461 5128 ἀνὴρ
489 5056 736 5132 γενναῖός
787 5075 846 5109 τε
900 5055 990 5109 καὶ
1049 5052 1395 5130 δραστήριος.
1459 5055 1729 5128 Ἐπήγετο
1763 5051 1818 5108 δὲ
1851 5055 1965 5126 μεθ’

324 5143 516 5202 ἐαυτοῦ
575 5142 798 5218 δύναμίν
855 5164 915 5200 τε
962 5145 1151 5212 ἱκανήν
1204 5145 1292 5199 καὶ
1379 5143 1565 5216 τάγμα
1621 5141 1968 5217 Μανιχαίων,

325 5229 554 5313 ἔξαρχον
586 5229 716 5309 ἕχον
743 5234 832 5288 τὸν
879 5232 1250 5308 Χρυσόχειρον
1311 5230 1661 5300 Διακονίτζην
1705 5235 1800 5302 (l).
1863 5234 1970 5287 Κα-

325 5318 581 5378 ταλαϐὼν
615 5321 706 5376 οὗν
732 5322 822 5377 τὸν
853 5322 1021 5378 τόπον
1050 5320 1141 5376 καὶ
1188 5325 1305 5382 ταῖς
1359 5318 1492 5392 μετὰ
1540 5323 1637 5372 τοῦ
1698 5319 1967 5394 Στεφάνου

2075 4964 2422 5036 cognomine
2452 4964 2695 5030 Phocas,
2729 4964 2906 5018 homo
2937 4980 3261 5034 generosus
3312 4969 3368 5017 et
3422 4969 3727 5029 strenuus,

2077 5069 2212 5107 cum
2235 5051 2464 5105 idoneis
2485 5052 2670 5120 copiis
2693 5051 2746 5103 ei
2769 5052 3010 5105 cohorte
3033 5053 3511 5118 Manichaeorum,
3545 5067 3724 5120 quam

2076 5139 2482 5210 Chrysochiris
2516 5139 2880 5194 Diaconitzes
2907 5139 3179 5196 ducebat.
3213 5141 3266 5194 Is
3292 5139 3597 5209 provincia
3626 5156 3728 5194 oc-

2078 5232 2311 5298 cupata,
2345 5243 2480 5282 cum
2513 5226 2624 5280 sibi
2654 5227 2948 5281 exercitus
2996 5226 3724 5298 Stephaniconjunxisset,

2078 5318 2297 5373 multas
2345 5316 2418 5371 de
2469 5317 2814 5372 Sarracenis
2863 5317 3183 5388 reportavit
3212 5317 3504 5372 victorias.
3530 5317 3728 5373 Primo

1539 5463 1892 5518 XYLANDBI
1933 5463 2019 5517 ET
2058 5462 2274 5517 GOARI
2315 5460 2516 5515 NOTAE

396 5594 468 5662 (l)
501 5593 684 5649 Credo
727 5593 918 5648 ﬁlium
978 5590 1389 5662 Chrysochiris
1437 5589 1640 5662 fuisse,
1693 5588 1821 5662 ejus
1870 5587 1971 5662 qui

328 5659 504 5737 supra
533 5664 867 5722 ostenditur
896 5659 1264 5718 interfectus.
1299 5661 1531 5732 Alioqui
1563 5659 1858 5716 famulum
1892 5659 1965 5714 si-

2082 5588 2324 5660 gnificat
2353 5583 2679 5660 vox,fo_r_ma
2701 5584 3074 5660 diminutiva,
3108 5602 3141 5640 a
3171 5584 3513 5654 diacono,ut
3542 5586 3723 5637 Theo~

2081 5655 2356 5730 philitzes
2385 5673 2490 5728 pro
2533 5655 2880 5727 Theophilo.
2915 5658 3048 5712 XvL.
