  <div class='ocr_page' id='page_1' title='image "/cluster/home/n/w/nwhite01/storage/ocr_20150623/121/mdp.39015078384289/569.png"; bbox 0 0 4056 6276; ppageno 0'>
   <div class='ocr_carea' id='block_1_1' title="bbox 471 374 3803 456">
    <p class='ocr_par' dir='ltr' id='par_1_1' title="bbox 471 374 3803 456">
     <span class='ocr_line' id='line_1_1' title="bbox 471 374 3803 456; baseline 0.003 -10"><span class='ocrx_word' id='word_1_1' title='bbox 471 378 628 448; x_wconf 68' lang='grc'>1123</span> <span class='ocrx_word' id='word_1_2' title='bbox 1830 378 2146 448; x_wconf 76' lang='lat' dir='ltr'>GEORGII</span> <span class='ocrx_word' id='word_1_3' title='bbox 2193 374 2528 446; x_wconf 68' lang='lat' dir='ltr'>CEDHENI</span> <span class='ocrx_word' id='word_1_4' title='bbox 3687 391 3803 456; x_wconf 72' lang='lat' dir='ltr'>112i</span> 
     </span>
    </p>
   </div>
   <div class='ocr_carea' id='block_1_2' title="bbox 469 511 2080 592">
    <p class='ocr_par' dir='ltr' id='par_1_2' title="bbox 469 515 2080 592">
     <span class='ocr_line' id='line_1_2' title="bbox 469 515 2080 592; baseline -0.002 -16"><span class='ocrx_word' id='word_1_5' title='bbox 469 521 632 577; x_wconf 88' lang='lat' dir='ltr'><strong>enim</strong></span> <span class='ocrx_word' id='word_1_6' title='bbox 665 517 871 592; x_wconf 78' lang='lat' dir='ltr'><strong>praelia</strong></span> <span class='ocrx_word' id='word_1_7' title='bbox 920 527 1271 586; x_wconf 69' lang='lat' dir='ltr'><strong>congressus</strong></span> <span class='ocrx_word' id='word_1_8' title='bbox 1319 531 1419 574; x_wconf 86' lang='lat' dir='ltr'>eos</span> <span class='ocrx_word' id='word_1_9' title='bbox 1447 516 1616 576; x_wconf 69' lang='lat' dir='ltr'><strong>mea.</strong></span> <span class='ocrx_word' id='word_1_10' title='bbox 1652 515 1872 576; x_wconf 79' lang='lat' dir='ltr'><strong>Deinde</strong></span> <span class='ocrx_word' id='word_1_11' title='bbox 1935 517 2080 574; x_wconf 87' lang='lat' dir='ltr'><strong>urbe</strong></span> 
     </span>
    </p>
   </div>
   <div class='ocr_carea' id='block_1_3' title="bbox 2194 511 3807 592">
    <p class='ocr_par' dir='ltr' id='par_1_3' title="bbox 2228 511 3807 592">
     <span class='ocr_line' id='line_1_3' title="bbox 2228 511 3807 592; baseline 0.007 -23"><span class='ocrx_word' id='word_1_12' title='bbox 2228 511 2515 588; x_wconf 74' lang='grc' dir='ltr'>δυνάμεσιν</span> <span class='ocrx_word' id='word_1_13' title='bbox 2566 514 2786 582; x_wconf 76' lang='grc' dir='ltr'>ἐνωθεὶς</span> <span class='ocrx_word' id='word_1_14' title='bbox 2843 516 3032 574; x_wconf 82' lang='grc' dir='ltr'>πολλᾶ</span> <span class='ocrx_word' id='word_1_15' title='bbox 3095 519 3184 575; x_wconf 73' lang='grc' dir='ltr'>καὶ</span> <span class='ocrx_word' id='word_1_16' title='bbox 3241 515 3517 592; x_wconf 75' lang='grc' dir='ltr'>ἀξιέπαινα</span> <span class='ocrx_word' id='word_1_17' title='bbox 3567 521 3688 576; x_wconf 75' lang='grc' dir='ltr'>κατὰ</span> <span class='ocrx_word' id='word_1_18' title='bbox 3726 529 3807 580; x_wconf 74' lang='grc' dir='ltr'>τῶν</span> 
     </span>
    </p>
   </div>
   <div class='ocr_carea' id='block_1_4' title="bbox 470 605 2080 691">
    <p class='ocr_par' dir='ltr' id='par_1_4' title="bbox 470 606 2080 679">
     <span class='ocr_line' id='line_1_4' title="bbox 470 606 2080 679; baseline -0.004 -13"><span class='ocrx_word' id='word_1_19' title='bbox 470 609 826 678; x_wconf 79' lang='lat' dir='ltr'>Amantium,</span> <span class='ocrx_word' id='word_1_20' title='bbox 857 609 1074 679; x_wconf 90' lang='lat' dir='ltr'><strong>Tropas</strong></span> <span class='ocrx_word' id='word_1_21' title='bbox 1125 611 1182 663; x_wconf 88' lang='lat' dir='ltr'>et</span> <span class='ocrx_word' id='word_1_22' title='bbox 1223 617 1488 664; x_wconf 88' lang='lat' dir='ltr'><strong>sanctam</strong></span> <span class='ocrx_word' id='word_1_23' title='bbox 1537 608 1876 665; x_wconf 85' lang='lat' dir='ltr'><strong>Severinam</strong></span> <span class='ocrx_word' id='word_1_24' title='bbox 1936 606 2080 677; x_wconf 91' lang='lat' dir='ltr'><strong>cepil</strong></span> 
     </span>
    </p>
   </div>
   <div class='ocr_carea' id='block_1_5' title="bbox 2194 605 3808 691">
    <p class='ocr_par' dir='ltr' id='par_1_5' title="bbox 2227 605 3808 691">
     <span class='ocr_line' id='line_1_5' title="bbox 2227 605 3808 691; baseline 0.006 -33"><span class='ocrx_word' id='word_1_25' title='bbox 2227 609 2560 678; x_wconf 56' lang='grc' dir='ltr'>Σαρακηνῶν</span> <span class='ocrx_word' id='word_1_26' title='bbox 2645 605 2908 676; x_wconf 74' lang='grc' dir='ltr'>ἐστήσατο</span> <span class='ocrx_word' id='word_1_27' title='bbox 2987 608 3244 682; x_wconf 82' lang='grc' dir='ltr'>τρόπαια’</span> <span class='ocrx_word' id='word_1_28' title='bbox 3301 613 3514 684; x_wconf 79' lang='grc' dir='ltr'>πρῶτον</span> <span class='ocrx_word' id='word_1_29' title='bbox 3582 612 3666 683; x_wconf 76' lang='grc' dir='ltr'>μὲν</span> <span class='ocrx_word' id='word_1_30' title='bbox 3729 616 3808 691; x_wconf 66' lang='grc' dir='ltr'>γὰρ</span> 
     </span>
    </p>
   </div>
   <div class='ocr_carea' id='block_1_6' title="bbox 467 692 2080 775">
    <p class='ocr_par' dir='ltr' id='par_1_6' title="bbox 467 695 2080 771">
     <span class='ocr_line' id='line_1_6' title="bbox 467 695 2080 771; baseline -0.003 -17"><span class='ocrx_word' id='word_1_31' title='bbox 467 699 718 771; x_wconf 82' lang='lat' dir='ltr'>aliisque</span> <span class='ocrx_word' id='word_1_32' title='bbox 749 697 952 752; x_wconf 90' lang='lat' dir='ltr'><strong>multis</strong></span> <span class='ocrx_word' id='word_1_33' title='bbox 973 696 1194 768; x_wconf 67' lang='lat' dir='ltr'><strong>proeliis</strong></span> <span class='ocrx_word' id='word_1_34' title='bbox 1215 714 1280 753; x_wconf 89' lang='lat' dir='ltr'>ac</span> <span class='ocrx_word' id='word_1_35' title='bbox 1313 698 1798 754; x_wconf 78' lang='lat' dir='ltr'>dimicationibus</span> <span class='ocrx_word' id='word_1_36' title='bbox 1815 695 2080 768; x_wconf 82' lang='lat' dir='ltr'>superavi</span> 
     </span>
    </p>
   </div>
   <div class='ocr_carea' id='block_1_7' title="bbox 2194 692 3808 775">
    <p class='ocr_par' dir='ltr' id='par_1_7' title="bbox 2221 692 3808 775">
     <span class='ocr_line' id='line_1_7' title="bbox 2221 692 3808 775; baseline 0.006 -28"><span class='ocrx_word' id='word_1_37' title='bbox 2221 692 2640 768; x_wconf 74' lang='grc' dir='ltr'>ἀντιταξάμενος</span> <span class='ocrx_word' id='word_1_38' title='bbox 2700 695 2956 772; x_wconf 77' lang='grc' dir='ltr'>ἐτρέψατο</span> <span class='ocrx_word' id='word_1_39' title='bbox 3013 696 3140 759; x_wconf 78' lang='grc' dir='ltr'>τοὺς</span> <span class='ocrx_word' id='word_1_40' title='bbox 3223 698 3478 774; x_wconf 80' lang='grc' dir='ltr'>ἐχθροὺς,</span> <span class='ocrx_word' id='word_1_41' title='bbox 3530 699 3808 775; x_wconf 75' lang='grc' dir='ltr'>ἐχειρώσιτο</span> 
     </span>
    </p>
   </div>
   <div class='ocr_carea' id='block_1_8' title="bbox 460 778 2080 860">
    <p class='ocr_par' dir='ltr' id='par_1_8' title="bbox 460 785 2080 860">
     <span class='ocr_line' id='line_1_8' title="bbox 460 785 2080 860; baseline -0.006 -15"><span class='ocrx_word' id='word_1_42' title='bbox 460 788 711 845; x_wconf 86' lang='lat' dir='ltr'>hostem.</span> <span class='ocrx_word' id='word_1_43' title='bbox 749 785 847 842; x_wconf 70' lang='lat' dir='ltr'>Ha)</span> <span class='ocrx_word' id='word_1_44' title='bbox 871 786 992 842; x_wconf 83' lang='lat' dir='ltr'><strong>fere</strong></span> <span class='ocrx_word' id='word_1_45' title='bbox 1034 791 1176 842; x_wconf 84' lang='lat' dir='ltr'><strong>sunt</strong></span> <span class='ocrx_word' id='word_1_46' title='bbox 1218 804 1312 843; x_wconf 88' lang='lat' dir='ltr'>res</span> <span class='ocrx_word' id='word_1_47' title='bbox 1343 787 1675 860; x_wconf 83' lang='lat' dir='ltr'>imperante</span> <span class='ocrx_word' id='word_1_48' title='bbox 1706 786 1920 843; x_wconf 83' lang='lat' dir='ltr'>Basilio</span> <span class='ocrx_word' id='word_1_49' title='bbox 1952 785 2080 842; x_wconf 67' lang='lat' dir='ltr'><strong>belli</strong></span> 
     </span>
    </p>
   </div>
   <div class='ocr_carea' id='block_1_9' title="bbox 2194 778 3810 860">
    <p class='ocr_par' dir='ltr' id='par_1_9' title="bbox 2220 778 3810 860">
     <span class='ocr_line' id='line_1_9' title="bbox 2220 778 3810 860; baseline 0.006 -24"><span class='ocrx_word' id='word_1_50' title='bbox 2220 778 2277 836; x_wconf 68' lang='grc' dir='ltr'>δὲ</span> <span class='ocrx_word' id='word_1_51' title='bbox 2336 785 2471 855; x_wconf 84' lang='grc' dir='ltr'>μετὰ</span> <span class='ocrx_word' id='word_1_52' title='bbox 2517 789 2682 840; x_wconf 75' lang='grc' dir='ltr'>ταῦτα</span> <span class='ocrx_word' id='word_1_53' title='bbox 2737 785 2827 840; x_wconf 82' lang='grc' dir='ltr'>καὶ</span> <span class='ocrx_word' id='word_1_54' title='bbox 2874 788 2976 854; x_wconf 71' lang='grc' dir='ltr'>τὴν</span> <span class='ocrx_word' id='word_1_55' title='bbox 3035 784 3197 841; x_wconf 87' lang='grc' dir='ltr'>πόλιν</span> <span class='ocrx_word' id='word_1_56' title='bbox 3286 788 3574 860; x_wconf 81' lang='grc' dir='ltr'>’Λμαντίαν</span> <span class='ocrx_word' id='word_1_57' title='bbox 3625 790 3700 844; x_wconf 81' lang='grc' dir='ltr'>καὶ</span> <span class='ocrx_word' id='word_1_58' title='bbox 3740 793 3810 852; x_wconf 69' lang='grc' dir='ltr'>τὰς</span> 
     </span>
    </p>
   </div>
   <div class='ocr_carea' id='block_1_10' title="bbox 459 871 3809 953">
    <p class='ocr_par' dir='ltr' id='par_1_10' title="bbox 459 871 3809 953">
     <span class='ocr_line' id='line_1_10' title="bbox 459 871 3809 953; baseline 0.006 -37"><span class='ocrx_word' id='word_1_59' title='bbox 459 885 660 951; x_wconf 50' lang='lat' dir='ltr'>gesta.</span> <span class='ocrx_word' id='word_1_60' title='bbox 2215 871 2434 947; x_wconf 77' lang='grc' dir='ltr'>Τρόπας</span> <span class='ocrx_word' id='word_1_61' title='bbox 2464 874 2553 928; x_wconf 77' lang='grc' dir='ltr'>καὶ</span> <span class='ocrx_word' id='word_1_62' title='bbox 2585 876 2682 943; x_wconf 76' lang='grc' dir='ltr'>τήν</span> <span class='ocrx_word' id='word_1_63' title='bbox 2715 875 2868 950; x_wconf 85' lang='grc' dir='ltr'>ἁγίαν</span> <span class='ocrx_word' id='word_1_64' title='bbox 2903 871 3228 951; x_wconf 76' lang='grc' dir='ltr'>Σεὸηρίνην,</span> <span class='ocrx_word' id='word_1_65' title='bbox 3261 876 3348 930; x_wconf 68' lang='grc' dir='ltr'>καὶ</span> <span class='ocrx_word' id='word_1_66' title='bbox 3412 879 3612 953; x_wconf 71' lang='grc' dir='ltr'>μάχαις</span> <span class='ocrx_word' id='word_1_67' title='bbox 3654 877 3809 942; x_wconf 66' lang='grc' dir='ltr'>ἅλλοις</span> 
     </span>
    </p>
   </div>
   <div class='ocr_carea' id='block_1_11' title="bbox 458 957 3806 1042">
    <p class='ocr_par' dir='ltr' id='par_1_11' title="bbox 458 957 3806 1042">
     <span class='ocr_line' id='line_1_11' title="bbox 458 957 3806 1042; baseline 0.001 -22"><span class='ocrx_word' id='word_1_68' title='bbox 458 963 700 1025; x_wconf 79' lang='grc' dir='ltr'>πολλαῖς</span> <span class='ocrx_word' id='word_1_69' title='bbox 755 965 846 1020; x_wconf 79' lang='grc' dir='ltr'>καί</span> <span class='ocrx_word' id='word_1_70' title='bbox 904 965 1346 1042; x_wconf 74' lang='grc' dir='ltr'>ἀντιπαρατάξεσι</span> <span class='ocrx_word' id='word_1_71' title='bbox 1403 965 1812 1040; x_wconf 70' lang='grc' dir='ltr'>κατηγωνίσατο</span> <span class='ocrx_word' id='word_1_72' title='bbox 1868 965 1997 1026; x_wconf 75' lang='grc' dir='ltr'>τοὺς</span> <span class='ocrx_word' id='word_1_73' title='bbox 2055 957 2406 1024; x_wconf 73' lang='grc' dir='ltr'>ἁντιποὶϐους.</span> <span class='ocrx_word' id='word_1_74' title='bbox 2475 965 2578 1020; x_wconf 83' lang='grc' dir='ltr'>Καὶ</span> <span class='ocrx_word' id='word_1_75' title='bbox 2635 965 2702 1019; x_wconf 68' lang='grc' dir='ltr'>τὰ</span> <span class='ocrx_word' id='word_1_76' title='bbox 2761 965 2856 1037; x_wconf 75' lang='grc' dir='ltr'>μὲν</span> <span class='ocrx_word' id='word_1_77' title='bbox 2916 963 2967 1018; x_wconf 80' lang='grc' dir='ltr'>ἐν</span> <span class='ocrx_word' id='word_1_78' title='bbox 3017 969 3135 1026; x_wconf 83' lang='grc' dir='ltr'>τοῖς</span> <span class='ocrx_word' id='word_1_79' title='bbox 3219 970 3431 1042; x_wconf 84' lang='grc' dir='ltr'>καιροῖς</span> <span class='ocrx_word' id='word_1_80' title='bbox 3512 969 3604 1022; x_wconf 73' lang='grc' dir='ltr'>τοῦ</span> <span class='ocrx_word' id='word_1_81' title='bbox 3676 970 3806 1026; x_wconf 81' lang='grc' dir='ltr'>Βασι-</span> 
     </span>
    </p>
   </div>
   <div class='ocr_carea' id='block_1_12' title="bbox 459 1048 2022 1130">
    <p class='ocr_par' dir='ltr' id='par_1_12' title="bbox 459 1048 2022 1130">
     <span class='ocr_line' id='line_1_12' title="bbox 459 1048 2022 1130; baseline -0.003 -20"><span class='ocrx_word' id='word_1_82' title='bbox 459 1054 609 1110; x_wconf 81' lang='grc' dir='ltr'>λείου</span> <span class='ocrx_word' id='word_1_83' title='bbox 639 1051 894 1129; x_wconf 82' lang='grc' dir='ltr'>γεγονότα</span> <span class='ocrx_word' id='word_1_84' title='bbox 925 1053 1204 1130; x_wconf 84' lang='grc' dir='ltr'>πολεμικᾶ</span> <span class='ocrx_word' id='word_1_85' title='bbox 1231 1048 1358 1128; x_wconf 76' lang='grc' dir='ltr'>ἔργα</span> <span class='ocrx_word' id='word_1_86' title='bbox 1395 1057 1617 1108; x_wconf 78' lang='grc' dir='ltr'>τοιαῦτα</span> <span class='ocrx_word' id='word_1_87' title='bbox 1647 1053 1737 1106; x_wconf 79' lang='grc' dir='ltr'>καὶ</span> <span class='ocrx_word' id='word_1_88' title='bbox 1765 1053 2022 1107; x_wconf 69' lang='grc' dir='ltr'>τοσαῦτα.</span> 
     </span>
    </p>
   </div>
   <div class='ocr_carea' id='block_1_13' title="bbox 533 1145 2098 1220">
    <p class='ocr_par' dir='ltr' id='par_1_13' title="bbox 533 1145 2098 1220">
     <span class='ocr_line' id='line_1_13' title="bbox 533 1145 2098 1220; baseline -0.002 -17"><span class='ocrx_word' id='word_1_89' title='bbox 533 1147 783 1204; x_wconf 82' lang='lat' dir='ltr'>Basilius</span> <span class='ocrx_word' id='word_1_90' title='bbox 825 1161 1002 1220; x_wconf 90' lang='lat' dir='ltr'><strong>porro</strong></span> <span class='ocrx_word' id='word_1_91' title='bbox 1047 1145 1503 1203; x_wconf 88' lang='lat' dir='ltr'><strong>celeberrimum</strong></span> <span class='ocrx_word' id='word_1_92' title='bbox 1533 1145 1594 1201; x_wconf 90' lang='lat' dir='ltr'>in</span> <span class='ocrx_word' id='word_1_93' title='bbox 1631 1151 1957 1218; x_wconf 80' lang='lat' dir='ltr'>martyrum</span> <span class='ocrx_word' id='word_1_94' title='bbox 1988 1159 2098 1200; x_wconf 85' lang='lat' dir='ltr'><strong>nu-</strong></span> 
     </span>
    </p>
   </div>
   <div class='ocr_carea' id='block_1_14' title="bbox 454 1233 2102 1308">
    <p class='ocr_par' dir='ltr' id='par_1_14' title="bbox 454 1233 2102 1308">
     <span class='ocr_line' id='line_1_14' title="bbox 454 1233 2102 1308; baseline -0.002 -16"><span class='ocrx_word' id='word_1_95' title='bbox 454 1253 620 1293; x_wconf 89' lang='lat' dir='ltr'><strong>mero</strong></span> <span class='ocrx_word' id='word_1_96' title='bbox 652 1237 997 1292; x_wconf 86' lang='lat' dir='ltr'>Diomedem</span> <span class='ocrx_word' id='word_1_97' title='bbox 1025 1235 1473 1308; x_wconf 81' lang='lat' dir='ltr'>pretiosissimis</span> <span class='ocrx_word' id='word_1_98' title='bbox 1501 1251 1570 1290; x_wconf 85' lang='lat' dir='ltr'>ac</span> <span class='ocrx_word' id='word_1_99' title='bbox 1632 1233 1962 1307; x_wconf 82' lang='lat' dir='ltr'><strong>splendidis</strong></span> <span class='ocrx_word' id='word_1_100' title='bbox 1993 1233 2102 1288; x_wconf 84' lang='lat' dir='ltr'><strong>do-</strong></span> 
     </span>
    </p>
   </div>
   <div class='ocr_carea' id='block_1_15' title="bbox 457 1321 2104 1402">
    <p class='ocr_par' dir='ltr' id='par_1_15' title="bbox 457 1321 2104 1402">
     <span class='ocr_line' id='line_1_15' title="bbox 457 1321 2104 1402; baseline -0.002 -21"><span class='ocrx_word' id='word_1_101' title='bbox 457 1328 714 1382; x_wconf 87' lang='lat' dir='ltr'><strong>nariiset</strong></span> <span class='ocrx_word' id='word_1_102' title='bbox 739 1326 974 1398; x_wconf 64' lang='lat' dir='ltr'><strong>praediis</strong></span> <span class='ocrx_word' id='word_1_103' title='bbox 999 1325 1228 1402; x_wconf 84' lang='lat' dir='ltr'><strong>amplos</strong></span> <span class='ocrx_word' id='word_1_104' title='bbox 1269 1321 1625 1380; x_wconf 82' lang='lat' dir='ltr'>habentibus</span> <span class='ocrx_word' id='word_1_105' title='bbox 1668 1325 1892 1379; x_wconf 89' lang='lat' dir='ltr'><strong>reditus</strong></span> <span class='ocrx_word' id='word_1_106' title='bbox 1944 1323 2104 1378; x_wconf 84' lang='lat' dir='ltr'><strong>locu-</strong></span> 
     </span>
    </p>
   </div>
   <div class='ocr_carea' id='block_1_16' title="bbox 455 1409 2098 1486">
    <p class='ocr_par' dir='ltr' id='par_1_16' title="bbox 455 1409 2098 1486">
     <span class='ocr_line' id='line_1_16' title="bbox 455 1409 2098 1486; baseline -0.003 -16"><span class='ocrx_word' id='word_1_107' title='bbox 455 1413 694 1486; x_wconf 79' lang='lat' dir='ltr'><strong>pletavit</strong></span> <span class='ocrx_word' id='word_1_108' title='bbox 715 1419 888 1485; x_wconf 86' lang='lat' dir='ltr'><strong>atque</strong></span> <span class='ocrx_word' id='word_1_109' title='bbox 914 1413 1458 1471; x_wconf 84' lang='lat' dir='ltr'><strong>exornavit.Filium</strong></span> <span class='ocrx_word' id='word_1_110' title='bbox 1483 1427 1720 1486; x_wconf 88' lang='lat' dir='ltr'><strong>quoque</strong></span> <span class='ocrx_word' id='word_1_111' title='bbox 1751 1409 2098 1480; x_wconf 91' lang='lat' dir='ltr'><strong>Danielidis,</strong></span> 
     </span>
    </p>
   </div>
   <div class='ocr_carea' id='block_1_17' title="bbox 457 1503 2095 1576">
    <p class='ocr_par' dir='ltr' id='par_1_17' title="bbox 457 1503 2095 1576">
     <span class='ocr_line' id='line_1_17' title="bbox 457 1503 2095 1576; baseline -0.003 -16"><span class='ocrx_word' id='word_1_112' title='bbox 457 1519 633 1576; x_wconf 84' lang='lat' dir='ltr'><strong>quem</strong></span> <span class='ocrx_word' id='word_1_113' title='bbox 666 1504 775 1559; x_wconf 87' lang='lat' dir='ltr'><strong>sibi</strong></span> <span class='ocrx_word' id='word_1_114' title='bbox 810 1503 1180 1576; x_wconf 86' lang='lat' dir='ltr'><strong>spiritualem</strong></span> <span class='ocrx_word' id='word_1_115' title='bbox 1217 1503 1459 1558; x_wconf 80' lang='lat' dir='ltr'>fratrem</span> <span class='ocrx_word' id='word_1_116' title='bbox 1507 1503 1746 1566; x_wconf 79' lang='lat' dir='ltr'><strong>iecerat,</strong></span> <span class='ocrx_word' id='word_1_117' title='bbox 1787 1505 2095 1573; x_wconf 85' lang='lat' dir='ltr'><strong>protospa-</strong></span> 
     </span>
    </p>
   </div>
   <div class='ocr_carea' id='block_1_18' title="bbox 457 1587 2092 1664">
    <p class='ocr_par' dir='ltr' id='par_1_18' title="bbox 457 1587 2092 1664">
     <span class='ocr_line' id='line_1_18' title="bbox 457 1587 2092 1664; baseline -0.001 -18"><span class='ocrx_word' id='word_1_118' title='bbox 457 1593 633 1648; x_wconf 88' lang='lat' dir='ltr'><strong>tbarii</strong></span> <span class='ocrx_word' id='word_1_119' title='bbox 669 1593 952 1664; x_wconf 67' lang='lat' dir='ltr'><strong>dignitate</strong></span> <span class='ocrx_word' id='word_1_120' title='bbox 974 1607 1324 1662; x_wconf 87' lang='lat' dir='ltr'><strong>summaque</strong></span> <span class='ocrx_word' id='word_1_121' title='bbox 1352 1595 1639 1663; x_wconf 82' lang='lat' dir='ltr'><strong>potestate</strong></span> <span class='ocrx_word' id='word_1_122' title='bbox 1673 1591 1850 1646; x_wconf 86' lang='lat' dir='ltr'><strong>auxit.</strong></span> <span class='ocrx_word' id='word_1_123' title='bbox 1892 1587 2092 1644; x_wconf 71' lang='lat'>1087</span> 
     </span>
    </p>
   </div>
   <div class='ocr_carea' id='block_1_19' title="bbox 455 1677 2097 1737">
    <p class='ocr_par' dir='ltr' id='par_1_19' title="bbox 455 1677 2097 1737">
     <span class='ocr_line' id='line_1_19' title="bbox 455 1677 2097 1737; baseline -0.002 -1"><span class='ocrx_word' id='word_1_124' title='bbox 455 1681 822 1737; x_wconf 86' lang='lat' dir='ltr'><strong>Danielidem</strong></span> <span class='ocrx_word' id='word_1_125' title='bbox 866 1682 1044 1736; x_wconf 87' lang='lat' dir='ltr'><strong>etiam</strong></span> <span class='ocrx_word' id='word_1_126' title='bbox 1099 1697 1279 1736; x_wconf 88' lang='lat' dir='ltr'><strong>anum</strong></span> <span class='ocrx_word' id='word_1_127' title='bbox 1310 1680 1383 1736; x_wconf 86' lang='lat' dir='ltr'>ad</span> <span class='ocrx_word' id='word_1_128' title='bbox 1433 1697 1494 1735; x_wconf 89' lang='lat' dir='ltr'>se</span> <span class='ocrx_word' id='word_1_129' title='bbox 1528 1681 1768 1736; x_wconf 84' lang='lat' dir='ltr'><strong>vocavit.</strong></span> <span class='ocrx_word' id='word_1_130' title='bbox 1803 1677 1934 1733; x_wconf 70' lang='lat' dir='ltr'><strong>Haec</strong></span> <span class='ocrx_word' id='word_1_131' title='bbox 1964 1693 2097 1734; x_wconf 90' lang='lat' dir='ltr'>cum</span> 
     </span>
    </p>
   </div>
   <div class='ocr_carea' id='block_1_20' title="bbox 455 1767 2098 1841">
    <p class='ocr_par' dir='ltr' id='par_1_20' title="bbox 455 1767 2098 1841">
     <span class='ocr_line' id='line_1_20' title="bbox 455 1767 2098 1841; baseline -0.002 -16"><span class='ocrx_word' id='word_1_132' title='bbox 455 1788 606 1841; x_wconf 90' lang='lat' dir='ltr'><strong>equo</strong></span> <span class='ocrx_word' id='word_1_133' title='bbox 641 1771 775 1839; x_wconf 76' lang='lat' dir='ltr'><strong>vehi</strong></span> <span class='ocrx_word' id='word_1_134' title='bbox 830 1771 1128 1840; x_wconf 88' lang='lat' dir='ltr'><strong>nequiret,</strong></span> <span class='ocrx_word' id='word_1_135' title='bbox 1160 1771 1221 1824; x_wconf 90' lang='lat' dir='ltr'>in</span> <span class='ocrx_word' id='word_1_136' title='bbox 1253 1769 1462 1825; x_wconf 83' lang='lat' dir='ltr'><strong>lectica</strong></span> <span class='ocrx_word' id='word_1_137' title='bbox 1517 1767 1811 1830; x_wconf 88' lang='lat' dir='ltr'><strong>recubuit,</strong></span> <span class='ocrx_word' id='word_1_138' title='bbox 1847 1783 2098 1837; x_wconf 83' lang='lat' dir='ltr'><strong>eamque</strong></span> 
     </span>
    </p>
   </div>
   <div class='ocr_carea' id='block_1_21' title="bbox 455 1855 2100 1930">
    <p class='ocr_par' dir='ltr' id='par_1_21' title="bbox 455 1855 2100 1930">
     <span class='ocr_line' id='line_1_21' title="bbox 455 1855 2100 1930; baseline -0.002 -18"><span class='ocrx_word' id='word_1_139' title='bbox 455 1857 559 1912; x_wconf 87' lang='lat'>300</span> <span class='ocrx_word' id='word_1_140' title='bbox 607 1857 928 1930; x_wconf 81' lang='lat' dir='ltr'><strong>juvenibus</strong></span> <span class='ocrx_word' id='word_1_141' title='bbox 975 1856 1235 1912; x_wconf 87' lang='lat' dir='ltr'><strong>robustis</strong></span> <span class='ocrx_word' id='word_1_142' title='bbox 1291 1856 1538 1912; x_wconf 88' lang='lat' dir='ltr'><strong>alternis</strong></span> <span class='ocrx_word' id='word_1_143' title='bbox 1594 1855 1816 1910; x_wconf 88' lang='lat' dir='ltr'><strong>vicibus</strong></span> <span class='ocrx_word' id='word_1_144' title='bbox 1841 1861 2100 1926; x_wconf 78' lang='lat' dir='ltr'><strong>gestam-</strong></span> 
     </span>
    </p>
   </div>
   <div class='ocr_carea' id='block_1_22' title="bbox 454 1943 2096 2017">
    <p class='ocr_par' dir='ltr' id='par_1_22' title="bbox 454 1943 2096 2017">
     <span class='ocr_line' id='line_1_22' title="bbox 454 1943 2096 2017; baseline -0.002 -16"><span class='ocrx_word' id='word_1_145' title='bbox 454 1947 590 2002; x_wconf 90' lang='lat' dir='ltr'>dam</span> <span class='ocrx_word' id='word_1_146' title='bbox 610 1946 928 2002; x_wconf 89' lang='lat' dir='ltr'><strong>mandavit.</strong></span> <span class='ocrx_word' id='word_1_147' title='bbox 981 1944 1098 2002; x_wconf 84' lang='lat' dir='ltr'><strong>Hac</strong></span> <span class='ocrx_word' id='word_1_148' title='bbox 1128 1946 1354 2001; x_wconf 88' lang='lat' dir='ltr'><strong>ratione</strong></span> <span class='ocrx_word' id='word_1_149' title='bbox 1389 1945 1594 2016; x_wconf 89' lang='lat' dir='ltr'><strong>Cpolin</strong></span> <span class='ocrx_word' id='word_1_150' title='bbox 1653 1943 1900 2017; x_wconf 90' lang='lat' dir='ltr'><strong>perlata,</strong></span> <span class='ocrx_word' id='word_1_151' title='bbox 1960 1959 2096 1998; x_wconf 89' lang='lat' dir='ltr'>cum</span> 
     </span>
    </p>
   </div>
   <div class='ocr_carea' id='block_1_23' title="bbox 451 2033 2100 2107">
    <p class='ocr_par' dir='ltr' id='par_1_23' title="bbox 451 2033 2100 2107">
     <span class='ocr_line' id='line_1_23' title="bbox 451 2033 2100 2107; baseline -0.002 -17"><span class='ocrx_word' id='word_1_152' title='bbox 451 2035 525 2090; x_wconf 90' lang='lat' dir='ltr'>de</span> <span class='ocrx_word' id='word_1_153' title='bbox 557 2051 719 2090; x_wconf 89' lang='lat' dir='ltr'><strong>more</strong></span> <span class='ocrx_word' id='word_1_154' title='bbox 753 2035 811 2090; x_wconf 90' lang='lat' dir='ltr'>in</span> <span class='ocrx_word' id='word_1_155' title='bbox 841 2034 1152 2107; x_wconf 78' lang='lat' dir='ltr'><strong>Magnaura</strong></span> <span class='ocrx_word' id='word_1_156' title='bbox 1174 2033 1504 2090; x_wconf 89' lang='lat' dir='ltr'><strong>convivium</strong></span> <span class='ocrx_word' id='word_1_157' title='bbox 1535 2039 1710 2102; x_wconf 81' lang='lat' dir='ltr'><strong>esset,</strong></span> <span class='ocrx_word' id='word_1_158' title='bbox 1744 2035 1818 2089; x_wconf 90' lang='lat' dir='ltr'>ad</span> <span class='ocrx_word' id='word_1_159' title='bbox 1849 2033 2100 2104; x_wconf 89' lang='lat' dir='ltr'><strong>impera-</strong></span> 
     </span>
    </p>
   </div>
   <div class='ocr_carea' id='block_1_24' title="bbox 449 2123 2096 2195">
    <p class='ocr_par' dir='ltr' id='par_1_24' title="bbox 449 2123 2096 2195">
     <span class='ocr_line' id='line_1_24' title="bbox 449 2123 2096 2195; baseline -0.001 -17"><span class='ocrx_word' id='word_1_160' title='bbox 449 2129 638 2180; x_wconf 87' lang='lat' dir='ltr'><strong>torem</strong></span> <span class='ocrx_word' id='word_1_161' title='bbox 698 2125 1021 2180; x_wconf 82' lang='lat' dir='ltr'><strong>honorifice</strong></span> <span class='ocrx_word' id='word_1_162' title='bbox 1080 2123 1418 2181; x_wconf 90' lang='lat' dir='ltr'><strong>introducta</strong></span> <span class='ocrx_word' id='word_1_163' title='bbox 1475 2140 1729 2180; x_wconf 89' lang='lat' dir='ltr'><strong>munera</strong></span> <span class='ocrx_word' id='word_1_164' title='bbox 1779 2123 2096 2195; x_wconf 79' lang='lat' dir='ltr'><strong>magniﬁca</strong></span> 
     </span>
    </p>
   </div>
   <div class='ocr_carea' id='block_1_25' title="bbox 449 2213 2091 2286">
    <p class='ocr_par' dir='ltr' id='par_1_25' title="bbox 449 2213 2091 2286">
     <span class='ocr_line' id='line_1_25' title="bbox 449 2213 2091 2286; baseline 0 -18"><span class='ocrx_word' id='word_1_165' title='bbox 449 2213 710 2279; x_wconf 91' lang='lat' dir='ltr'><strong>obtulit;</strong></span> <span class='ocrx_word' id='word_1_166' title='bbox 745 2229 875 2284; x_wconf 62' lang='lat' dir='ltr'><strong>quae</strong></span> <span class='ocrx_word' id='word_1_167' title='bbox 906 2213 1139 2286; x_wconf 81' lang='lat' dir='ltr'><strong>singula</strong></span> <span class='ocrx_word' id='word_1_168' title='bbox 1197 2226 1508 2269; x_wconf 85' lang='lat' dir='ltr'><strong>recensere</strong></span> <span class='ocrx_word' id='word_1_169' title='bbox 1569 2213 1836 2284; x_wconf 90' lang='lat' dir='ltr'><strong>ineptum</strong></span> <span class='ocrx_word' id='word_1_170' title='bbox 1894 2213 2091 2268; x_wconf 84' lang='lat' dir='ltr'><strong>fuerit.</strong></span> 
     </span>
    </p>
   </div>
   <div class='ocr_carea' id='block_1_26' title="bbox 2283 1139 3804 1221">
    <p class='ocr_par' dir='ltr' id='par_1_26' title="bbox 2283 1139 3804 1221">
     <span class='ocr_line' id='line_1_26' title="bbox 2283 1139 3804 1221; baseline 0.005 -25"><span class='ocrx_word' id='word_1_171' title='bbox 2283 1141 2344 1197; x_wconf 91' lang='grc' dir='ltr'>Ὁ</span> <span class='ocrx_word' id='word_1_172' title='bbox 2377 1139 2435 1196; x_wconf 77' lang='grc' dir='ltr'>δὲ</span> <span class='ocrx_word' id='word_1_173' title='bbox 2465 1143 2552 1197; x_wconf 86' lang='grc' dir='ltr'>τὸν</span> <span class='ocrx_word' id='word_1_174' title='bbox 2591 1143 2847 1218; x_wconf 82' lang='grc' dir='ltr'>μέγιστον</span> <span class='ocrx_word' id='word_1_175' title='bbox 2875 1142 2928 1199; x_wconf 87' lang='grc' dir='ltr'>ἐν</span> <span class='ocrx_word' id='word_1_176' title='bbox 2983 1145 3216 1220; x_wconf 74' lang='grc' dir='ltr'>μάρτυσι</span> <span class='ocrx_word' id='word_1_177' title='bbox 3275 1143 3556 1218; x_wconf 72' lang='grc' dir='ltr'>Διομήδην</span> <span class='ocrx_word' id='word_1_178' title='bbox 3718 1169 3804 1204; x_wconf 81' lang='grc' dir='ltr'>κει-</span> 
     </span>
    </p>
   </div>
   <div class='ocr_carea' id='block_1_27' title="bbox 2214 1229 3809 1314">
    <p class='ocr_par' dir='ltr' id='par_1_27' title="bbox 2214 1229 3809 1314">
     <span class='ocr_line' id='line_1_27' title="bbox 2214 1229 3809 1314; baseline 0.006 -30"><span class='ocrx_word' id='word_1_179' title='bbox 2214 1229 2443 1302; x_wconf 87' lang='grc' dir='ltr'>μηλίοις</span> <span class='ocrx_word' id='word_1_180' title='bbox 2500 1231 2969 1306; x_wconf 82' lang='grc' dir='ltr'>πολυτιμοτάτοις</span> <span class='ocrx_word' id='word_1_181' title='bbox 3038 1237 3130 1290; x_wconf 86' lang='grc' dir='ltr'>καὶ</span> <span class='ocrx_word' id='word_1_182' title='bbox 3218 1236 3526 1311; x_wconf 72' lang='grc' dir='ltr'>ἂναθήμασι</span> <span class='ocrx_word' id='word_1_183' title='bbox 3579 1237 3809 1314; x_wconf 76' lang='grc' dir='ltr'>λαμπροῖς</span> 
     </span>
    </p>
   </div>
   <div class='ocr_carea' id='block_1_28' title="bbox 2212 1318 3810 1398">
    <p class='ocr_par' dir='ltr' id='par_1_28' title="bbox 2212 1318 3810 1398">
     <span class='ocr_line' id='line_1_28' title="bbox 2212 1318 3810 1398; baseline 0.006 -23"><span class='ocrx_word' id='word_1_184' title='bbox 2212 1318 2481 1396; x_wconf 77' lang='grc' dir='ltr'>λαμπρῶς</span> <span class='ocrx_word' id='word_1_185' title='bbox 2533 1323 2911 1398; x_wconf 78' lang='grc' dir='ltr'>κατεκόσμησε</span> <span class='ocrx_word' id='word_1_186' title='bbox 2976 1325 3069 1381; x_wconf 83' lang='grc' dir='ltr'>καῖ</span> <span class='ocrx_word' id='word_1_187' title='bbox 3125 1326 3424 1398; x_wconf 65' lang='grc' dir='ltr'>κτημάτων</span> <span class='ocrx_word' id='word_1_188' title='bbox 3486 1325 3700 1384; x_wconf 74' lang='grc' dir='ltr'>ἐπιδόσει</span> <span class='ocrx_word' id='word_1_189' title='bbox 3749 1330 3810 1385; x_wconf 71' lang='lat' dir='ltr'><strong>ai-</strong></span> 
     </span>
    </p>
   </div>
   <div class='ocr_carea' id='block_1_29' title="bbox 2209 1408 3811 1492">
    <p class='ocr_par' dir='ltr' id='par_1_29' title="bbox 2209 1408 3811 1492">
     <span class='ocr_line' id='line_1_29' title="bbox 2209 1408 3811 1492; baseline 0.007 -30"><span class='ocrx_word' id='word_1_190' title='bbox 2209 1408 2494 1481; x_wconf 80' lang='grc' dir='ltr'>προσόδων</span> <span class='ocrx_word' id='word_1_191' title='bbox 2535 1409 2972 1489; x_wconf 75' lang='grc' dir='ltr'>ἐφιλοτιμήσατο</span> <span class='ocrx_word' id='word_1_192' title='bbox 3012 1415 3098 1470; x_wconf 74' lang='grc' dir='ltr'>καὶ</span> <span class='ocrx_word' id='word_1_193' title='bbox 3162 1415 3434 1478; x_wconf 75' lang='grc' dir='ltr'>παντοίως</span> <span class='ocrx_word' id='word_1_194' title='bbox 3490 1415 3706 1492; x_wconf 71' lang='grc' dir='ltr'>ὑπερῆρε</span> <span class='ocrx_word' id='word_1_195' title='bbox 3743 1421 3811 1473; x_wconf 70' lang='grc' dir='ltr'>καί</span> 
     </span>
    </p>
   </div>
   <div class='ocr_carea' id='block_1_30' title="bbox 2207 1498 3809 1576">
    <p class='ocr_par' dir='ltr' id='par_1_30' title="bbox 2207 1498 3809 1576">
     <span class='ocr_line' id='line_1_30' title="bbox 2207 1498 3809 1576; baseline 0.007 -25"><span class='ocrx_word' id='word_1_196' title='bbox 2207 1498 2618 1556; x_wconf 68' lang='grc' dir='ltr'>κατεπλούτισε.</span> <span class='ocrx_word' id='word_1_197' title='bbox 2666 1501 2763 1558; x_wconf 83' lang='grc' dir='ltr'>Καὶ</span> <span class='ocrx_word' id='word_1_198' title='bbox 2789 1507 2890 1572; x_wconf 75' lang='grc' dir='ltr'>τῆς</span> <span class='ocrx_word' id='word_1_199' title='bbox 2931 1501 3259 1572; x_wconf 79' lang='grc' dir='ltr'>Δανιηλίδος</span> <span class='ocrx_word' id='word_1_200' title='bbox 3287 1503 3378 1560; x_wconf 85' lang='grc' dir='ltr'>τὸν</span> <span class='ocrx_word' id='word_1_201' title='bbox 3421 1505 3562 1576; x_wconf 78' lang='grc' dir='ltr'>υἱὸν,</span> <span class='ocrx_word' id='word_1_202' title='bbox 3591 1505 3646 1560; x_wconf 77' lang='grc' dir='ltr'>δν</span> <span class='ocrx_word' id='word_1_203' title='bbox 3679 1504 3809 1562; x_wconf 79' lang='grc' dir='ltr'>ἀδελ-</span> 
     </span>
    </p>
   </div>
   <div class='ocr_carea' id='block_1_31' title="bbox 2209 1586 3812 1666">
    <p class='ocr_par' dir='ltr' id='par_1_31' title="bbox 2209 1586 3812 1666">
     <span class='ocr_line' id='line_1_31' title="bbox 2209 1586 3812 1666; baseline 0.007 -26"><span class='ocrx_word' id='word_1_204' title='bbox 2209 1586 2444 1662; x_wconf 74' lang='grc' dir='ltr'>φότητος</span> <span class='ocrx_word' id='word_1_205' title='bbox 2474 1586 2756 1663; x_wconf 82' lang='grc' dir='ltr'>συνδέσμῳ</span> <span class='ocrx_word' id='word_1_206' title='bbox 2809 1600 3178 1665; x_wconf 77' lang='grc' dir='ltr'>πνευματικῆς</span> <span class='ocrx_word' id='word_1_207' title='bbox 3227 1592 3568 1666; x_wconf 80' lang='grc' dir='ltr'>ᾠκειώσατο,</span> <span class='ocrx_word' id='word_1_208' title='bbox 3625 1600 3693 1666; x_wconf 81' lang='grc' dir='ltr'>τῷ</span> <span class='ocrx_word' id='word_1_209' title='bbox 3731 1599 3812 1651; x_wconf 80' lang='grc' dir='ltr'>τῶν</span> 
     </span>
    </p>
   </div>
   <div class='ocr_carea' id='block_1_32' title="bbox 2208 1677 3818 1758">
    <p class='ocr_par' dir='ltr' id='par_1_32' title="bbox 2208 1677 3818 1758">
     <span class='ocr_line' id='line_1_32' title="bbox 2208 1677 3818 1758; baseline 0.006 -28"><span class='ocrx_word' id='word_1_210' title='bbox 2208 1677 2714 1753; x_wconf 82' lang='grc' dir='ltr'>πρωτοσπαθαρίων</span> <span class='ocrx_word' id='word_1_211' title='bbox 2746 1682 2821 1752; x_wconf 92' lang='grc'>(3)</span> <span class='ocrx_word' id='word_1_212' title='bbox 2867 1677 3122 1756; x_wconf 75' lang='grc' dir='ltr'>ἐτίμησεν</span> <span class='ocrx_word' id='word_1_213' title='bbox 3180 1681 3454 1756; x_wconf 77' lang='grc' dir='ltr'>ἀξιώματι</span> <span class='ocrx_word' id='word_1_214' title='bbox 3513 1682 3598 1738; x_wconf 86' lang='grc' dir='ltr'>καὶ</span> <span class='ocrx_word' id='word_1_215' title='bbox 3641 1681 3818 1758; x_wconf 68' lang='grc' dir='ltr'>παρρη-</span> 
     </span>
    </p>
   </div>
   <div class='ocr_carea' id='block_1_33' title="bbox 2207 1765 3817 1850">
    <p class='ocr_par' dir='ltr' id='par_1_33' title="bbox 2207 1765 3817 1850">
     <span class='ocr_line' id='line_1_33' title="bbox 2207 1765 3817 1850; baseline 0.004 -30"><span class='ocrx_word' id='word_1_216' title='bbox 2207 1765 2325 1828; x_wconf 91' lang='grc' dir='ltr'>σίας</span> <span class='ocrx_word' id='word_1_217' title='bbox 2361 1766 2623 1840; x_wconf 83' lang='grc' dir='ltr'>μεγίστης</span> <span class='ocrx_word' id='word_1_218' title='bbox 2669 1765 2958 1842; x_wconf 77' lang='grc' dir='ltr'>μετέδωκε.</span> <span class='ocrx_word' id='word_1_219' title='bbox 3015 1771 3116 1827; x_wconf 81' lang='grc' dir='ltr'>Καὶ</span> <span class='ocrx_word' id='word_1_220' title='bbox 3177 1770 3480 1846; x_wconf 84' lang='grc' dir='ltr'>Δανιηλίδα</span> <span class='ocrx_word' id='word_1_221' title='bbox 3535 1774 3630 1842; x_wconf 77' lang='grc' dir='ltr'>τήν</span> <span class='ocrx_word' id='word_1_222' title='bbox 3681 1777 3817 1850; x_wconf 76' lang='grc' dir='ltr'>γραῦν</span> 
     </span>
    </p>
   </div>
   <div class='ocr_carea' id='block_1_34' title="bbox 2207 1855 3814 1936">
    <p class='ocr_par' dir='ltr' id='par_1_34' title="bbox 2207 1855 3814 1936">
     <span class='ocr_line' id='line_1_34' title="bbox 2207 1855 3814 1936; baseline 0.003 -28"><span class='ocrx_word' id='word_1_223' title='bbox 2207 1855 2343 1928; x_wconf 80' lang='grc' dir='ltr'>πρὸς</span> <span class='ocrx_word' id='word_1_224' title='bbox 2403 1855 2588 1910; x_wconf 69' lang='grc' dir='ltr'>ἑαυτὸν</span> <span class='ocrx_word' id='word_1_225' title='bbox 2653 1857 3056 1928; x_wconf 80' lang='grc' dir='ltr'>μετεστείλατο,</span> <span class='ocrx_word' id='word_1_226' title='bbox 3097 1857 3222 1928; x_wconf 72' lang='grc' dir='ltr'>ἥτις</span> <span class='ocrx_word' id='word_1_227' title='bbox 3263 1859 3379 1916; x_wconf 83' lang='grc' dir='ltr'>ἐπεὶ</span> <span class='ocrx_word' id='word_1_228' title='bbox 3433 1863 3510 1936; x_wconf 77' lang='grc' dir='ltr'>μή</span> <span class='ocrx_word' id='word_1_229' title='bbox 3563 1861 3644 1916; x_wconf 67' lang='grc' dir='ltr'>οἵα</span> <span class='ocrx_word' id='word_1_230' title='bbox 3680 1881 3730 1916; x_wconf 81' lang='grc' dir='ltr'>τε</span> <span class='ocrx_word' id='word_1_231' title='bbox 3764 1864 3814 1930; x_wconf 71' lang='grc' dir='ltr'>ἦν</span> 
     </span>
    </p>
   </div>
   <div class='ocr_carea' id='block_1_35' title="bbox 2203 1940 3817 2022">
    <p class='ocr_par' dir='ltr' id='par_1_35' title="bbox 2203 1940 3817 2022">
     <span class='ocr_line' id='line_1_35' title="bbox 2203 1940 3817 2022; baseline 0.004 -24"><span class='ocrx_word' id='word_1_232' title='bbox 2203 1942 2359 2016; x_wconf 81' lang='grc' dir='ltr'>ἳππῳ</span> <span class='ocrx_word' id='word_1_233' title='bbox 2399 1940 2607 2018; x_wconf 64' lang='grc' dir='ltr'>ἔποχος</span> <span class='ocrx_word' id='word_1_234' title='bbox 2665 1947 2930 2020; x_wconf 69' lang='grc' dir='ltr'>γενεσθαι,</span> <span class='ocrx_word' id='word_1_235' title='bbox 2973 1946 3060 2002; x_wconf 84' lang='grc' dir='ltr'>ἐπὶ</span> <span class='ocrx_word' id='word_1_236' title='bbox 3123 1947 3434 2022; x_wconf 77' lang='grc' dir='ltr'>σκίμποδος</span> <span class='ocrx_word' id='word_1_237' title='bbox 3486 1949 3668 2020; x_wconf 70' lang='grc' dir='ltr'>ἑαυτὴν</span> <span class='ocrx_word' id='word_1_238' title='bbox 3717 1949 3817 2005; x_wconf 74' lang='grc' dir='ltr'>ἀνα-</span> 
     </span>
    </p>
   </div>
   <div class='ocr_carea' id='block_1_36' title="bbox 2206 2030 3816 2108">
    <p class='ocr_par' dir='ltr' id='par_1_36' title="bbox 2206 2030 3816 2108">
     <span class='ocr_line' id='line_1_36' title="bbox 2206 2030 3816 2108; baseline 0.004 -22"><span class='ocrx_word' id='word_1_239' title='bbox 2206 2030 2434 2088; x_wconf 89' lang='grc' dir='ltr'>κλίνασα</span> <span class='ocrx_word' id='word_1_240' title='bbox 2490 2033 2592 2088; x_wconf 78' lang='grc' dir='ltr'>-καὶ</span> <span class='ocrx_word' id='word_1_241' title='bbox 2655 2035 3001 2107; x_wconf 78' lang='grc' dir='ltr'>τριακοσίους</span> <span class='ocrx_word' id='word_1_242' title='bbox 3054 2041 3164 2093; x_wconf 87' lang='grc' dir='ltr'>τῶν</span> <span class='ocrx_word' id='word_1_243' title='bbox 3237 2039 3468 2094; x_wconf 77' lang='grc' dir='ltr'>οἰκετῶν</span> <span class='ocrx_word' id='word_1_244' title='bbox 3556 2035 3816 2108; x_wconf 71' lang='grc' dir='ltr'>ἁπολέξαστ</span> 
     </span>
    </p>
   </div>
   <div class='ocr_carea' id='block_1_37' title="bbox 2205 2120 3811 2205">
    <p class='ocr_par' dir='ltr' id='par_1_37' title="bbox 2205 2120 3811 2205">
     <span class='ocr_line' id='line_1_37' title="bbox 2205 2120 3811 2205; baseline 0.004 -30"><span class='ocrx_word' id='word_1_245' title='bbox 2205 2120 2358 2184; x_wconf 78' lang='grc' dir='ltr'>νέους</span> <span class='ocrx_word' id='word_1_246' title='bbox 2390 2121 2480 2176; x_wconf 82' lang='grc' dir='ltr'>καὶ</span> <span class='ocrx_word' id='word_1_247' title='bbox 2516 2123 2800 2202; x_wconf 79' lang='grc' dir='ltr'>ἰσχυροὺς,</span> <span class='ocrx_word' id='word_1_248' title='bbox 2827 2125 3202 2200; x_wconf 79' lang='grc' dir='ltr'>βασταζομὲνη</span> <span class='ocrx_word' id='word_1_249' title='bbox 3235 2133 3336 2197; x_wconf 77' lang='grc' dir='ltr'>τῆς</span> <span class='ocrx_word' id='word_1_250' title='bbox 3387 2127 3616 2204; x_wconf 83' lang='grc' dir='ltr'>πορείας</span> <span class='ocrx_word' id='word_1_251' title='bbox 3666 2125 3811 2205; x_wconf 69' lang='grc' dir='ltr'>εἴχετο</span> 
     </span>
    </p>
   </div>
   <div class='ocr_carea' id='block_1_38' title="bbox 2206 2207 3813 2289">
    <p class='ocr_par' dir='ltr' id='par_1_38' title="bbox 2206 2207 3813 2289">
     <span class='ocr_line' id='line_1_38' title="bbox 2206 2207 3813 2289; baseline 0.004 -25"><span class='ocrx_word' id='word_1_252' title='bbox 2206 2207 2510 2282; x_wconf 72' lang='grc' dir='ltr'>ἀμοιϐαδὸν</span> <span class='ocrx_word' id='word_1_253' title='bbox 2543 2212 2804 2287; x_wconf 62' lang='grc' dir='ltr'>αἶ’ρόντων</span> <span class='ocrx_word' id='word_1_254' title='bbox 2853 2214 2944 2270; x_wconf 75' lang='grc' dir='ltr'>τόν</span> <span class='ocrx_word' id='word_1_255' title='bbox 2987 2213 3286 2289; x_wconf 83' lang='grc' dir='ltr'>σκίμποδα.</span> <span class='ocrx_word' id='word_1_256' title='bbox 3342 2211 3732 2273; x_wconf 74' lang='grc' dir='ltr'>Καταλαεοῦσα</span> <span class='ocrx_word' id='word_1_257' title='bbox 3769 2213 3813 2270; x_wconf 78' lang='grc' dir='ltr'>δὶ</span> 
     </span>
    </p>
   </div>
   <div class='ocr_carea' id='block_1_39' title="bbox 2129 1998 2176 2064">
    <p class='ocr_par' dir='ltr' id='par_1_39' title="bbox 2129 1998 2176 2064">
     <span class='ocr_line' id='line_1_39' title="bbox 2129 1998 2176 2064; baseline 0 0"><span class='ocrx_word' id='word_1_258' title='bbox 2129 1998 2176 2064; x_wconf 88' lang='grc' dir='ltr'>Β</span> 
     </span>
    </p>
   </div>
   <div class='ocr_carea' id='block_1_40' title="bbox 2203 2299 3826 2383">
    <p class='ocr_par' dir='ltr' id='par_1_40' title="bbox 2203 2299 3826 2383">
     <span class='ocr_line' id='line_1_40' title="bbox 2203 2299 3826 2383; baseline 0.003 -29"><span class='ocrx_word' id='word_1_259' title='bbox 2203 2299 2304 2367; x_wconf 75' lang='grc' dir='ltr'>τὴν</span> <span class='ocrx_word' id='word_1_260' title='bbox 2340 2299 2598 2374; x_wconf 81' lang='grc' dir='ltr'>βασιλίδα</span> <span class='ocrx_word' id='word_1_261' title='bbox 2629 2307 2736 2358; x_wconf 83' lang='grc' dir='ltr'>τῶν</span> <span class='ocrx_word' id='word_1_262' title='bbox 2767 2303 3003 2368; x_wconf 84' lang='grc' dir='ltr'>πόλεων,</span> <span class='ocrx_word' id='word_1_263' title='bbox 3038 2301 3214 2383; x_wconf 79' lang='grc' dir='ltr'>δοχῆς</span> <span class='ocrx_word' id='word_1_264' title='bbox 3253 2305 3568 2381; x_wconf 73' lang='grc' dir='ltr'>γενομένης</span> <span class='ocrx_word' id='word_1_265' title='bbox 3618 2305 3686 2370; x_wconf 83' lang='grc' dir='ltr'>ὠς</span> <span class='ocrx_word' id='word_1_266' title='bbox 3723 2302 3826 2370; x_wconf 76' lang='grc' dir='ltr'>ἔθος</span> 
     </span>
    </p>
   </div>
   <div class='ocr_carea' id='block_1_41' title="bbox 2203 2385 3814 2469">
    <p class='ocr_par' dir='ltr' id='par_1_41' title="bbox 2203 2385 3814 2469">
     <span class='ocr_line' id='line_1_41' title="bbox 2203 2385 3814 2469; baseline 0.009 -29"><span class='ocrx_word' id='word_1_267' title='bbox 2203 2385 2256 2440; x_wconf 90' lang='grc' dir='ltr'>ἐν</span> <span class='ocrx_word' id='word_1_268' title='bbox 2315 2391 2383 2460; x_wconf 79' lang='grc' dir='ltr'>τῇ</span> <span class='ocrx_word' id='word_1_269' title='bbox 2443 2391 2756 2465; x_wconf 73' lang='grc' dir='ltr'>Μαγναύρᾳ,</span> <span class='ocrx_word' id='word_1_270' title='bbox 2815 2391 3048 2468; x_wconf 71' lang='grc' dir='ltr'>είσηχθη</span> <span class='ocrx_word' id='word_1_271' title='bbox 3108 2395 3245 2467; x_wconf 81' lang='grc' dir='ltr'>πρὸς</span> <span class='ocrx_word' id='word_1_272' title='bbox 3317 2394 3554 2469; x_wconf 81' lang='grc' dir='ltr'>βασιλέα</span> <span class='ocrx_word' id='word_1_273' title='bbox 3605 2393 3814 2467; x_wconf 77' lang='grc' dir='ltr'>ἐντίμως,</span> 
     </span>
    </p>
   </div>
   <div class='ocr_carea' id='block_1_42' title="bbox 2203 2475 3817 2555">
    <p class='ocr_par' dir='ltr' id='par_1_42' title="bbox 2203 2475 3817 2555">
     <span class='ocr_line' id='line_1_42' title="bbox 2203 2475 3817 2555; baseline 0.002 -25"><span class='ocrx_word' id='word_1_274' title='bbox 2203 2475 2558 2551; x_wconf 70' lang='grc' dir='ltr'>εἰσαγαγοῦσα</span> <span class='ocrx_word' id='word_1_275' title='bbox 2607 2479 2698 2533; x_wconf 83' lang='grc' dir='ltr'>καὶ</span> <span class='ocrx_word' id='word_1_276' title='bbox 2761 2477 2909 2555; x_wconf 79' lang='grc' dir='ltr'>δῶρα</span> <span class='ocrx_word' id='word_1_277' title='bbox 2975 2479 3281 2552; x_wconf 82' lang='grc' dir='ltr'>πολυτελῆ·</span> <span class='ocrx_word' id='word_1_278' title='bbox 3342 2482 3420 2537; x_wconf 87' lang='grc' dir='ltr'>ὧν</span> <span class='ocrx_word' id='word_1_279' title='bbox 3497 2479 3707 2538; x_wconf 68' lang='grc' dir='ltr'>ἕκαστον</span> <span class='ocrx_word' id='word_1_280' title='bbox 3755 2479 3817 2535; x_wconf 83' lang='grc' dir='ltr'>δι-</span> 
     </span>
    </p>
   </div>
   <div class='ocr_carea' id='block_1_43' title="bbox 2202 2564 3817 2648">
    <p class='ocr_par' dir='ltr' id='par_1_43' title="bbox 2202 2564 3817 2648">
     <span class='ocr_line' id='line_1_43' title="bbox 2202 2564 3817 2648; baseline 0.002 -28"><span class='ocrx_word' id='word_1_281' title='bbox 2202 2564 2391 2634; x_wconf 76' lang='grc' dir='ltr'>εξιέναι</span> <span class='ocrx_word' id='word_1_282' title='bbox 2451 2567 2842 2642; x_wconf 77' lang='grc' dir='ltr'>ἂπειροκαλίας</span> <span class='ocrx_word' id='word_1_283' title='bbox 2898 2570 3109 2648; x_wconf 76' lang='grc' dir='ltr'>γραφὴν</span> <span class='ocrx_word' id='word_1_284' title='bbox 3170 2573 3254 2642; x_wconf 81' lang='grc' dir='ltr'>[Ρ.</span> <span class='ocrx_word' id='word_1_285' title='bbox 3314 2573 3444 2646; x_wconf 80' lang='lat'>587]</span> <span class='ocrx_word' id='word_1_286' title='bbox 3521 2569 3817 2648; x_wconf 71' lang='grc' dir='ltr'>παρεισάγει.</span> 
     </span>
    </p>
   </div>
   <div class='ocr_carea' id='block_1_44' title="bbox 2199 2651 3821 2734">
    <p class='ocr_par' dir='ltr' id='par_1_44' title="bbox 2199 2651 3821 2734">
     <span class='ocr_line' id='line_1_44' title="bbox 2199 2651 3821 2734; baseline 0.002 -23"><span class='ocrx_word' id='word_1_287' title='bbox 2199 2651 2606 2730; x_wconf 77' lang='grc' dir='ltr'>*Αποδεχθεῖσα</span> <span class='ocrx_word' id='word_1_288' title='bbox 2636 2654 2694 2712; x_wconf 74' lang='grc' dir='ltr'>δὲ</span> <span class='ocrx_word' id='word_1_289' title='bbox 2724 2656 3012 2732; x_wconf 71' lang='grc' dir='ltr'>ἀναλόγως</span> <span class='ocrx_word' id='word_1_290' title='bbox 3042 2664 3144 2729; x_wconf 79' lang='grc' dir='ltr'>τῆς</span> <span class='ocrx_word' id='word_1_291' title='bbox 3175 2661 3512 2734; x_wconf 80' lang='grc' dir='ltr'>προθυμίας,</span> <span class='ocrx_word' id='word_1_292' title='bbox 3542 2661 3631 2715; x_wconf 79' lang='grc' dir='ltr'>καὶ</span> <span class='ocrx_word' id='word_1_293' title='bbox 3676 2657 3821 2715; x_wconf 71' lang='grc' dir='ltr'>ἐνδια-</span> 
     </span>
    </p>
   </div>
   <div class='ocr_carea' id='block_1_45' title="bbox 447 2301 2090 2374">
    <p class='ocr_par' dir='ltr' id='par_1_45' title="bbox 447 2301 2090 2374">
     <span class='ocr_line' id='line_1_45' title="bbox 447 2301 2090 2374; baseline -0.001 -18"><span class='ocrx_word' id='word_1_294' title='bbox 447 2303 704 2374; x_wconf 85' lang='lat' dir='ltr'><strong>Excepta</strong></span> <span class='ocrx_word' id='word_1_295' title='bbox 731 2301 804 2356; x_wconf 87' lang='lat' dir='ltr'>ab</span> <span class='ocrx_word' id='word_1_296' title='bbox 836 2303 1196 2373; x_wconf 87' lang='lat' dir='ltr'><strong>imperatore</strong></span> <span class='ocrx_word' id='word_1_297' title='bbox 1226 2307 1293 2357; x_wconf 86' lang='lat' dir='ltr'>ut</span> <span class='ocrx_word' id='word_1_298' title='bbox 1323 2301 1584 2358; x_wconf 87' lang='lat' dir='ltr'><strong>studium</strong></span> <span class='ocrx_word' id='word_1_299' title='bbox 1627 2303 1756 2373; x_wconf 87' lang='lat' dir='ltr'><strong>ejus</strong></span> <span class='ocrx_word' id='word_1_300' title='bbox 1811 2301 2090 2356; x_wconf 75' lang='lat' dir='ltr'><strong>mereba-</strong></span> 
     </span>
    </p>
   </div>
   <div class='ocr_carea' id='block_1_46' title="bbox 443 2389 2092 2462">
    <p class='ocr_par' dir='ltr' id='par_1_46' title="bbox 443 2389 2092 2462">
     <span class='ocr_line' id='line_1_46' title="bbox 443 2389 2092 2462; baseline 0 -17"><span class='ocrx_word' id='word_1_301' title='bbox 443 2396 625 2452; x_wconf 86' lang='lat' dir='ltr'><strong>tur.et</strong></span> <span class='ocrx_word' id='word_1_302' title='bbox 641 2389 907 2461; x_wconf 89' lang='lat' dir='ltr'><strong>quandiu</strong></span> <span class='ocrx_word' id='word_1_303' title='bbox 931 2391 1057 2462; x_wconf 88' lang='lat' dir='ltr'><strong>ipsa</strong></span> <span class='ocrx_word' id='word_1_304' title='bbox 1073 2389 1310 2446; x_wconf 89' lang='lat' dir='ltr'><strong>volebat</strong></span> <span class='ocrx_word' id='word_1_305' title='bbox 1339 2393 1400 2445; x_wconf 88' lang='lat' dir='ltr'>in</span> <span class='ocrx_word' id='word_1_306' title='bbox 1423 2389 1566 2446; x_wconf 86' lang='lat' dir='ltr'><strong>urbe</strong></span> <span class='ocrx_word' id='word_1_307' title='bbox 1594 2391 2092 2457; x_wconf 88' lang='lat' dir='ltr'><strong>morata,domum</strong></span> 
     </span>
    </p>
   </div>
   <div class='ocr_carea' id='block_1_47' title="bbox 446 2477 2092 2550">
    <p class='ocr_par' dir='ltr' id='par_1_47' title="bbox 446 2477 2092 2550">
     <span class='ocr_line' id='line_1_47' title="bbox 446 2477 2092 2550; baseline 0 -18"><span class='ocrx_word' id='word_1_308' title='bbox 446 2477 585 2534; x_wconf 89' lang='lat' dir='ltr'><strong>inde</strong></span> <span class='ocrx_word' id='word_1_309' title='bbox 641 2477 838 2532; x_wconf 88' lang='lat' dir='ltr'><strong>rediit.</strong></span> <span class='ocrx_word' id='word_1_310' title='bbox 899 2478 1123 2533; x_wconf 86' lang='lat' dir='ltr'><strong>Mortuo</strong></span> <span class='ocrx_word' id='word_1_311' title='bbox 1183 2479 1360 2533; x_wconf 89' lang='lat' dir='ltr'><strong>etiam</strong></span> <span class='ocrx_word' id='word_1_312' title='bbox 1420 2478 1656 2546; x_wconf 86' lang='lat' dir='ltr'><strong>Basilio,</strong></span> <span class='ocrx_word' id='word_1_313' title='bbox 1705 2484 1761 2532; x_wconf 80' lang='lat' dir='ltr'>et</span> <span class='ocrx_word' id='word_1_314' title='bbox 1793 2477 1921 2550; x_wconf 81' lang='lat' dir='ltr'><strong>ejus</strong></span> <span class='ocrx_word' id='word_1_315' title='bbox 1969 2479 2092 2534; x_wconf 84' lang='lat' dir='ltr'><strong>tilio</strong></span> 
     </span>
    </p>
   </div>
   <div class='ocr_carea' id='block_1_48' title="bbox 449 2565 2094 2638">
    <p class='ocr_par' dir='ltr' id='par_1_48' title="bbox 449 2565 2094 2638">
     <span class='ocr_line' id='line_1_48' title="bbox 449 2565 2094 2638; baseline 0 -16"><span class='ocrx_word' id='word_1_316' title='bbox 449 2567 638 2622; x_wconf 90' lang='lat' dir='ltr'><strong>Leone</strong></span> <span class='ocrx_word' id='word_1_317' title='bbox 671 2565 987 2637; x_wconf 89' lang='lat' dir='ltr'><strong>imperium</strong></span> <span class='ocrx_word' id='word_1_318' title='bbox 1025 2567 1256 2638; x_wconf 90' lang='lat' dir='ltr'><strong>adepto,</strong></span> <span class='ocrx_word' id='word_1_319' title='bbox 1301 2582 1506 2622; x_wconf 89' lang='lat' dir='ltr'><strong>rursus</strong></span> <span class='ocrx_word' id='word_1_320' title='bbox 1537 2567 1744 2638; x_wconf 88' lang='lat' dir='ltr'><strong>Cpolin</strong></span> <span class='ocrx_word' id='word_1_321' title='bbox 1799 2565 2094 2622; x_wconf 87' lang='lat' dir='ltr'><strong>similibus</strong></span> 
     </span>
    </p>
   </div>
   <div class='ocr_carea' id='block_1_49' title="bbox 445 2653 2092 2728">
    <p class='ocr_par' dir='ltr' id='par_1_49' title="bbox 445 2653 2092 2728">
     <span class='ocr_line' id='line_1_49' title="bbox 445 2653 2092 2728; baseline -0.001 -17"><span class='ocrx_word' id='word_1_322' title='bbox 445 2671 581 2712; x_wconf 87' lang='lat' dir='ltr'>cum</span> <span class='ocrx_word' id='word_1_323' title='bbox 608 2653 780 2712; x_wconf 87' lang='lat' dir='ltr'><strong>donis</strong></span> <span class='ocrx_word' id='word_1_324' title='bbox 813 2655 970 2710; x_wconf 88' lang='lat' dir='ltr'><strong>venit</strong></span> <span class='ocrx_word' id='word_1_325' title='bbox 1005 2671 1018 2720; x_wconf 90' lang='lat'>;</span> <span class='ocrx_word' id='word_1_326' title='bbox 1071 2669 1326 2727; x_wconf 88' lang='lat' dir='ltr'><strong>cumque</strong></span> <span class='ocrx_word' id='word_1_327' title='bbox 1392 2654 1736 2727; x_wconf 88' lang='lat' dir='ltr'><strong>imperatori</strong></span> <span class='ocrx_word' id='word_1_328' title='bbox 1799 2654 2092 2728; x_wconf 81' lang='lat' dir='ltr'><strong>gratulata</strong></span> 
     </span>
    </p>
   </div>
   <div class='ocr_carea' id='block_1_50' title="bbox 445 2743 2080 2825">
    <p class='ocr_par' dir='ltr' id='par_1_50' title="bbox 445 2743 2080 2816">
     <span class='ocr_line' id='line_1_50' title="bbox 445 2743 2080 2816; baseline -0.001 -15"><span class='ocrx_word' id='word_1_329' title='bbox 445 2751 601 2802; x_wconf 87' lang='lat' dir='ltr'><strong>esset</strong></span> <span class='ocrx_word' id='word_1_330' title='bbox 624 2759 879 2816; x_wconf 90' lang='lat' dir='ltr'><strong>eumque</strong></span> <span class='ocrx_word' id='word_1_331' title='bbox 903 2743 1202 2800; x_wconf 68' lang='lat' dir='ltr'><strong>haeredem</strong></span> <span class='ocrx_word' id='word_1_332' title='bbox 1225 2743 1848 2812; x_wconf 88' lang='lat' dir='ltr'><strong>instituisset,domum</strong></span> <span class='ocrx_word' id='word_1_333' title='bbox 1861 2759 2080 2800; x_wconf 79' lang='lat' dir='ltr'><strong>reversa</strong></span> 
     </span>
    </p>
   </div>
   <div class='ocr_carea' id='block_1_51' title="bbox 2194 2743 3820 2825">
    <p class='ocr_par' dir='ltr' id='par_1_51' title="bbox 2201 2743 3820 2825">
     <span class='ocr_line' id='line_1_51' title="bbox 2201 2743 3820 2825; baseline 0.001 -25"><span class='ocrx_word' id='word_1_334' title='bbox 2201 2743 2436 2818; x_wconf 82' lang='grc' dir='ltr'>τρίψασα</span> <span class='ocrx_word' id='word_1_335' title='bbox 2465 2748 2534 2818; x_wconf 87' lang='grc' dir='ltr'>τῇ</span> <span class='ocrx_word' id='word_1_336' title='bbox 2567 2743 2814 2819; x_wconf 82' lang='grc' dir='ltr'>βασιλίδι</span> <span class='ocrx_word' id='word_1_337' title='bbox 2845 2744 2928 2823; x_wconf 78' lang='grc' dir='ltr'>ἐφ’</span> <span class='ocrx_word' id='word_1_338' title='bbox 2988 2747 3114 2802; x_wconf 82' lang='grc' dir='ltr'>ὅσον</span> <span class='ocrx_word' id='word_1_339' title='bbox 3174 2747 3316 2822; x_wconf 76' lang='grc' dir='ltr'>αὐτῇ</span> <span class='ocrx_word' id='word_1_340' title='bbox 3371 2747 3544 2825; x_wconf 74' lang='grc' dir='ltr'>φίλον</span> <span class='ocrx_word' id='word_1_341' title='bbox 3581 2752 3668 2818; x_wconf 77' lang='grc' dir='ltr'>ἦν,</span> <span class='ocrx_word' id='word_1_342' title='bbox 3714 2750 3820 2822; x_wconf 69' lang='grc' dir='ltr'>πρὸς</span> 
     </span>
    </p>
   </div>
   <div class='ocr_carea' id='block_1_52' title="bbox 441 2833 2080 2914">
    <p class='ocr_par' dir='ltr' id='par_1_52' title="bbox 441 2833 1810 2906">
     <span class='ocr_line' id='line_1_52' title="bbox 441 2833 1810 2906; baseline 0 -16"><span class='ocrx_word' id='word_1_343' title='bbox 441 2833 617 2906; x_wconf 88' lang='lat' dir='ltr'><strong>paulo</strong></span> <span class='ocrx_word' id='word_1_344' title='bbox 649 2839 779 2906; x_wconf 89' lang='lat' dir='ltr'><strong>post</strong></span> <span class='ocrx_word' id='word_1_345' title='bbox 807 2833 991 2890; x_wconf 85' lang='lat' dir='ltr'><strong>vitam</strong></span> <span class='ocrx_word' id='word_1_346' title='bbox 1023 2848 1157 2889; x_wconf 89' lang='lat' dir='ltr'>cum</span> <span class='ocrx_word' id='word_1_347' title='bbox 1180 2839 1377 2889; x_wconf 88' lang='lat' dir='ltr'><strong>morte</strong></span> <span class='ocrx_word' id='word_1_348' title='bbox 1410 2833 1810 2890; x_wconf 79' lang='lat' dir='ltr'><strong>commutavit.</strong></span> 
     </span>
    </p>
   </div>
   <div class='ocr_carea' id='block_1_53' title="bbox 2194 2833 3820 2914">
    <p class='ocr_par' dir='ltr' id='par_1_53' title="bbox 2200 2833 3820 2914">
     <span class='ocr_line' id='line_1_53' title="bbox 2200 2833 3820 2914; baseline 0.001 -27"><span class='ocrx_word' id='word_1_349' title='bbox 2200 2833 2303 2901; x_wconf 83' lang='grc' dir='ltr'>τήν</span> <span class='ocrx_word' id='word_1_350' title='bbox 2351 2833 2556 2889; x_wconf 78' lang='grc' dir='ltr'>οἰκείαν</span> <span class='ocrx_word' id='word_1_351' title='bbox 2617 2836 2806 2914; x_wconf 86' lang='grc' dir='ltr'>χώραν</span> <span class='ocrx_word' id='word_1_352' title='bbox 2863 2835 3316 2908; x_wconf 84' lang='grc' dir='ltr'>ἀνθυπενόστησε.</span> <span class='ocrx_word' id='word_1_353' title='bbox 3379 2833 3588 2904; x_wconf 79' lang='grc' dir='ltr'>Συνέϐη</span> <span class='ocrx_word' id='word_1_354' title='bbox 3617 2835 3661 2892; x_wconf 88' lang='grc' dir='ltr'>δ’</span> <span class='ocrx_word' id='word_1_355' title='bbox 3686 2835 3820 2904; x_wconf 70' lang='grc' dir='ltr'>αὐτὴν</span> 
     </span>
    </p>
   </div>
   <div class='ocr_carea' id='block_1_54' title="bbox 435 2919 3818 3002">
    <p class='ocr_par' dir='ltr' id='par_1_54' title="bbox 435 2919 3818 3002">
     <span class='ocr_line' id='line_1_54' title="bbox 435 2919 3818 3002; baseline 0.001 -26"><span class='ocrx_word' id='word_1_356' title='bbox 435 2921 527 2976; x_wconf 83' lang='grc' dir='ltr'>καὶ</span> <span class='ocrx_word' id='word_1_357' title='bbox 575 2919 740 2976; x_wconf 69' lang='grc' dir='ltr'>πάλιν</span> <span class='ocrx_word' id='word_1_358' title='bbox 791 2919 1048 2996; x_wconf 75' lang='grc' dir='ltr'>είσεγθεῖν</span> <span class='ocrx_word' id='word_1_359' title='bbox 1105 2919 1180 2982; x_wconf 68' lang='grc' dir='ltr'>εἷς</span> <span class='ocrx_word' id='word_1_360' title='bbox 1234 2921 1334 2990; x_wconf 69' lang='grc' dir='ltr'>τὴν</span> <span class='ocrx_word' id='word_1_361' title='bbox 1397 2919 1671 2996; x_wconf 82' lang='grc' dir='ltr'>βασιλίδα⁸</span> <span class='ocrx_word' id='word_1_362' title='bbox 1729 2925 1826 2976; x_wconf 75' lang='grc' dir='ltr'>τοῦ</span> <span class='ocrx_word' id='word_1_363' title='bbox 1881 2923 1983 2997; x_wconf 67' lang='grc' dir='ltr'>γὰρ</span> <span class='ocrx_word' id='word_1_364' title='bbox 2039 2921 2330 2978; x_wconf 81' lang='grc' dir='ltr'>Βασιλείου</span> <span class='ocrx_word' id='word_1_365' title='bbox 2387 2923 2752 2988; x_wconf 81' lang='grc' dir='ltr'>ἀποθανόντος</span> <span class='ocrx_word' id='word_1_366' title='bbox 2813 2925 2901 2982; x_wconf 66' lang='grc' dir='ltr'>καὶ</span> <span class='ocrx_word' id='word_1_367' title='bbox 2959 2927 3057 2996; x_wconf 80' lang='grc' dir='ltr'>τὴν</span> <span class='ocrx_word' id='word_1_368' title='bbox 3113 2925 3296 3002; x_wconf 80' lang='grc' dir='ltr'>ἁρχήν</span> <span class='ocrx_word' id='word_1_369' title='bbox 3349 2931 3451 2983; x_wconf 75' lang='grc' dir='ltr'>τοῦ</span> <span class='ocrx_word' id='word_1_370' title='bbox 3510 2930 3627 2982; x_wconf 83' lang='grc' dir='ltr'>υἱοῦ</span> <span class='ocrx_word' id='word_1_371' title='bbox 3686 2926 3818 2982; x_wconf 82' lang='grc' dir='ltr'>αὖτοῦ</span> 
     </span>
    </p>
   </div>
   <div class='ocr_carea' id='block_1_55' title="bbox 439 3007 3816 3089">
    <p class='ocr_par' dir='ltr' id='par_1_55' title="bbox 439 3007 3816 3089">
     <span class='ocr_line' id='line_1_55' title="bbox 439 3007 3816 3089; baseline 0.001 -23"><span class='ocrx_word' id='word_1_372' title='bbox 439 3012 670 3072; x_wconf 81' lang='grc' dir='ltr'>Λέοντος</span> <span class='ocrx_word' id='word_1_373' title='bbox 703 3007 1084 3082; x_wconf 68' lang='grc' dir='ltr'>διαδεξαμένου</span> <span class='ocrx_word' id='word_1_374' title='bbox 1118 3007 1340 3075; x_wconf 80' lang='grc' dir='ltr'>είσῆλθε</span> <span class='ocrx_word' id='word_1_375' title='bbox 1381 3007 1802 3088; x_wconf 74' lang='grc' dir='ltr'>πάλινήγραῦς</span> <span class='ocrx_word' id='word_1_376' title='bbox 1866 3010 1980 3083; x_wconf 76' lang='grc' dir='ltr'>μεθ’</span> <span class='ocrx_word' id='word_1_377' title='bbox 2039 3010 2246 3084; x_wconf 82' lang='grc' dir='ltr'>ὁμοίων</span> <span class='ocrx_word' id='word_1_378' title='bbox 2300 3015 2408 3067; x_wconf 82' lang='grc' dir='ltr'>τῶν</span> <span class='ocrx_word' id='word_1_379' title='bbox 2465 3010 2682 3088; x_wconf 86' lang='grc' dir='ltr'>δώρων,</span> <span class='ocrx_word' id='word_1_380' title='bbox 2737 3015 2826 3069; x_wconf 83' lang='grc' dir='ltr'>καὶ</span> <span class='ocrx_word' id='word_1_381' title='bbox 2894 3018 3086 3070; x_wconf 84' lang='grc' dir='ltr'>τοῦτον</span> <span class='ocrx_word' id='word_1_382' title='bbox 3152 3014 3510 3089; x_wconf 73' lang='grc' dir='ltr'>ἀσπασαμένη</span> <span class='ocrx_word' id='word_1_383' title='bbox 3564 3017 3648 3072; x_wconf 70' lang='grc' dir='ltr'>καί</span> <span class='ocrx_word' id='word_1_384' title='bbox 3698 3015 3816 3083; x_wconf 81' lang='grc' dir='ltr'>κλη-</span> 
     </span>
    </p>
   </div>
   <div class='ocr_carea' id='block_1_56' title="bbox 439 3097 3810 3178">
    <p class='ocr_par' dir='ltr' id='par_1_56' title="bbox 439 3097 3810 3178">
     <span class='ocr_line' id='line_1_56' title="bbox 439 3097 3810 3178; baseline 0.001 -25"><span class='ocrx_word' id='word_1_385' title='bbox 439 3097 671 3174; x_wconf 86' lang='grc' dir='ltr'>ρονόμον</span> <span class='ocrx_word' id='word_1_386' title='bbox 725 3105 828 3170; x_wconf 81' lang='grc' dir='ltr'>τῆς</span> <span class='ocrx_word' id='word_1_387' title='bbox 893 3098 1171 3176; x_wconf 69' lang='grc' dir='ltr'>ὑπάρξεως</span> <span class='ocrx_word' id='word_1_388' title='bbox 1221 3097 1491 3174; x_wconf 69' lang='grc' dir='ltr'>γράψασα,</span> <span class='ocrx_word' id='word_1_389' title='bbox 1549 3097 1888 3155; x_wconf 74' lang='grc' dir='ltr'>κατελθοῦσα</span> <span class='ocrx_word' id='word_1_390' title='bbox 1943 3099 2020 3162; x_wconf 51' lang='lat' dir='ltr'><strong>si:</strong></span> <span class='ocrx_word' id='word_1_391' title='bbox 2075 3102 2143 3156; x_wconf 77' lang='grc' dir='ltr'>τὰ</span> <span class='ocrx_word' id='word_1_392' title='bbox 2195 3098 2314 3156; x_wconf 73' lang='grc' dir='ltr'>ἲδια</span> <span class='ocrx_word' id='word_1_393' title='bbox 2371 3101 2505 3174; x_wconf 84' lang='grc' dir='ltr'>μετᾶ</span> <span class='ocrx_word' id='word_1_394' title='bbox 2565 3102 2758 3178; x_wconf 86' lang='grc' dir='ltr'>μικρὸν</span> <span class='ocrx_word' id='word_1_395' title='bbox 2847 3102 3219 3176; x_wconf 70' lang='grc' dir='ltr'>ἐτελεύτησεν.</span> <span class='ocrx_word' id='word_1_396' title='bbox 3297 3103 3480 3162; x_wconf 79' lang='grc' dir='ltr'>Ἀλλὰ</span> <span class='ocrx_word' id='word_1_397' title='bbox 3527 3108 3686 3161; x_wconf 78' lang='grc' dir='ltr'>ταῦτα</span> <span class='ocrx_word' id='word_1_398' title='bbox 3737 3101 3810 3177; x_wconf 80' lang='grc' dir='ltr'>μὶν</span> 
     </span>
    </p>
   </div>
   <div class='ocr_carea' id='block_1_57' title="bbox 439 3189 682 3262">
    <p class='ocr_par' dir='ltr' id='par_1_57' title="bbox 439 3189 682 3262">
     <span class='ocr_line' id='line_1_57' title="bbox 439 3189 682 3262; baseline 0.012 -21"><span class='ocrx_word' id='word_1_399' title='bbox 439 3189 682 3262; x_wconf 68' lang='grc' dir='ltr'>ὕστερον.</span> 
     </span>
    </p>
   </div>
   <div class='ocr_carea' id='block_1_58' title="bbox 509 3278 2080 3357">
    <p class='ocr_par' dir='ltr' id='par_1_58' title="bbox 509 3278 2080 3356">
     <span class='ocr_line' id='line_1_58' title="bbox 509 3278 2080 3356; baseline 0.001 -22"><span class='ocrx_word' id='word_1_400' title='bbox 509 3279 672 3334; x_wconf 89' lang='lat' dir='ltr'><strong>Idem</strong></span> <span class='ocrx_word' id='word_1_401' title='bbox 694 3279 945 3336; x_wconf 86' lang='lat' dir='ltr'><strong>Basilius</strong></span> <span class='ocrx_word' id='word_1_402' title='bbox 978 3280 1159 3335; x_wconf 88' lang='lat' dir='ltr'><strong>multa</strong></span> <span class='ocrx_word' id='word_1_403' title='bbox 1191 3278 1413 3352; x_wconf 89' lang='lat' dir='ltr'><strong>templa</strong></span> <span class='ocrx_word' id='word_1_404' title='bbox 1429 3285 1600 3336; x_wconf 59' lang='lat' dir='ltr'><strong>terra;</strong></span> <span class='ocrx_word' id='word_1_405' title='bbox 1622 3278 1880 3336; x_wconf 79' lang='lat' dir='ltr'><strong>motibus</strong></span> <span class='ocrx_word' id='word_1_406' title='bbox 1910 3295 2080 3356; x_wconf 87' lang='lat' dir='ltr'><strong>supe-</strong></span> 
     </span>
    </p>
   </div>
   <div class='ocr_carea' id='block_1_59' title="bbox 2194 3278 3808 3357">
    <p class='ocr_par' dir='ltr' id='par_1_59' title="bbox 2266 3278 3808 3357">
     <span class='ocr_line' id='line_1_59' title="bbox 2266 3278 3808 3357; baseline 0 -20"><span class='ocrx_word' id='word_1_407' title='bbox 2266 3279 2548 3344; x_wconf 80' lang='grc' dir='ltr'>Βασίλειος</span> <span class='ocrx_word' id='word_1_408' title='bbox 2582 3278 2638 3336; x_wconf 73' lang='grc' dir='ltr'>δὲ</span> <span class='ocrx_word' id='word_1_409' title='bbox 2669 3281 2696 3336; x_wconf 85' lang='grc' dir='ltr'>ό</span> <span class='ocrx_word' id='word_1_410' title='bbox 2732 3279 2985 3357; x_wconf 79' lang='grc' dir='ltr'>βασιλεὺς</span> <span class='ocrx_word' id='word_1_411' title='bbox 3013 3281 3107 3339; x_wconf 77' lang='grc' dir='ltr'>καὶ</span> <span class='ocrx_word' id='word_1_412' title='bbox 3155 3287 3261 3340; x_wconf 82' lang='grc' dir='ltr'>τῶν</span> <span class='ocrx_word' id='word_1_413' title='bbox 3305 3281 3470 3340; x_wconf 84' lang='grc' dir='ltr'>θείων</span> <span class='ocrx_word' id='word_1_414' title='bbox 3519 3289 3651 3340; x_wconf 77' lang='grc' dir='ltr'>ναῶν</span> <span class='ocrx_word' id='word_1_415' title='bbox 3696 3279 3808 3338; x_wconf 70' lang='grc' dir='ltr'>πολι</span> 
     </span>
    </p>
   </div>
   <div class='ocr_carea' id='block_1_60' title="bbox 438 3367 2080 3449">
    <p class='ocr_par' dir='ltr' id='par_1_60' title="bbox 438 3367 2080 3440">
     <span class='ocr_line' id='line_1_60' title="bbox 438 3367 2080 3440; baseline 0.001 -17"><span class='ocrx_word' id='word_1_416' title='bbox 438 3367 665 3424; x_wconf 88' lang='lat' dir='ltr'><strong>riorum</strong></span> <span class='ocrx_word' id='word_1_417' title='bbox 698 3374 1030 3439; x_wconf 89' lang='lat' dir='ltr'><strong>temporum</strong></span> <span class='ocrx_word' id='word_1_418' title='bbox 1053 3374 1229 3440; x_wconf 87' lang='lat' dir='ltr'><strong>rupta</strong></span> <span class='ocrx_word' id='word_1_419' title='bbox 1257 3385 1325 3424; x_wconf 88' lang='lat' dir='ltr'>ac</span> <span class='ocrx_word' id='word_1_420' title='bbox 1356 3385 1646 3424; x_wconf 89' lang='lat' dir='ltr'><strong>concusso</strong></span> <span class='ocrx_word' id='word_1_421' title='bbox 1668 3370 1895 3435; x_wconf 80' lang='lat' dir='ltr'><strong>refecit,</strong></span> <span class='ocrx_word' id='word_1_422' title='bbox 1922 3387 2080 3440; x_wconf 71' lang='lat' dir='ltr'><strong>quaa-</strong></span> 
     </span>
    </p>
   </div>
   <div class='ocr_carea' id='block_1_61' title="bbox 2194 3367 3812 3449">
    <p class='ocr_par' dir='ltr' id='par_1_61' title="bbox 2199 3367 3812 3449">
     <span class='ocr_line' id='line_1_61' title="bbox 2199 3367 3812 3449; baseline -0.001 -25"><span class='ocrx_word' id='word_1_423' title='bbox 2199 3367 2332 3432; x_wconf 70' lang='grc' dir='ltr'>λοῦς</span> <span class='ocrx_word' id='word_1_424' title='bbox 2362 3368 2467 3424; x_wconf 76' lang='grc' dir='ltr'>ὑπὸ</span> <span class='ocrx_word' id='word_1_425' title='bbox 2497 3373 2604 3425; x_wconf 80' lang='grc' dir='ltr'>τῶν</span> <span class='ocrx_word' id='word_1_426' title='bbox 2657 3370 3137 3445; x_wconf 83' lang='grc' dir='ltr'>προηγησαμένων</span> <span class='ocrx_word' id='word_1_427' title='bbox 3197 3371 3408 3428; x_wconf 90' lang='grc' dir='ltr'>κλόνων</span> <span class='ocrx_word' id='word_1_428' title='bbox 3468 3370 3812 3449; x_wconf 69' lang='grc' dir='ltr'>διαβραγέντας</span> 
     </span>
    </p>
   </div>
   <div class='ocr_carea' id='block_1_62' title="bbox 441 3457 2080 3528">
    <p class='ocr_par' dir='ltr' id='par_1_62' title="bbox 441 3457 2080 3528">
     <span class='ocr_line' id='line_1_62' title="bbox 441 3457 2080 3528; baseline 0.002 -18"><span class='ocrx_word' id='word_1_429' title='bbox 441 3457 577 3510; x_wconf 88' lang='lat' dir='ltr'>dam</span> <span class='ocrx_word' id='word_1_430' title='bbox 629 3457 810 3511; x_wconf 88' lang='lat' dir='ltr'><strong>etiam</strong></span> <span class='ocrx_word' id='word_1_431' title='bbox 859 3473 1100 3528; x_wconf 87' lang='lat' dir='ltr'><strong>prorsus</strong></span> <span class='ocrx_word' id='word_1_432' title='bbox 1169 3461 1468 3528; x_wconf 87' lang='lat' dir='ltr'><strong>prostrata</strong></span> <span class='ocrx_word' id='word_1_433' title='bbox 1522 3457 1892 3521; x_wconf 87' lang='lat' dir='ltr'><strong>instauravit,</strong></span> <span class='ocrx_word' id='word_1_434' title='bbox 1956 3458 2080 3514; x_wconf 81' lang='lat' dir='ltr'><strong>aliis</strong></span> 
     </span>
    </p>
   </div>
   <div class='ocr_carea' id='block_1_63' title="bbox 2194 3457 3810 3528">
    <p class='ocr_par' dir='ltr' id='par_1_63' title="bbox 2197 3457 3810 3525">
     <span class='ocr_line' id='line_1_63' title="bbox 2197 3457 3810 3525; baseline 0.002 -16"><span class='ocrx_word' id='word_1_435' title='bbox 2197 3475 2254 3511; x_wconf 87' lang='grc' dir='ltr'>τε</span> <span class='ocrx_word' id='word_1_436' title='bbox 2291 3457 2380 3512; x_wconf 71' lang='grc' dir='ltr'>καί</span> <span class='ocrx_word' id='word_1_437' title='bbox 2436 3457 2899 3525; x_wconf 79' lang='grc' dir='ltr'>κατασεισθέντας,</span> <span class='ocrx_word' id='word_1_438' title='bbox 2957 3458 3111 3524; x_wconf 79' lang='grc' dir='ltr'>τινὰς</span> <span class='ocrx_word' id='word_1_439' title='bbox 3163 3458 3222 3515; x_wconf 71' lang='grc' dir='ltr'>δέ</span> <span class='ocrx_word' id='word_1_440' title='bbox 3285 3461 3376 3516; x_wconf 76' lang='grc' dir='ltr'>καὶ</span> <span class='ocrx_word' id='word_1_441' title='bbox 3439 3460 3635 3522; x_wconf 76' lang='grc' dir='ltr'>τελέως</span> <span class='ocrx_word' id='word_1_442' title='bbox 3683 3478 3810 3514; x_wconf 78' lang='grc' dir='ltr'>κατα-</span> 
     </span>
    </p>
   </div>
   <div class='ocr_carea' id='block_1_64' title="bbox 438 3541 2080 3624">
    <p class='ocr_par' dir='ltr' id='par_1_64' title="bbox 438 3545 2080 3619">
     <span class='ocr_line' id='line_1_64' title="bbox 438 3545 2080 3619; baseline 0.001 -19"><span class='ocrx_word' id='word_1_443' title='bbox 438 3549 791 3602; x_wconf 87' lang='lat' dir='ltr'><strong>ornamenta</strong></span> <span class='ocrx_word' id='word_1_444' title='bbox 841 3549 899 3600; x_wconf 93' lang='lat' dir='ltr'>et</span> <span class='ocrx_word' id='word_1_445' title='bbox 927 3545 1283 3618; x_wconf 83' lang='lat' dir='ltr'><strong>elegantiam</strong></span> <span class='ocrx_word' id='word_1_446' title='bbox 1307 3545 1554 3602; x_wconf 84' lang='lat' dir='ltr'><strong>addidit.</strong></span> <span class='ocrx_word' id='word_1_447' title='bbox 1580 3547 1848 3602; x_wconf 91' lang='lat' dir='ltr'><strong>Primum</strong></span> <span class='ocrx_word' id='word_1_448' title='bbox 1883 3549 2080 3619; x_wconf 89' lang='lat' dir='ltr'><strong>templi</strong></span> 
     </span>
    </p>
   </div>
   <div class='ocr_carea' id='block_1_65' title="bbox 2194 3541 3808 3624">
    <p class='ocr_par' dir='ltr' id='par_1_65' title="bbox 2197 3541 3808 3624">
     <span class='ocr_line' id='line_1_65' title="bbox 2197 3541 3808 3624; baseline 0.004 -24"><span class='ocrx_word' id='word_1_449' title='bbox 2197 3541 2498 3616; x_wconf 73' lang='grc' dir='ltr'>ϐληθέντας</span> <span class='ocrx_word' id='word_1_450' title='bbox 2543 3545 2858 3620; x_wconf 84' lang='grc' dir='ltr'>ἐπιμελείας</span> <span class='ocrx_word' id='word_1_451' title='bbox 2915 3547 3138 3620; x_wconf 75' lang='grc' dir='ltr'>ἠξίωσε,</span> <span class='ocrx_word' id='word_1_452' title='bbox 3196 3551 3324 3616; x_wconf 78' lang='grc' dir='ltr'>τοὺς</span> <span class='ocrx_word' id='word_1_453' title='bbox 3384 3553 3485 3624; x_wconf 73' lang='grc' dir='ltr'>μὲν</span> <span class='ocrx_word' id='word_1_454' title='bbox 3543 3551 3600 3607; x_wconf 82' lang='grc' dir='ltr'>ἐκ</span> <span class='ocrx_word' id='word_1_455' title='bbox 3651 3555 3808 3616; x_wconf 76' lang='grc' dir='ltr'>καινῆς</span> 
     </span>
    </p>
   </div>
   <div class='ocr_carea' id='block_1_66' title="bbox 437 3633 2084 3710">
    <p class='ocr_par' dir='ltr' id='par_1_66' title="bbox 437 3633 2084 3710">
     <span class='ocr_line' id='line_1_66' title="bbox 437 3633 2084 3710; baseline 0.001 -20"><span class='ocrx_word' id='word_1_456' title='bbox 437 3635 752 3706; x_wconf 63' lang='lat' dir='ltr'><strong>sapientiae”</strong></span> <span class='ocrx_word' id='word_1_457' title='bbox 775 3634 877 3690; x_wconf 87' lang='lat' dir='ltr'><strong>Dei</strong></span> <span class='ocrx_word' id='word_1_458' title='bbox 910 3635 1340 3691; x_wconf 84' lang='lat' dir='ltr'><strong>occidentalem</strong></span> <span class='ocrx_word' id='word_1_459' title='bbox 1367 3633 1652 3691; x_wconf 78' lang='lat' dir='ltr'><strong>fornicem</strong></span> <span class='ocrx_word' id='word_1_460' title='bbox 1684 3649 1964 3710; x_wconf 79' lang='lat' dir='ltr'><strong>magnum</strong></span> <span class='ocrx_word' id='word_1_461' title='bbox 1999 3639 2084 3692; x_wconf 89' lang='lat' dir='ltr'><strong>at-</strong></span> 
     </span>
    </p>
   </div>
   <div class='ocr_carea' id='block_1_67' title="bbox 432 3723 2082 3796">
    <p class='ocr_par' dir='ltr' id='par_1_67' title="bbox 432 3723 2082 3796">
     <span class='ocr_line' id='line_1_67' title="bbox 432 3723 2082 3796; baseline 0.002 -18"><span class='ocrx_word' id='word_1_462' title='bbox 432 3739 550 3794; x_wconf 90' lang='lat' dir='ltr'>que</span> <span class='ocrx_word' id='word_1_463' title='bbox 600 3723 941 3792; x_wconf 88' lang='lat' dir='ltr'><strong>sublimem,</strong></span> <span class='ocrx_word' id='word_1_464' title='bbox 975 3730 1218 3796; x_wconf 88' lang='lat' dir='ltr'><strong>ruptum</strong></span> <span class='ocrx_word' id='word_1_465' title='bbox 1243 3723 1446 3780; x_wconf 89' lang='lat' dir='ltr'><strong>multis</strong></span> <span class='ocrx_word' id='word_1_466' title='bbox 1477 3723 1538 3778; x_wconf 88' lang='lat' dir='ltr'>in</span> <span class='ocrx_word' id='word_1_467' title='bbox 1571 3723 1717 3781; x_wconf 91' lang='lat' dir='ltr'><strong>locis</strong></span> <span class='ocrx_word' id='word_1_468' title='bbox 1744 3741 1811 3782; x_wconf 89' lang='lat' dir='ltr'>ac</span> <span class='ocrx_word' id='word_1_469' title='bbox 1842 3727 2082 3782; x_wconf 88' lang='lat' dir='ltr'><strong>ruinam</strong></span> 
     </span>
    </p>
   </div>
   <div class='ocr_carea' id='block_1_68' title="bbox 430 3812 2078 3886">
    <p class='ocr_par' dir='ltr' id='par_1_68' title="bbox 430 3812 2078 3886">
     <span class='ocr_line' id='line_1_68' title="bbox 430 3812 2078 3886; baseline 0.001 -17"><span class='ocrx_word' id='word_1_470' title='bbox 430 3815 784 3882; x_wconf 83' lang='lat' dir='ltr'><strong>minantem,</strong></span> <span class='ocrx_word' id='word_1_471' title='bbox 817 3812 1032 3886; x_wconf 88' lang='lat' dir='ltr'><strong>peritia</strong></span> <span class='ocrx_word' id='word_1_472' title='bbox 1061 3813 1365 3870; x_wconf 85' lang='lat' dir='ltr'><strong>fabrorum</strong></span> <span class='ocrx_word' id='word_1_473' title='bbox 1409 3815 1660 3870; x_wconf 81' lang='lat' dir='ltr'><strong>munivit</strong></span> <span class='ocrx_word' id='word_1_474' title='bbox 1690 3831 1757 3870; x_wconf 83' lang='lat' dir='ltr'>ac</span> <span class='ocrx_word' id='word_1_475' title='bbox 1809 3815 2078 3871; x_wconf 88' lang='lat' dir='ltr'><strong>stabililt.</strong></span> 
     </span>
    </p>
   </div>
   <div class='ocr_carea' id='block_1_69' title="bbox 439 3901 2079 3976">
    <p class='ocr_par' dir='ltr' id='par_1_69' title="bbox 439 3901 2079 3976">
     <span class='ocr_line' id='line_1_69' title="bbox 439 3901 2079 3976; baseline 0.002 -20"><span class='ocrx_word' id='word_1_476' title='bbox 439 3903 626 3973; x_wconf 87' lang='lat' dir='ltr'><strong>Inque</strong></span> <span class='ocrx_word' id='word_1_477' title='bbox 657 3917 726 3958; x_wconf 89' lang='lat' dir='ltr'>eo</span> <span class='ocrx_word' id='word_1_478' title='bbox 758 3901 1066 3958; x_wconf 83' lang='lat' dir='ltr'><strong>collocavit</strong></span> <span class='ocrx_word' id='word_1_479' title='bbox 1097 3903 1418 3976; x_wconf 79' lang='lat' dir='ltr'><strong>imaginem</strong></span> <span class='ocrx_word' id='word_1_480' title='bbox 1449 3903 1738 3976; x_wconf 74' lang='lat' dir='ltr'><strong>Deiparaa,</strong></span> <span class='ocrx_word' id='word_1_481' title='bbox 1784 3905 2079 3960; x_wconf 79' lang='lat' dir='ltr'><strong>Infantem</strong></span> 
     </span>
    </p>
   </div>
   <div class='ocr_carea' id='block_1_70' title="bbox 425 3991 2069 4061">
    <p class='ocr_par' dir='ltr' id='par_1_70' title="bbox 425 3991 2069 4061">
     <span class='ocr_line' id='line_1_70' title="bbox 425 3991 2069 4061; baseline 0.001 -15"><span class='ocrx_word' id='word_1_482' title='bbox 425 3992 488 4046; x_wconf 92' lang='lat' dir='ltr'>in</span> <span class='ocrx_word' id='word_1_483' title='bbox 519 3991 679 4046; x_wconf 86' lang='lat' dir='ltr'><strong>ulnis</strong></span> <span class='ocrx_word' id='word_1_484' title='bbox 712 3993 992 4061; x_wconf 87' lang='lat' dir='ltr'><strong>tenentis,</strong></span> <span class='ocrx_word' id='word_1_485' title='bbox 1026 3997 1087 4047; x_wconf 88' lang='lat' dir='ltr'>et</span> <span class='ocrx_word' id='word_1_486' title='bbox 1141 4007 1175 4048; x_wconf 87' lang='lat' dir='ltr'>a</span> <span class='ocrx_word' id='word_1_487' title='bbox 1229 3991 1413 4050; x_wconf 87' lang='lat' dir='ltr'><strong>latere</strong></span> <span class='ocrx_word' id='word_1_488' title='bbox 1463 3993 1671 4050; x_wconf 71' lang='lat'>1089</span> <span class='ocrx_word' id='word_1_489' title='bbox 1725 3992 1910 4048; x_wconf 86' lang='lat' dir='ltr'><strong>altero</strong></span> <span class='ocrx_word' id='word_1_490' title='bbox 1967 3993 2069 4048; x_wconf 86' lang='lat' dir='ltr'>Pe-</span> 
     </span>
    </p>
   </div>
   <div class='ocr_carea' id='block_1_71' title="bbox 425 4079 2071 4154">
    <p class='ocr_par' dir='ltr' id='par_1_71' title="bbox 425 4079 2071 4154">
     <span class='ocr_line' id='line_1_71' title="bbox 425 4079 2071 4154; baseline 0.002 -22"><span class='ocrx_word' id='word_1_491' title='bbox 425 4079 687 4144; x_wconf 87' lang='lat' dir='ltr'><strong>trum,ab</strong></span> <span class='ocrx_word' id='word_1_492' title='bbox 717 4079 906 4136; x_wconf 88' lang='lat' dir='ltr'><strong>altero</strong></span> <span class='ocrx_word' id='word_1_493' title='bbox 965 4080 1236 4150; x_wconf 89' lang='lat' dir='ltr'><strong>Paulum,</strong></span> <span class='ocrx_word' id='word_1_494' title='bbox 1270 4081 1672 4154; x_wconf 86' lang='lat' dir='ltr'><strong>apostolorum</strong></span> <span class='ocrx_word' id='word_1_495' title='bbox 1704 4079 2071 4154; x_wconf 73' lang='lat' dir='ltr'><strong>coryphseos.</strong></span> 
     </span>
    </p>
   </div>
   <div class='ocr_carea' id='block_1_72' title="bbox 423 4167 2076 4241">
    <p class='ocr_par' dir='ltr' id='par_1_72' title="bbox 423 4167 2076 4241">
     <span class='ocr_line' id='line_1_72' title="bbox 423 4167 2076 4241; baseline 0.001 -17"><span class='ocrx_word' id='word_1_496' title='bbox 423 4167 650 4224; x_wconf 86' lang='lat' dir='ltr'><strong>Deinde</strong></span> <span class='ocrx_word' id='word_1_497' title='bbox 680 4169 912 4240; x_wconf 85' lang='lat' dir='ltr'><strong>reliqua</strong></span> <span class='ocrx_word' id='word_1_498' title='bbox 941 4171 1120 4226; x_wconf 89' lang='lat' dir='ltr'><strong>etiam</strong></span> <span class='ocrx_word' id='word_1_499' title='bbox 1151 4185 1460 4227; x_wconf 88' lang='lat' dir='ltr'><strong>murorum</strong></span> <span class='ocrx_word' id='word_1_500' title='bbox 1497 4174 1670 4241; x_wconf 85' lang='lat' dir='ltr'><strong>rupta</strong></span> <span class='ocrx_word' id='word_1_501' title='bbox 1701 4176 1801 4226; x_wconf 88' lang='lat' dir='ltr'>aut</span> <span class='ocrx_word' id='word_1_502' title='bbox 1831 4169 2076 4226; x_wconf 79' lang='lat' dir='ltr'><strong>ruinoso.</strong></span> 
     </span>
    </p>
   </div>
   <div class='ocr_carea' id='block_1_73' title="bbox 423 4257 2071 4332">
    <p class='ocr_par' dir='ltr' id='par_1_73' title="bbox 423 4257 2071 4332">
     <span class='ocr_line' id='line_1_73' title="bbox 423 4257 2071 4332; baseline 0.002 -21"><span class='ocrx_word' id='word_1_503' title='bbox 423 4257 755 4332; x_wconf 81' lang='lat' dir='ltr'><strong>integravit.</strong></span> <span class='ocrx_word' id='word_1_504' title='bbox 789 4259 1054 4330; x_wconf 88' lang='lat' dir='ltr'><strong>Cumque</strong></span> <span class='ocrx_word' id='word_1_505' title='bbox 1078 4260 1307 4315; x_wconf 89' lang='lat' dir='ltr'><strong>reditus</strong></span> <span class='ocrx_word' id='word_1_506' title='bbox 1339 4259 1730 4315; x_wconf 87' lang='lat' dir='ltr'><strong>ecclesiastici</strong></span> <span class='ocrx_word' id='word_1_507' title='bbox 1756 4266 1956 4315; x_wconf 88' lang='lat' dir='ltr'><strong>essent</strong></span> <span class='ocrx_word' id='word_1_508' title='bbox 1985 4263 2071 4316; x_wconf 89' lang='lat' dir='ltr'><strong>at-</strong></span> 
     </span>
    </p>
   </div>
   <div class='ocr_carea' id='block_1_74' title="bbox 427 4347 2070 4420">
    <p class='ocr_par' dir='ltr' id='par_1_74' title="bbox 427 4347 2070 4420">
     <span class='ocr_line' id='line_1_74' title="bbox 427 4347 2070 4420; baseline 0.001 -18"><span class='ocrx_word' id='word_1_509' title='bbox 427 4347 671 4416; x_wconf 90' lang='lat' dir='ltr'><strong>tenuati,</strong></span> <span class='ocrx_word' id='word_1_510' title='bbox 703 4352 761 4402; x_wconf 87' lang='lat' dir='ltr'>et</span> <span class='ocrx_word' id='word_1_511' title='bbox 792 4349 1124 4418; x_wconf 87' lang='lat' dir='ltr'><strong>periculum</strong></span> <span class='ocrx_word' id='word_1_512' title='bbox 1157 4353 1313 4403; x_wconf 85' lang='lat' dir='ltr'><strong>esset</strong></span> <span class='ocrx_word' id='word_1_513' title='bbox 1339 4365 1414 4403; x_wconf 90' lang='lat' dir='ltr'>ne</span> <span class='ocrx_word' id='word_1_514' title='bbox 1439 4348 1691 4420; x_wconf 89' lang='lat' dir='ltr'><strong>penuria</strong></span> <span class='ocrx_word' id='word_1_515' title='bbox 1739 4348 1858 4404; x_wconf 90' lang='lat' dir='ltr'><strong>olei</strong></span> <span class='ocrx_word' id='word_1_516' title='bbox 1889 4365 2070 4404; x_wconf 72' lang='lat' dir='ltr'><strong>sacrae</strong></span> 
     </span>
    </p>
   </div>
   <div class='ocr_carea' id='block_1_75' title="bbox 422 4435 2066 4510">
    <p class='ocr_par' dir='ltr' id='par_1_75' title="bbox 422 4435 2066 4510">
     <span class='ocr_line' id='line_1_75' title="bbox 422 4435 2066 4510; baseline 0.002 -20"><span class='ocrx_word' id='word_1_517' title='bbox 422 4435 681 4492; x_wconf 77' lang='lat' dir='ltr'><strong>lucernm</strong></span> <span class='ocrx_word' id='word_1_518' title='bbox 741 4437 1285 4509; x_wconf 77' lang='lat' dir='ltr'><strong>exstinguerentur,</strong></span> <span class='ocrx_word' id='word_1_519' title='bbox 1340 4437 1695 4509; x_wconf 89' lang='lat' dir='ltr'><strong>amplissimi</strong></span> <span class='ocrx_word' id='word_1_520' title='bbox 1737 4436 1943 4510; x_wconf 75' lang='lat' dir='ltr'><strong>prmdii</strong></span> <span class='ocrx_word' id='word_1_521' title='bbox 1975 4439 2066 4494; x_wconf 92' lang='lat' dir='ltr'>cui</span> 
     </span>
    </p>
   </div>
   <div class='ocr_carea' id='block_1_76' title="bbox 423 4523 2066 4600">
    <p class='ocr_par' dir='ltr' id='par_1_76' title="bbox 423 4523 2066 4600">
     <span class='ocr_line' id='line_1_76' title="bbox 423 4523 2066 4600; baseline 0.001 -19"><span class='ocrx_word' id='word_1_522' title='bbox 423 4525 650 4584; x_wconf 77' lang='lat' dir='ltr'><strong>Mancia</strong></span> <span class='ocrx_word' id='word_1_523' title='bbox 705 4541 926 4583; x_wconf 90' lang='lat' dir='ltr'><strong>nomen</strong></span> <span class='ocrx_word' id='word_1_524' title='bbox 979 4523 1298 4583; x_wconf 90' lang='lat' dir='ltr'><strong>donatione</strong></span> <span class='ocrx_word' id='word_1_525' title='bbox 1351 4530 1410 4580; x_wconf 89' lang='lat' dir='ltr'>et</span> <span class='ocrx_word' id='word_1_526' title='bbox 1447 4525 1710 4582; x_wconf 89' lang='lat' dir='ltr'><strong>lucernis</strong></span> <span class='ocrx_word' id='word_1_527' title='bbox 1741 4527 2066 4600; x_wconf 80' lang='lat' dir='ltr'><strong>prospexit,</strong></span> 
     </span>
    </p>
   </div>
   <div class='ocr_carea' id='block_1_77' title="bbox 421 4612 2066 4688">
    <p class='ocr_par' dir='ltr' id='par_1_77' title="bbox 421 4612 2066 4688">
     <span class='ocr_line' id='line_1_77' title="bbox 421 4612 2066 4688; baseline 0.001 -20"><span class='ocrx_word' id='word_1_528' title='bbox 421 4617 482 4668; x_wconf 88' lang='lat' dir='ltr'>et</span> <span class='ocrx_word' id='word_1_529' title='bbox 511 4613 641 4685; x_wconf 82' lang='lat' dir='ltr'><strong>ejus</strong></span> <span class='ocrx_word' id='word_1_530' title='bbox 667 4631 698 4670; x_wconf 92' lang='lat' dir='ltr'>e</span> <span class='ocrx_word' id='word_1_531' title='bbox 745 4613 1035 4670; x_wconf 85' lang='lat' dir='ltr'><strong>reditibus</strong></span> <span class='ocrx_word' id='word_1_532' title='bbox 1084 4612 1426 4669; x_wconf 89' lang='lat' dir='ltr'><strong>liberaliora</strong></span> <span class='ocrx_word' id='word_1_533' title='bbox 1483 4615 1824 4672; x_wconf 88' lang='lat' dir='ltr'><strong>cantoribus</strong></span> <span class='ocrx_word' id='word_1_534' title='bbox 1863 4615 2066 4688; x_wconf 89' lang='lat' dir='ltr'><strong>templi</strong></span> 
     </span>
    </p>
   </div>
   <div class='ocr_carea' id='block_1_78' title="bbox 423 4701 2066 4774">
    <p class='ocr_par' dir='ltr' id='par_1_78' title="bbox 423 4701 2066 4774">
     <span class='ocr_line' id='line_1_78' title="bbox 423 4701 2066 4774; baseline 0.002 -18"><span class='ocrx_word' id='word_1_535' title='bbox 423 4701 721 4773; x_wconf 88' lang='lat' dir='ltr'><strong>stipendia</strong></span> <span class='ocrx_word' id='word_1_536' title='bbox 741 4702 1493 4774; x_wconf 85' lang='lat' dir='ltr'><strong>constituit.Apostolorum</strong></span> <span class='ocrx_word' id='word_1_537' title='bbox 1527 4707 1817 4774; x_wconf 82' lang='lat' dir='ltr'><strong>praeterea</strong></span> <span class='ocrx_word' id='word_1_538' title='bbox 1834 4705 2066 4774; x_wconf 81' lang='lat' dir='ltr'><strong>fanum,</strong></span> 
     </span>
    </p>
   </div>
   <div class='ocr_carea' id='block_1_79' title="bbox 421 4791 2070 4866">
    <p class='ocr_par' dir='ltr' id='par_1_79' title="bbox 421 4791 2070 4866">
     <span class='ocr_line' id='line_1_79' title="bbox 421 4791 2070 4866; baseline 0.001 -18"><span class='ocrx_word' id='word_1_539' title='bbox 421 4791 578 4864; x_wconf 87' lang='lat' dir='ltr'><strong>quod</strong></span> <span class='ocrx_word' id='word_1_540' title='bbox 609 4791 918 4865; x_wconf 87' lang='lat' dir='ltr'><strong>pristinam</strong></span> <span class='ocrx_word' id='word_1_541' title='bbox 977 4791 1480 4866; x_wconf 85' lang='lat' dir='ltr'><strong>pulchritudinem</strong></span> <span class='ocrx_word' id='word_1_542' title='bbox 1529 4793 1831 4864; x_wconf 89' lang='lat' dir='ltr'><strong>amiserat,</strong></span> <span class='ocrx_word' id='word_1_543' title='bbox 1864 4791 2070 4852; x_wconf 80' lang='lat' dir='ltr'><strong>fulcris</strong></span> 
     </span>
    </p>
   </div>
   <div class='ocr_carea' id='block_1_80' title="bbox 421 4881 2072 4956">
    <p class='ocr_par' dir='ltr' id='par_1_80' title="bbox 421 4881 2072 4956">
     <span class='ocr_line' id='line_1_80' title="bbox 421 4881 2072 4956; baseline 0 -18"><span class='ocrx_word' id='word_1_544' title='bbox 421 4887 478 4938; x_wconf 88' lang='lat' dir='ltr'>et</span> <span class='ocrx_word' id='word_1_545' title='bbox 507 4881 905 4954; x_wconf 88' lang='lat' dir='ltr'><strong>collapsarum</strong></span> <span class='ocrx_word' id='word_1_546' title='bbox 935 4882 1197 4954; x_wconf 88' lang='lat' dir='ltr'><strong>partium</strong></span> <span class='ocrx_word' id='word_1_547' title='bbox 1233 4881 1554 4937; x_wconf 79' lang='lat' dir='ltr'><strong>refectione</strong></span> <span class='ocrx_word' id='word_1_548' title='bbox 1580 4881 1822 4938; x_wconf 80' lang='lat' dir='ltr'><strong>firmans</strong></span> <span class='ocrx_word' id='word_1_549' title='bbox 1845 4882 2072 4956; x_wconf 83' lang='lat' dir='ltr'><strong>redegit</strong></span> 
     </span>
    </p>
   </div>
   <div class='ocr_carea' id='block_1_81' title="bbox 420 4970 2070 5044">
    <p class='ocr_par' dir='ltr' id='par_1_81' title="bbox 420 4970 2070 5044">
     <span class='ocr_line' id='line_1_81' title="bbox 420 4970 2070 5044; baseline 0.001 -18"><span class='ocrx_word' id='word_1_550' title='bbox 420 4971 632 5042; x_wconf 66' lang='lat' dir='ltr'><strong>eadem,</strong></span> <span class='ocrx_word' id='word_1_551' title='bbox 693 4977 756 5027; x_wconf 93' lang='lat' dir='ltr'>ut</span> <span class='ocrx_word' id='word_1_552' title='bbox 787 4972 870 5027; x_wconf 88' lang='lat' dir='ltr'>ait</span> <span class='ocrx_word' id='word_1_553' title='bbox 923 4975 1118 5044; x_wconf 90' lang='lat' dir='ltr'><strong>poeta,</strong></span> <span class='ocrx_word' id='word_1_554' title='bbox 1179 4970 1494 5042; x_wconf 78' lang='lat' dir='ltr'><strong>vigentem.</strong></span> <span class='ocrx_word' id='word_1_555' title='bbox 1542 4971 1860 5028; x_wconf 84' lang='lat' dir='ltr'><strong>Renovavit</strong></span> <span class='ocrx_word' id='word_1_556' title='bbox 1889 4973 2070 5029; x_wconf 89' lang='lat' dir='ltr'><strong>etiam</strong></span> 
     </span>
    </p>
   </div>
   <div class='ocr_carea' id='block_1_82' title="bbox 421 5059 2071 5134">
    <p class='ocr_par' dir='ltr' id='par_1_82' title="bbox 421 5059 2071 5134">
     <span class='ocr_line' id='line_1_82' title="bbox 421 5059 2071 5134; baseline 0.001 -18"><span class='ocrx_word' id='word_1_557' title='bbox 421 5059 689 5134; x_wconf 81' lang='lat' dir='ltr'><strong>Deiparae</strong></span> <span class='ocrx_word' id='word_1_558' title='bbox 722 5075 852 5132; x_wconf 71' lang='lat' dir='ltr'><strong>quas</strong></span> <span class='ocrx_word' id='word_1_559' title='bbox 877 5059 950 5117; x_wconf 85' lang='lat' dir='ltr'>ad</span> <span class='ocrx_word' id='word_1_560' title='bbox 981 5061 1227 5116; x_wconf 84' lang='lat' dir='ltr'><strong>Fontem</strong></span> <span class='ocrx_word' id='word_1_561' title='bbox 1255 5065 1382 5114; x_wconf 88' lang='lat' dir='ltr'><strong>erat</strong></span> <span class='ocrx_word' id='word_1_562' title='bbox 1404 5059 1615 5128; x_wconf 87' lang='lat' dir='ltr'><strong>aedem,</strong></span> <span class='ocrx_word' id='word_1_563' title='bbox 1650 5073 1781 5132; x_wconf 81' lang='lat' dir='ltr'><strong>quae</strong></span> <span class='ocrx_word' id='word_1_564' title='bbox 1825 5063 2071 5134; x_wconf 82' lang='lat' dir='ltr'><strong>antiqua</strong></span> 
     </span>
    </p>
   </div>
   <div class='ocr_carea' id='block_1_83' title="bbox 421 5145 2066 5223">
    <p class='ocr_par' dir='ltr' id='par_1_83' title="bbox 421 5145 2066 5223">
     <span class='ocr_line' id='line_1_83' title="bbox 421 5145 2066 5223; baseline 0.001 -19"><span class='ocrx_word' id='word_1_565' title='bbox 421 5145 712 5223; x_wconf 81' lang='lat' dir='ltr'><strong>elegantia</strong></span> <span class='ocrx_word' id='word_1_566' title='bbox 764 5149 1082 5207; x_wconf 80' lang='lat' dir='ltr'><strong>exciderat.</strong></span> <span class='ocrx_word' id='word_1_567' title='bbox 1109 5148 1285 5204; x_wconf 83' lang='lat' dir='ltr'><strong>Aliud</strong></span> <span class='ocrx_word' id='word_1_568' title='bbox 1335 5147 1600 5221; x_wconf 74' lang='lat' dir='ltr'><strong>Deiparaa</strong></span> <span class='ocrx_word' id='word_1_569' title='bbox 1626 5149 1938 5222; x_wconf 88' lang='lat' dir='ltr'><strong>templum,</strong></span> <span class='ocrx_word' id='word_1_570' title='bbox 1971 5151 2066 5207; x_wconf 92' lang='lat' dir='ltr'>cui</span> 
     </span>
    </p>
   </div>
   <div class='ocr_carea' id='block_1_84' title="bbox 421 5239 2062 5310">
    <p class='ocr_par' dir='ltr' id='par_1_84' title="bbox 421 5239 2062 5310">
     <span class='ocr_line' id='line_1_84' title="bbox 421 5239 2062 5310; baseline 0.003 -18"><span class='ocrx_word' id='word_1_571' title='bbox 421 5239 617 5310; x_wconf 76' lang='lat' dir='ltr'><strong>Sigma</strong></span> <span class='ocrx_word' id='word_1_572' title='bbox 645 5255 888 5304; x_wconf 91' lang='lat' dir='ltr'><strong>nomen,</strong></span> <span class='ocrx_word' id='word_1_573' title='bbox 921 5245 1094 5296; x_wconf 62' lang='lat' dir='ltr'><strong>terra)</strong></span> <span class='ocrx_word' id='word_1_574' title='bbox 1125 5244 1290 5294; x_wconf 91' lang='lat' dir='ltr'><strong>motu</strong></span> <span class='ocrx_word' id='word_1_575' title='bbox 1321 5244 1682 5310; x_wconf 89' lang='lat' dir='ltr'><strong>prostratum</strong></span> <span class='ocrx_word' id='word_1_576' title='bbox 1731 5255 1800 5296; x_wconf 83' lang='lat' dir='ltr'><strong>ex</strong></span> <span class='ocrx_word' id='word_1_577' title='bbox 1859 5239 2062 5297; x_wconf 70' lang='grc' dir='ltr'>ιοιε</span> 
     </span>
    </p>
   </div>
   <div class='ocr_carea' id='block_1_85' title="bbox 415 5324 2066 5400">
    <p class='ocr_par' dir='ltr' id='par_1_85' title="bbox 415 5324 2066 5400">
     <span class='ocr_line' id='line_1_85' title="bbox 415 5324 2066 5400; baseline 0.002 -19"><span class='ocrx_word' id='word_1_578' title='bbox 415 5324 823 5386; x_wconf 77' lang='lat' dir='ltr'><strong>fundamentis</strong></span> <span class='ocrx_word' id='word_1_579' title='bbox 855 5325 1433 5398; x_wconf 82' lang='lat' dir='ltr'><strong>refecit,stabilequd</strong></span> <span class='ocrx_word' id='word_1_580' title='bbox 1464 5331 1524 5382; x_wconf 87' lang='lat' dir='ltr'>et</span> <span class='ocrx_word' id='word_1_581' title='bbox 1543 5325 1740 5399; x_wconf 87' lang='lat' dir='ltr'><strong>priore</strong></span> <span class='ocrx_word' id='word_1_582' title='bbox 1759 5327 2066 5400; x_wconf 83' lang='lat' dir='ltr'><strong>pulchrius</strong></span> 
     </span>
    </p>
   </div>
   <div class='ocr_carea' id='block_1_86' title="bbox 2194 3634 3804 3718">
    <p class='ocr_par' dir='ltr' id='par_1_86' title="bbox 2194 3634 3804 3718">
     <span class='ocr_line' id='line_1_86' title="bbox 2194 3634 3804 3718; baseline 0.001 -29"><span class='ocrx_word' id='word_1_583' title='bbox 2194 3635 2522 3704; x_wconf 64' lang='grc' dir='ltr'>ἀναστήσας,</span> <span class='ocrx_word' id='word_1_584' title='bbox 2564 3641 2682 3698; x_wconf 86' lang='grc' dir='ltr'>τοῖς</span> <span class='ocrx_word' id='word_1_585' title='bbox 2739 3634 2796 3692; x_wconf 74' lang='grc' dir='ltr'>δὲ</span> <span class='ocrx_word' id='word_1_586' title='bbox 2860 3637 2958 3706; x_wconf 76' lang='grc' dir='ltr'>τὴν</span> <span class='ocrx_word' id='word_1_587' title='bbox 3015 3638 3284 3694; x_wconf 78' lang='grc' dir='ltr'>ἀσθένειαν</span> <span class='ocrx_word' id='word_1_588' title='bbox 3339 3639 3662 3718; x_wconf 67' lang='grc' dir='ltr'>ἐπιρρώσας,</span> <span class='ocrx_word' id='word_1_589' title='bbox 3710 3640 3804 3698; x_wconf 78' lang='grc' dir='ltr'>τοῖς</span> 
     </span>
    </p>
   </div>
   <div class='ocr_carea' id='block_1_87' title="bbox 2192 3719 3801 3804">
    <p class='ocr_par' dir='ltr' id='par_1_87' title="bbox 2192 3719 3801 3804">
     <span class='ocr_line' id='line_1_87' title="bbox 2192 3719 3801 3804; baseline 0 -26"><span class='ocrx_word' id='word_1_590' title='bbox 2192 3719 2248 3778; x_wconf 72' lang='grc' dir='ltr'>δὲ</span> <span class='ocrx_word' id='word_1_591' title='bbox 2277 3721 2486 3784; x_wconf 77' lang='grc' dir='ltr'>κάλλος</span> <span class='ocrx_word' id='word_1_592' title='bbox 2513 3723 2604 3778; x_wconf 81' lang='grc' dir='ltr'>καὶ</span> <span class='ocrx_word' id='word_1_593' title='bbox 2655 3725 2969 3799; x_wconf 72' lang='grc' dir='ltr'>ὡραιότητα</span> <span class='ocrx_word' id='word_1_594' title='bbox 3021 3727 3417 3803; x_wconf 71' lang='grc' dir='ltr'>χαρισάμενος.</span> <span class='ocrx_word' id='word_1_595' title='bbox 3475 3733 3683 3804; x_wconf 79' lang='grc' dir='ltr'>Πρῶτον</span> <span class='ocrx_word' id='word_1_596' title='bbox 3724 3724 3801 3796; x_wconf 75' lang='grc' dir='ltr'>μὶν</span> 
     </span>
    </p>
   </div>
   <div class='ocr_carea' id='block_1_88' title="bbox 2188 3811 3800 3889">
    <p class='ocr_par' dir='ltr' id='par_1_88' title="bbox 2188 3811 3800 3889">
     <span class='ocr_line' id='line_1_88' title="bbox 2188 3811 3800 3889; baseline 0.003 -24"><span class='ocrx_word' id='word_1_597' title='bbox 2188 3811 2290 3889; x_wconf 78' lang='grc' dir='ltr'>γὰρ</span> <span class='ocrx_word' id='word_1_598' title='bbox 2323 3817 2424 3880; x_wconf 83' lang='grc' dir='ltr'>υῆς</span> <span class='ocrx_word' id='word_1_599' title='bbox 2473 3815 2571 3866; x_wconf 81' lang='grc' dir='ltr'>τοῦ</span> <span class='ocrx_word' id='word_1_600' title='bbox 2630 3815 2766 3868; x_wconf 77' lang='grc' dir='ltr'>θεοῦ</span> <span class='ocrx_word' id='word_1_601' title='bbox 2827 3813 3075 3888; x_wconf 79' lang='grc' dir='ltr'>μεγάλης</span> <span class='ocrx_word' id='word_1_602' title='bbox 3135 3813 3435 3885; x_wconf 78' lang='grc' dir='ltr'>ἐκκλησίας</span> <span class='ocrx_word' id='word_1_603' title='bbox 3493 3814 3682 3889; x_wconf 74' lang='grc' dir='ltr'>Σοφίας</span> <span class='ocrx_word' id='word_1_604' title='bbox 3724 3812 3800 3880; x_wconf 81' lang='grc' dir='ltr'>τήν</span> 
     </span>
    </p>
   </div>
   <div class='ocr_carea' id='block_1_89' title="bbox 2185 3897 3798 3981">
    <p class='ocr_par' dir='ltr' id='par_1_89' title="bbox 2185 3897 3798 3981">
     <span class='ocr_line' id='line_1_89' title="bbox 2185 3897 3798 3981; baseline 0 -28"><span class='ocrx_word' id='word_1_605' title='bbox 2185 3899 2324 3974; x_wconf 80' lang='grc' dir='ltr'>πρὸς</span> <span class='ocrx_word' id='word_1_606' title='bbox 2349 3897 2497 3954; x_wconf 83' lang='grc' dir='ltr'>δόσιν</span> <span class='ocrx_word' id='word_1_607' title='bbox 2531 3897 2698 3976; x_wconf 80' lang='grc' dir='ltr'>ἁψῖδα</span> <span class='ocrx_word' id='word_1_608' title='bbox 2721 3901 2820 3969; x_wconf 73' lang='grc' dir='ltr'>τὴν</span> <span class='ocrx_word' id='word_1_609' title='bbox 2877 3901 3121 3977; x_wconf 81' lang='grc' dir='ltr'>μεγάλην</span> <span class='ocrx_word' id='word_1_610' title='bbox 3167 3923 3225 3959; x_wconf 86' lang='grc' dir='ltr'>τε</span> <span class='ocrx_word' id='word_1_611' title='bbox 3273 3904 3364 3958; x_wconf 85' lang='grc' dir='ltr'>καὶ</span> <span class='ocrx_word' id='word_1_612' title='bbox 3417 3905 3694 3981; x_wconf 76' lang='grc' dir='ltr'>μετάρσιον</span> <span class='ocrx_word' id='word_1_613' title='bbox 3739 3899 3798 3962; x_wconf 77' lang='grc' dir='ltr'>είς</span> 
     </span>
    </p>
   </div>
   <div class='ocr_carea' id='block_1_90' title="bbox 2183 3984 3794 4066">
    <p class='ocr_par' dir='ltr' id='par_1_90' title="bbox 2183 3984 3794 4066">
     <span class='ocr_line' id='line_1_90' title="bbox 2183 3984 3794 4066; baseline 0.001 -24"><span class='ocrx_word' id='word_1_614' title='bbox 2183 3989 2370 4044; x_wconf 75' lang='grc' dir='ltr'>πολλὰ</span> <span class='ocrx_word' id='word_1_615' title='bbox 2409 3984 2789 4066; x_wconf 69' lang='grc' dir='ltr'>διαῤῥαγεῖσαν</span> <span class='ocrx_word' id='word_1_616' title='bbox 2849 3992 2940 4045; x_wconf 78' lang='grc' dir='ltr'>καὶ</span> <span class='ocrx_word' id='word_1_617' title='bbox 2993 3997 3178 4047; x_wconf 80' lang='grc' dir='ltr'>πεσεῖν</span> <span class='ocrx_word' id='word_1_618' title='bbox 3233 3990 3665 4061; x_wconf 73' lang='grc' dir='ltr'>κινδυνεύουσαν,</span> <span class='ocrx_word' id='word_1_619' title='bbox 3715 3988 3794 4062; x_wconf 77' lang='grc' dir='ltr'>ἐμ-</span> 
     </span>
    </p>
   </div>
   <div class='ocr_carea' id='block_1_91' title="bbox 2182 4078 3792 4162">
    <p class='ocr_par' dir='ltr' id='par_1_91' title="bbox 2182 4078 3792 4162">
     <span class='ocr_line' id='line_1_91' title="bbox 2182 4078 3792 4162; baseline -0.001 -30"><span class='ocrx_word' id='word_1_620' title='bbox 2182 4078 2369 4153; x_wconf 78' lang='grc' dir='ltr'>πειρίᾳ</span> <span class='ocrx_word' id='word_1_621' title='bbox 2403 4081 2673 4156; x_wconf 80' lang='grc' dir='ltr'>τεχνιτῶν</span> <span class='ocrx_word' id='word_1_622' title='bbox 2731 4078 3106 4158; x_wconf 73' lang='grc' dir='ltr'>περισφίγξας,</span> <span class='ocrx_word' id='word_1_623' title='bbox 3167 4079 3382 4162; x_wconf 77' lang='grc' dir='ltr'>ἀσφαλῆ</span> <span class='ocrx_word' id='word_1_624' title='bbox 3447 4083 3536 4138; x_wconf 81' lang='grc' dir='ltr'>καὶ</span> <span class='ocrx_word' id='word_1_625' title='bbox 3597 4081 3792 4155; x_wconf 83' lang='grc' dir='ltr'>μόνιμον</span> 
     </span>
    </p>
   </div>
   <div class='ocr_carea' id='block_1_92' title="bbox 2181 4164 3792 4246">
    <p class='ocr_par' dir='ltr' id='par_1_92' title="bbox 2181 4164 3792 4246">
     <span class='ocr_line' id='line_1_92' title="bbox 2181 4164 3792 4246; baseline 0.001 -26"><span class='ocrx_word' id='word_1_626' title='bbox 2181 4164 2567 4242; x_wconf 72' lang='grc' dir='ltr'>ἀπειργάσατο*</span> <span class='ocrx_word' id='word_1_627' title='bbox 2599 4164 2652 4221; x_wconf 78' lang='grc' dir='ltr'>ἐν</span> <span class='ocrx_word' id='word_1_628' title='bbox 2701 4166 2739 4242; x_wconf 68' lang='grc' dir='ltr'><strong>ᾖ</strong></span> <span class='ocrx_word' id='word_1_629' title='bbox 2792 4167 2882 4223; x_wconf 79' lang='grc' dir='ltr'>καὶ</span> <span class='ocrx_word' id='word_1_630' title='bbox 2935 4170 3038 4239; x_wconf 74' lang='grc' dir='ltr'>τὴν</span> <span class='ocrx_word' id='word_1_631' title='bbox 3089 4173 3191 4240; x_wconf 78' lang='grc' dir='ltr'>τῆς</span> <span class='ocrx_word' id='word_1_632' title='bbox 3249 4171 3598 4246; x_wconf 71' lang='grc' dir='ltr'>Θενμῆτορος</span> <span class='ocrx_word' id='word_1_633' title='bbox 3647 4165 3792 4224; x_wconf 75' lang='grc' dir='ltr'>εἰκόνα</span> 
     </span>
    </p>
   </div>
   <div class='ocr_carea' id='block_1_93' title="bbox 2183 4253 3789 4334">
    <p class='ocr_par' dir='ltr' id='par_1_93' title="bbox 2183 4253 3789 4334">
     <span class='ocr_line' id='line_1_93' title="bbox 2183 4253 3789 4334; baseline 0 -25"><span class='ocrx_word' id='word_1_634' title='bbox 2183 4255 2382 4332; x_wconf 77' lang='grc' dir='ltr'>βρέφος</span> <span class='ocrx_word' id='word_1_635' title='bbox 2443 4253 2862 4330; x_wconf 73' lang='grc' dir='ltr'>ηγκαλισμένην</span> <span class='ocrx_word' id='word_1_636' title='bbox 2921 4257 3268 4334; x_wconf 68' lang='grc' dir='ltr'>ἁνιστόρησε,</span> <span class='ocrx_word' id='word_1_637' title='bbox 3327 4259 3417 4314; x_wconf 79' lang='grc' dir='ltr'>καὶ</span> <span class='ocrx_word' id='word_1_638' title='bbox 3485 4260 3671 4334; x_wconf 78' lang='grc' dir='ltr'>Πέτρον</span> <span class='ocrx_word' id='word_1_639' title='bbox 3719 4253 3789 4310; x_wconf 76' lang='grc' dir='ltr'>καί</span> 
     </span>
    </p>
   </div>
   <div class='ocr_carea' id='block_1_94' title="bbox 2179 4343 3791 4424">
    <p class='ocr_par' dir='ltr' id='par_1_94' title="bbox 2179 4343 3791 4424">
     <span class='ocr_line' id='line_1_94' title="bbox 2179 4343 3791 4424; baseline -0.001 -24"><span class='ocrx_word' id='word_1_640' title='bbox 2179 4345 2394 4400; x_wconf 74' lang='grc' dir='ltr'>Παῦλον</span> <span class='ocrx_word' id='word_1_641' title='bbox 2433 4347 2559 4408; x_wconf 87' lang='grc' dir='ltr'>τοὺς</span> <span class='ocrx_word' id='word_1_642' title='bbox 2589 4345 2924 4424; x_wconf 77' lang='grc' dir='ltr'>κορυφαίους</span> <span class='ocrx_word' id='word_1_643' title='bbox 2980 4352 3088 4403; x_wconf 83' lang='grc' dir='ltr'>τῶν</span> <span class='ocrx_word' id='word_1_644' title='bbox 3145 4347 3470 4405; x_wconf 83' lang='grc' dir='ltr'>ἀποστόλων</span> <span class='ocrx_word' id='word_1_645' title='bbox 3527 4349 3648 4422; x_wconf 86' lang='grc' dir='ltr'>παρ’</span> <span class='ocrx_word' id='word_1_646' title='bbox 3694 4343 3791 4400; x_wconf 71' lang='grc' dir='ltr'>ἐκά-</span> 
     </span>
    </p>
   </div>
   <div class='ocr_carea' id='block_1_95' title="bbox 2176 4432 3789 4515">
    <p class='ocr_par' dir='ltr' id='par_1_95' title="bbox 2176 4432 3789 4515">
     <span class='ocr_line' id='line_1_95' title="bbox 2176 4432 3789 4515; baseline -0.003 -26"><span class='ocrx_word' id='word_1_647' title='bbox 2176 4451 2304 4510; x_wconf 82' lang='grc' dir='ltr'>τερα</span> <span class='ocrx_word' id='word_1_648' title='bbox 2335 4432 2700 4505; x_wconf 72' lang='grc' dir='ltr'>ἅνεστήλωσε.</span> <span class='ocrx_word' id='word_1_649' title='bbox 2735 4435 2833 4491; x_wconf 80' lang='grc' dir='ltr'>Καὶ</span> <span class='ocrx_word' id='word_1_650' title='bbox 2873 4435 2938 4490; x_wconf 82' lang='grc' dir='ltr'>τὰ</span> <span class='ocrx_word' id='word_1_651' title='bbox 2981 4433 3150 4492; x_wconf 73' lang='grc' dir='ltr'>λοιπὰ</span> <span class='ocrx_word' id='word_1_652' title='bbox 3200 4433 3258 4492; x_wconf 68' lang='grc' dir='ltr'>δὲ</span> <span class='ocrx_word' id='word_1_653' title='bbox 3305 4437 3564 4515; x_wconf 78' lang='grc' dir='ltr'>ῥήγματα</span> <span class='ocrx_word' id='word_1_654' title='bbox 3615 4436 3690 4490; x_wconf 76' lang='grc' dir='ltr'>καί</span> <span class='ocrx_word' id='word_1_655' title='bbox 3739 4432 3789 4485; x_wconf 79' lang='grc' dir='ltr'>τὰ</span> 
     </span>
    </p>
   </div>
   <div class='ocr_carea' id='block_1_96' title="bbox 2178 4521 3790 4602">
    <p class='ocr_par' dir='ltr' id='par_1_96' title="bbox 2178 4521 3790 4602">
     <span class='ocr_line' id='line_1_96' title="bbox 2178 4521 3790 4602; baseline -0.001 -26"><span class='ocrx_word' id='word_1_656' title='bbox 2178 4523 2512 4597; x_wconf 79' lang='grc' dir='ltr'>σαθρώματα</span> <span class='ocrx_word' id='word_1_657' title='bbox 2560 4526 2670 4578; x_wconf 82' lang='grc' dir='ltr'>τῶν</span> <span class='ocrx_word' id='word_1_658' title='bbox 2721 4522 2928 4598; x_wconf 75' lang='grc' dir='ltr'>τοίχων</span> <span class='ocrx_word' id='word_1_659' title='bbox 2987 4522 3450 4600; x_wconf 74' lang='grc' dir='ltr'>ἐπηνωρθώσατο.</span> <span class='ocrx_word' id='word_1_660' title='bbox 3514 4521 3790 4602; x_wconf 69' lang='grc' dir='ltr'>Παρεμοθή·</span> 
     </span>
    </p>
   </div>
   <div class='ocr_carea' id='block_1_97' title="bbox 2177 4608 3788 4688">
    <p class='ocr_par' dir='ltr' id='par_1_97' title="bbox 2177 4608 3788 4688">
     <span class='ocr_line' id='line_1_97' title="bbox 2177 4608 3788 4688; baseline -0.001 -24"><span class='ocrx_word' id='word_1_661' title='bbox 2177 4629 2307 4665; x_wconf 90' lang='grc' dir='ltr'>σατο</span> <span class='ocrx_word' id='word_1_662' title='bbox 2373 4608 2434 4666; x_wconf 68' lang='grc' dir='ltr'>δέ</span> <span class='ocrx_word' id='word_1_663' title='bbox 2483 4609 2576 4666; x_wconf 86' lang='grc' dir='ltr'>καὶ</span> <span class='ocrx_word' id='word_1_664' title='bbox 2632 4611 2730 4672; x_wconf 80' lang='grc' dir='ltr'>τὰς</span> <span class='ocrx_word' id='word_1_665' title='bbox 2785 4611 3092 4688; x_wconf 84' lang='grc' dir='ltr'>προσόδους</span> <span class='ocrx_word' id='word_1_666' title='bbox 3152 4613 3564 4687; x_wconf 80' lang='grc' dir='ltr'>ἐλαττωθείσας,</span> <span class='ocrx_word' id='word_1_667' title='bbox 3641 4612 3788 4678; x_wconf 69' lang='grc' dir='ltr'>ἐνοειᾳ</span> 
     </span>
    </p>
   </div>
   <div class='ocr_carea' id='block_1_98' title="bbox 2177 4695 3786 4776">
    <p class='ocr_par' dir='ltr' id='par_1_98' title="bbox 2177 4695 3786 4776">
     <span class='ocr_line' id='line_1_98' title="bbox 2177 4695 3786 4776; baseline -0.002 -23"><span class='ocrx_word' id='word_1_668' title='bbox 2177 4697 2368 4755; x_wconf 87' lang='grc' dir='ltr'>ἐλαίου</span> <span class='ocrx_word' id='word_1_669' title='bbox 2397 4703 2506 4755; x_wconf 83' lang='grc' dir='ltr'>τῶν</span> <span class='ocrx_word' id='word_1_670' title='bbox 2539 4699 2700 4774; x_wconf 72' lang='grc' dir='ltr'>ἱερῶν</span> <span class='ocrx_word' id='word_1_671' title='bbox 2760 4695 2984 4776; x_wconf 80' lang='grc' dir='ltr'>λύχνων</span> <span class='ocrx_word' id='word_1_672' title='bbox 3036 4697 3441 4774; x_wconf 73' lang='grc' dir='ltr'>ἀποσϐεσθῆναι</span> <span class='ocrx_word' id='word_1_673' title='bbox 3487 4698 3786 4759; x_wconf 85' lang='grc' dir='ltr'>κινδυνευόν-</span> 
     </span>
    </p>
   </div>
   <div class='ocr_carea' id='block_1_99' title="bbox 2177 4787 3782 4870">
    <p class='ocr_par' dir='ltr' id='par_1_99' title="bbox 2177 4787 3782 4870">
     <span class='ocr_line' id='line_1_99' title="bbox 2177 4787 3782 4870; baseline -0.001 -26"><span class='ocrx_word' id='word_1_674' title='bbox 2177 4809 2308 4859; x_wconf 87' lang='grc' dir='ltr'>των,</span> <span class='ocrx_word' id='word_1_675' title='bbox 2370 4787 2549 4863; x_wconf 79' lang='grc' dir='ltr'>δωρεᾷ</span> <span class='ocrx_word' id='word_1_676' title='bbox 2609 4789 2866 4863; x_wconf 74' lang='grc' dir='ltr'>μεγίστου</span> <span class='ocrx_word' id='word_1_677' title='bbox 2947 4795 3229 4866; x_wconf 70' lang='grc' dir='ltr'>κτήματος</span> <span class='ocrx_word' id='word_1_678' title='bbox 3285 4793 3316 4848; x_wconf 77' lang='grc' dir='ltr'>ὅ</span> <span class='ocrx_word' id='word_1_679' title='bbox 3369 4788 3782 4870; x_wconf 73' lang='grc' dir='ltr'>προσαγορεόετιιι</span> 
     </span>
    </p>
   </div>
   <div class='ocr_carea' id='block_1_100' title="bbox 2179 4877 3784 4958">
    <p class='ocr_par' dir='ltr' id='par_1_100' title="bbox 2179 4877 3784 4958">
     <span class='ocr_line' id='line_1_100' title="bbox 2179 4877 3784 4958; baseline 0.002 -25"><span class='ocrx_word' id='word_1_680' title='bbox 2179 4877 2408 4948; x_wconf 58' lang='lat' dir='ltr'><strong>Maii-tia,</strong></span> <span class='ocrx_word' id='word_1_681' title='bbox 2437 4884 2555 4941; x_wconf 84' lang='grc' dir='ltr'>τοῖς</span> <span class='ocrx_word' id='word_1_682' title='bbox 2584 4897 2644 4933; x_wconf 89' lang='grc' dir='ltr'>τε</span> <span class='ocrx_word' id='word_1_683' title='bbox 2673 4877 2906 4954; x_wconf 76' lang='grc' dir='ltr'>λύχνοις</span> <span class='ocrx_word' id='word_1_684' title='bbox 2931 4881 2995 4935; x_wconf 84' lang='grc' dir='ltr'>τὸ</span> <span class='ocrx_word' id='word_1_685' title='bbox 3049 4886 3164 4956; x_wconf 71' lang='grc' dir='ltr'>φῶς</span> <span class='ocrx_word' id='word_1_686' title='bbox 3215 4877 3474 4938; x_wconf 75' lang='grc' dir='ltr'>ἄσϐεστον</span> <span class='ocrx_word' id='word_1_687' title='bbox 3515 4881 3784 4958; x_wconf 71' lang='grc' dir='ltr'>ἐχορήγησε</span> 
     </span>
    </p>
   </div>
   <div class='ocr_carea' id='block_1_101' title="bbox 2176 4966 3784 5046">
    <p class='ocr_par' dir='ltr' id='par_1_101' title="bbox 2176 4966 3784 5046">
     <span class='ocr_line' id='line_1_101' title="bbox 2176 4966 3784 5046; baseline 0.001 -24"><span class='ocrx_word' id='word_1_688' title='bbox 2176 4967 2268 5022; x_wconf 83' lang='grc' dir='ltr'>καὶ</span> <span class='ocrx_word' id='word_1_689' title='bbox 2315 4971 2436 5028; x_wconf 81' lang='grc' dir='ltr'>τοῖς</span> <span class='ocrx_word' id='word_1_690' title='bbox 2506 4966 2843 5040; x_wconf 78' lang='grc' dir='ltr'>ὑμνοπόλοις</span> <span class='ocrx_word' id='word_1_691' title='bbox 2897 4973 2992 5024; x_wconf 76' lang='grc' dir='ltr'>τοῦ</span> <span class='ocrx_word' id='word_1_692' title='bbox 3050 4969 3196 5033; x_wconf 84' lang='grc' dir='ltr'>θείου</span> <span class='ocrx_word' id='word_1_693' title='bbox 3251 4975 3384 5026; x_wconf 76' lang='grc' dir='ltr'>ναοῦ</span> <span class='ocrx_word' id='word_1_694' title='bbox 3442 4967 3784 5046; x_wconf 66' lang='grc' dir='ltr'>δαψιλεστερον</span> 
     </span>
    </p>
   </div>
   <div class='ocr_carea' id='block_1_102' title="bbox 2178 5053 3780 5136">
    <p class='ocr_par' dir='ltr' id='par_1_102' title="bbox 2178 5053 3780 5136">
     <span class='ocr_line' id='line_1_102' title="bbox 2178 5053 3780 5136; baseline -0.002 -26"><span class='ocrx_word' id='word_1_695' title='bbox 2178 5057 2536 5132; x_wconf 82' lang='grc' dir='ltr'>χορηγεῖσθαι</span> <span class='ocrx_word' id='word_1_696' title='bbox 2598 5055 2821 5126; x_wconf 75' lang='grc' dir='ltr'>ἐποίησε</span> <span class='ocrx_word' id='word_1_697' title='bbox 2873 5057 2941 5112; x_wconf 80' lang='grc' dir='ltr'>τὰ</span> <span class='ocrx_word' id='word_1_698' title='bbox 3001 5057 3210 5134; x_wconf 79' lang='grc' dir='ltr'>ὀψώνια</span> <span class='ocrx_word' id='word_1_699' title='bbox 3274 5058 3334 5116; x_wconf 83' lang='grc' dir='ltr'>ἐκ</span> <span class='ocrx_word' id='word_1_700' title='bbox 3387 5065 3489 5132; x_wconf 71' lang='grc' dir='ltr'>τῆς</span> <span class='ocrx_word' id='word_1_701' title='bbox 3544 5053 3780 5136; x_wconf 80' lang='grc' dir='ltr'>προσόδου</span> 
     </span>
    </p>
   </div>
   <div class='ocr_carea' id='block_1_103' title="bbox 2175 5145 3780 5218">
    <p class='ocr_par' dir='ltr' id='par_1_103' title="bbox 2175 5145 3780 5218">
     <span class='ocr_line' id='line_1_103' title="bbox 2175 5145 3780 5218; baseline -0.001 -16"><span class='ocrx_word' id='word_1_702' title='bbox 2175 5149 2271 5202; x_wconf 77' lang='grc' dir='ltr'>τοῦ</span> <span class='ocrx_word' id='word_1_703' title='bbox 2329 5147 2633 5218; x_wconf 82' lang='grc' dir='ltr'>κτήματος.</span> <span class='ocrx_word' id='word_1_704' title='bbox 2693 5145 2797 5203; x_wconf 82' lang='grc' dir='ltr'>Καὶ</span> <span class='ocrx_word' id='word_1_705' title='bbox 2853 5146 2946 5201; x_wconf 81' lang='grc' dir='ltr'>τὸν</span> <span class='ocrx_word' id='word_1_706' title='bbox 3004 5148 3148 5204; x_wconf 80' lang='grc' dir='ltr'>θεῖον</span> <span class='ocrx_word' id='word_1_707' title='bbox 3207 5145 3268 5204; x_wconf 67' lang='grc' dir='ltr'>δὲ</span> <span class='ocrx_word' id='word_1_708' title='bbox 3329 5150 3438 5206; x_wconf 83' lang='grc' dir='ltr'>τῶν</span> <span class='ocrx_word' id='word_1_709' title='bbox 3499 5145 3780 5206; x_wconf 80' lang='grc' dir='ltr'>ἀποστόλων</span> 
     </span>
    </p>
   </div>
   <div class='ocr_carea' id='block_1_104' title="bbox 2179 5235 3782 5316">
    <p class='ocr_par' dir='ltr' id='par_1_104' title="bbox 2179 5235 3782 5316">
     <span class='ocr_line' id='line_1_104' title="bbox 2179 5235 3782 5316; baseline 0 -22"><span class='ocrx_word' id='word_1_710' title='bbox 2179 5239 2308 5294; x_wconf 84' lang='grc' dir='ltr'>ναὸν</span> <span class='ocrx_word' id='word_1_711' title='bbox 2334 5235 2436 5306; x_wconf 76' lang='grc' dir='ltr'>τῆς</span> <span class='ocrx_word' id='word_1_712' title='bbox 2478 5237 2746 5314; x_wconf 68' lang='grc' dir='ltr'>προτέρας</span> <span class='ocrx_word' id='word_1_713' title='bbox 2807 5236 3125 5312; x_wconf 73' lang='grc' dir='ltr'>εὐπρεπείας</span> <span class='ocrx_word' id='word_1_714' title='bbox 3179 5237 3502 5298; x_wconf 82' lang='grc' dir='ltr'>δια-πεσόντα</span> <span class='ocrx_word' id='word_1_715' title='bbox 3541 5239 3782 5316; x_wconf 78' lang='grc' dir='ltr'>ἐρείσμασι</span> 
     </span>
    </p>
   </div>
   <div class='ocr_carea' id='block_1_105' title="bbox 2180 5325 3782 5404">
    <p class='ocr_par' dir='ltr' id='par_1_105' title="bbox 2180 5325 3782 5404">
     <span class='ocr_line' id='line_1_105' title="bbox 2180 5325 3782 5404; baseline -0.001 -22"><span class='ocrx_word' id='word_1_716' title='bbox 2180 5326 2270 5382; x_wconf 76' lang='grc' dir='ltr'>καὶ</span> <span class='ocrx_word' id='word_1_717' title='bbox 2297 5331 2414 5388; x_wconf 82' lang='grc' dir='ltr'>ταῖς</span> <span class='ocrx_word' id='word_1_718' title='bbox 2469 5329 2580 5380; x_wconf 84' lang='grc' dir='ltr'>αῶν</span> <span class='ocrx_word' id='word_1_719' title='bbox 2644 5325 3037 5397; x_wconf 87' lang='grc' dir='ltr'>πεπονηκότων</span> <span class='ocrx_word' id='word_1_720' title='bbox 3097 5328 3378 5404; x_wconf 75' lang='grc' dir='ltr'>βοηθείαις</span> <span class='ocrx_word' id='word_1_721' title='bbox 3434 5326 3782 5404; x_wconf 73' lang='grc' dir='ltr'>κατοχυρώσας</span> 
     </span>
    </p>
   </div>
   <div class='ocr_carea' id='block_1_106' title="bbox 1591 5425 2606 5486">
    <p class='ocr_par' dir='ltr' id='par_1_106' title="bbox 1591 5425 2606 5486">
     <span class='ocr_line' id='line_1_106' title="bbox 1591 5425 2606 5486; baseline 0 -4"><span class='ocrx_word' id='word_1_722' title='bbox 1591 5426 1962 5486; x_wconf 77' lang='lat' dir='ltr'>XYLANDRI</span> <span class='ocrx_word' id='word_1_723' title='bbox 1999 5428 2088 5484; x_wconf 89' lang='lat' dir='ltr'>ET</span> <span class='ocrx_word' id='word_1_724' title='bbox 2125 5427 2346 5486; x_wconf 80' lang='lat' dir='ltr'>GOARI</span> <span class='ocrx_word' id='word_1_725' title='bbox 2383 5425 2606 5484; x_wconf 72' lang='lat' dir='ltr'>NOTE.</span> 
     </span>
    </p>
   </div>
   <div class='ocr_carea' id='block_1_107' title="bbox 487 5521 2065 5596">
    <p class='ocr_par' dir='ltr' id='par_1_107' title="bbox 487 5521 2065 5596">
     <span class='ocr_line' id='line_1_107' title="bbox 487 5521 2065 5596; baseline 0.006 -24"><span class='ocrx_word' id='word_1_726' title='bbox 487 5521 560 5590; x_wconf 89' lang='lat'>(2)</span> <span class='ocrx_word' id='word_1_727' title='bbox 587 5522 766 5596; x_wconf 74' lang='lat' dir='ltr'><strong>Quju_s</strong></span> <span class='ocrx_word' id='word_1_728' title='bbox 787 5522 1076 5596; x_wconf 82' lang='lat' dir='ltr'><strong>templum</strong></span> <span class='ocrx_word' id='word_1_729' title='bbox 1126 5521 1424 5596; x_wconf 79' lang='grc' dir='ltr'>ἐξώπορτα,</span> <span class='ocrx_word' id='word_1_730' title='bbox 1459 5529 1623 5579; x_wconf 84' lang='lat' dir='ltr'><strong>extra</strong></span> <span class='ocrx_word' id='word_1_731' title='bbox 1643 5523 1850 5580; x_wconf 90' lang='lat' dir='ltr'><strong>urbem</strong></span> <span class='ocrx_word' id='word_1_732' title='bbox 1881 5523 2065 5581; x_wconf 84' lang='lat' dir='ltr'><strong>fuisse</strong></span> 
     </span>
    </p>
   </div>
   <div class='ocr_carea' id='block_1_108' title="bbox 414 5589 1359 5666">
    <p class='ocr_par' dir='ltr' id='par_1_108' title="bbox 414 5589 1359 5666">
     <span class='ocr_line' id='line_1_108' title="bbox 414 5589 1359 5666; baseline 0.007 -22"><span class='ocrx_word' id='word_1_733' title='bbox 414 5589 684 5666; x_wconf 72' lang='lat' dir='ltr'><strong>ostendit</strong></span> <span class='ocrx_word' id='word_1_734' title='bbox 709 5589 1359 5666; x_wconf 61' lang='grc' dir='ltr'>ῌυοὴοῐοείιιῃιζῦοεὶι.</span> 
     </span>
    </p>
   </div>
   <div class='ocr_carea' id='block_1_109' title="bbox 483 5659 2061 5738">
    <p class='ocr_par' dir='ltr' id='par_1_109' title="bbox 483 5659 2061 5738">
     <span class='ocr_line' id='line_1_109' title="bbox 483 5659 2061 5738; baseline 0.005 -23"><span class='ocrx_word' id='word_1_735' title='bbox 483 5662 568 5734; x_wconf 82' lang='grc'>(3)</span> <span class='ocrx_word' id='word_1_736' title='bbox 602 5659 906 5734; x_wconf 80' lang='grc' dir='ltr'>Σπαθάριοι</span> <span class='ocrx_word' id='word_1_737' title='bbox 964 5659 1252 5720; x_wconf 71' lang='grc' dir='ltr'>ἐαιειιίιεε</span> <span class='ocrx_word' id='word_1_738' title='bbox 1283 5674 1442 5731; x_wconf 84' lang='lat' dir='ltr'><strong>sunt,</strong></span> <span class='ocrx_word' id='word_1_739' title='bbox 1484 5670 1543 5720; x_wconf 81' lang='lat' dir='ltr'>at</span> <span class='ocrx_word' id='word_1_740' title='bbox 1573 5664 1784 5738; x_wconf 83' lang='lat' dir='ltr'><strong>spatha</strong></span> <span class='ocrx_word' id='word_1_741' title='bbox 1812 5668 2061 5724; x_wconf 79' lang='lat' dir='ltr'><strong>armati:</strong></span> 
     </span>
    </p>
   </div>
   <div class='ocr_carea' id='block_1_110' title="bbox 2184 5524 3780 5600">
    <p class='ocr_par' dir='ltr' id='par_1_110' title="bbox 2184 5524 3780 5600">
     <span class='ocr_line' id='line_1_110' title="bbox 2184 5524 3780 5600; baseline 0 -20"><span class='ocrx_word' id='word_1_742' title='bbox 2184 5525 2285 5596; x_wconf 88' lang='lat' dir='ltr'>qui</span> <span class='ocrx_word' id='word_1_743' title='bbox 2317 5528 2554 5596; x_wconf 63' lang='lat' dir='ltr'><strong>praeest,</strong></span> <span class='ocrx_word' id='word_1_744' title='bbox 2585 5524 3096 5600; x_wconf 62' lang='grc' dir='ltr'>πρωτοσπαθρριος,</span> <span class='ocrx_word' id='word_1_745' title='bbox 3130 5527 3232 5599; x_wconf 86' lang='lat' dir='ltr'>qui</span> <span class='ocrx_word' id='word_1_746' title='bbox 3279 5529 3458 5586; x_wconf 88' lang='lat' dir='ltr'><strong>etiam</strong></span> <span class='ocrx_word' id='word_1_747' title='bbox 3501 5525 3780 5600; x_wconf 84' lang='lat' dir='ltr'><strong>imperato-</strong></span> 
     </span>
    </p>
   </div>
   <div class='ocr_carea' id='block_1_111' title="bbox 2184 5594 3076 5670">
    <p class='ocr_par' dir='ltr' id='par_1_111' title="bbox 2184 5594 3076 5670">
     <span class='ocr_line' id='line_1_111' title="bbox 2184 5594 3076 5670; baseline 0 -18"><span class='ocrx_word' id='word_1_748' title='bbox 2184 5594 2472 5652; x_wconf 54' lang='lat' dir='ltr'><strong>fem‘esse</strong></span> <span class='ocrx_word' id='word_1_749' title='bbox 2502 5594 2867 5670; x_wconf 75' lang='lat' dir='ltr'><strong>accingebat.</strong></span> <span class='ocrx_word' id='word_1_750' title='bbox 2900 5594 3076 5653; x_wconf 64' lang='grc' dir='ltr'>δόλιε.</span> 
     </span>
    </p>
   </div>
  </div>
