4054 6286
258 388 415 451 1128

1378 392 1926 462 HISTORIARUM
1971 394 2508 463 COMPENDIUM.

3513 404 3669 472 1126

266 529 398 591 θῆκε
427 524 560 579 νεὼν
592 522 959 604 ἡϐώονταμ)
1015 531 1153 587 κατὰ
1208 532 1308 601 τήν
1358 522 1603 604 ποιησιν.
1663 529 1761 586 Καὶ
1817 529 1889 586 τὸε

2024 538 2331 591 exstruxit.
2358 538 2476 593 Hoc
2508 539 2683 595 modo
2723 540 2901 595 etiam
2934 540 3286 596 instauravit
3316 541 3503 598 eadem
3544 544 3665 600 Ste-

259 612 410 688 ίιτῇ
456 620 612 691 Πηγῇ
665 615 721 672 δὲ
777 620 854 691 (5)
909 626 1009 689 τῆς
1070 620 1336 677 Θεοτόκου
1393 622 1522 676 ναὸν
1578 623 1640 677 τὸ
1672 620 1905 693 ἀρχαῖον

259 694 609 758 ἀποϐαλόντα
659 703 870 769 κάλλος
928 709 1281 764 ἀνενεώσατο.
1336 711 1438 767 Καὶ
1490 711 1581 764 τὸν
1636 704 1818 782 ἕτερον
1852 703 1910 761 δὶ

255 796 354 858 τῆς
426 794 691 847 Θεοτὸκου
749 796 898 862 ναὸν,
960 798 1019 858 ὃς
1076 798 1139 852 τὸ
1205 799 1387 875 Σίγμα
1445 797 1905 870 κατονομάζεται,

262 877 443 934 τέλεον
479 880 581 936 ὑπὸ
640 888 868 955 σεισμοῦ
920 887 1311 955 καταπεσόντα,
1346 887 1402 942 ἐκ
1453 887 1667 962 βάθρων
1696 884 1905 958 ἀνῳκο-

257 964 465 1040 δόμησε
547 972 637 1025 καὶ
723 971 939 1050 ἑδραῖον
999 977 1087 1031 καί
1149 975 1482 1050 ὡραιὸτατον
1542 979 1578 1047 ἢ
1637 979 1906 1051 πρότερον

253 1056 638 1131 ἀπειργάσατο·
672 1062 762 1116 καὶ
819 1066 912 1118 τὸν
969 1064 1021 1120 ἐν
1081 1064 1452 1140 Αὐρηλιαναῖς
1506 1067 1784 1135 Στεφάνου
1809 1069 1905 1120 τοῦ

251 1150 716 1225 πρωτομάρτυρος
778 1150 939 1227 ἄχρις
1000 1152 1232 1229 ἐδάφους
1287 1156 1656 1211 καταπεσόντα
1703 1156 1762 1210 ἐκ
1818 1166 1902 1219 θεέ

256 1234 460 1307 μελίων
518 1240 791 1316 ἀνήγειρε.
855 1244 951 1297 Καὶ
1008 1243 1135 1304 τοὺς
1183 1242 1279 1298 δύο
1339 1242 1395 1300 δὲ
1449 1249 1551 1301 τοῦ
1594 1247 1903 1301 Βαπτιστοῦ

253 1326 451 1392 σηκοὺς
480 1324 535 1380 ἓν
566 1348 623 1382 τε
678 1334 747 1403 τῇ
808 1327 1116 1406 Στροϐήλῳ
1171 1332 1261 1387 καὶ
1318 1332 1749 1396 Μακεδονιαναῖς
1812 1334 1904 1387 τὸν

255 1412 347 1485 μὶν
381 1413 439 1468 ἐκ
472 1416 685 1490 βάθρων
718 1420 986 1494 ἀνήγειρε,
1043 1425 1139 1476 τοῦ
1196 1421 1252 1476 δὲ
1304 1422 1363 1477 τὸ
1393 1420 1655 1478 πλεῖστον
1685 1422 1899 1496 ἀνῳκο-

266 1499 495 1574 δόμησε.
530 1509 632 1560 Καὶ
661 1508 752 1561 τὸν
786 1513 883 1561 τοῦ
915 1509 1226 1565 ἀποστόλου
1260 1510 1317 1566 δὲ
1348 1511 1657 1582 Φιλίππου,
1688 1512 1777 1567 καὶ
1805 1512 1898 1566 τὸν

257 1594 393 1665 πρὸς
453 1594 677 1669 ἑσπέραν
760 1596 924 1651 αὐτοῦ
1006 1599 1250 1672 κείμενον
1328 1604 1426 1656 τοῦ
1510 1601 1900 1677 εὐαγγελιστοῦ

250 1686 451 1751 Λουκᾶ,
500 1682 694 1739 πτώλα
752 1688 1012 1749 πεσόντας
1072 1685 1263 1755 δεινὸν,
1317 1688 1376 1746 ἐκ
1431 1691 1647 1765 βάθρων
1682 1690 1900 1745 ἀνέκτι-

249 1791 357 1827 σεν.
404 1773 803 1844 Ἐπεποιήσατο
867 1774 924 1831 δὲ
979 1778 1069 1832 καὶ
1120 1778 1182 1833 τὸ
1216 1780 1352 1855 μέγα
1408 1782 1632 1852 τέμενος
1668 1779 1898 1837 Μωκίου

247 1864 345 1912 τοῦ
427 1861 720 1935 μάρτυρος,
789 1864 878 1919 καὶ
936 1865 999 1920 τὸ
1058 1864 1254 1921 ἄδυτον
1301 1866 1498 1922 τούτου
1555 1862 1893 1937 καταϐληθεν

250 1943 374 2021 ἔχει
431 1955 560 2021 γῆς,
616 1951 689 2013 ὡς
747 1952 838 2006 καὶ
915 1955 1014 2023 τήν
1071 1954 1218 2030 ἱερὰν
1275 1957 1522 2026 κατεάξαι
1601 1956 1892 2030 τράπεζαν,

250 2033 568 2109 ἐπιμελείας
623 2040 819 2109 ἠξίωσε
871 2042 961 2095 καὶ
1018 2045 1116 2097 τοῦ
1174 2043 1468 2116 πτώματος
1514 2041 1739 2117 ἤγειρε.
1795 2044 1897 2100 Καὶ

246 2126 339 2181 τὸν
384 2125 759 2197 πλησιάζοντα
814 2128 871 2185 δὲ
920 2130 1099 2204 τούτῳ
1149 2132 1411 2207 Ἀνδρέου
1440 2137 1537 2188 τοῦ
1566 2132 1897 2209 πρωτοκλή-

243 2216 335 2271 τόν
364 2217 741 2288 πλησιάζοντα
772 2218 831 2274 δὲ
886 2221 1067 2294 τούτῳ
1100 2220 1354 2298 Ἀνδρέου
1410 2227 1506 2278 τοῦ
1565 2222 1896 2299 πρωτοκλή-

242 2326 339 2360 του
377 2308 504 2361 ναὸν
536 2309 770 2364 πεσόντα
821 2309 898 2371 είς
966 2311 1027 2366 τὸ
1080 2311 1312 2387 ἀρχαῖον
1362 2310 1571 2375 κάλλος
1623 2313 1893 2388 ἀνήγειρε.

246 2397 331 2468 [Ρ.
366 2398 490 2471 588]
526 2400 619 2453 Καὶ
679 2400 768 2453 τὸν
822 2402 922 2454 τοῦ
972 2399 1129 2475 αγίου
1185 2401 1473 2475 Ῥωμανοῦ
1529 2401 1621 2457 καὶ
1678 2404 1768 2457 τὸν
1798 2409 1899 2472 τῆς

238 2483 361 2559 γίας
417 2488 615 2551 ’Δννας
671 2488 721 2543 ἐν
776 2492 857 2560 τῷ
915 2491 1164 2564 Λευτὲρῳ
1225 2490 1314 2545 καὶ
1371 2492 1462 2546 τὸν
1520 2496 1616 2546 τοῦ
1652 2490 1890 2569 μεγαλο-

246 2574 521 2649 μάρτυρος
553 2578 875 2652 Δημητρίου
906 2577 996 2633 καὶ
1027 2580 1118 2633 τὸν
1148 2583 1245 2634 τοῦ
1308 2582 1578 2654 μάρτυρος
1628 2581 1895 2655 Αἰμιλια-

239 2666 337 2717 νοῦ
366 2663 461 2717 τὸν
494 2662 543 2717 ἐν
594 2669 663 2739 τῇ
715 2661 932 2740 Ῥἀϐδῳ
963 2667 1023 2722 ἐκ
1068 2666 1317 2723 παλαιῶν
1374 2668 1526 2731 νὲους
1583 2669 1888 2745 εἴργασατο.

237 2752 365 2808 Ἐπὲ
416 2752 634 2816 τούτοις
692 2755 780 2809 καὶ
837 2756 926 2810 τὸν
982 2760 1079 2811 τοῦ
1110 2757 1271 2832 ἁγίου
1326 2757 1601 2830 Ναζαρίου
1654 2777 1886 2812 καταπε-

242 2841 402 2897 σόντα
452 2843 709 2915 ἀνέστησε
743 2888 756 2901 .
819 2846 927 2902 Κάν
980 2851 1098 2908 τοῖς
1162 2841 1427 2920 ἐμϐόλοις
1477 2851 1576 2901 τοῦ
1626 2847 1890 2920 Δομνίνου

240 2932 332 2986 τὸν
388 2934 490 2999 τῆς
548 2935 791 3006 Χριστοῦ
841 2935 1176 2997 ἀναστάσεως
1229 2935 1318 2990 καὶ
1378 2935 1731 2999 Ἀναστασίας
1787 2942 1892 3006 τῆς

243 3022 520 3096 μάρτυρος
569 3021 879 3097 περικαλλῆ
947 3025 1072 3079 ναὸν
1133 3024 1487 3087 ἐπισκευάσας
1552 3024 1889 3101 ἐλάμπρυνε,

240 3108 453 3179 λιθίνην
515 3112 629 3167 ἀντὶ
690 3112 911 3183 ξυλίνης
968 3116 1067 3183 την
1111 3114 1322 3192 ὀροφήν
1354 3114 1745 3191 ἐργασάμενος.
1782 3116 1887 3171 Καὶ

234 3197 528 3263 Πλάτωνος
585 3205 683 3256 τοῦ
759 3202 1001 3277 μεγάλου
1075 3204 1126 3258 ἐν
1210 3204 1444 3279 μάρτυσι
1503 3205 1737 3260 πεσόντα
1794 3204 1884 3258 ἀν-

2020 626 2201 696 phani
2231 636 2557 698 martyrum
2588 629 2894 701 principis.
2929 644 3059 701 quae
3090 630 3150 685 in
3175 630 3505 686 Aurelianis
3526 650 3668 689 con-

2017 713 2140 770 dita
2173 716 2336 771 humi
2384 719 2799 790 procubuerat.
2839 720 3112 791 Baptista:
3168 721 3305 776 fana
3330 721 3469 780 duo.
3515 741 3665 795 quo-

2014 821 2146 860 rum
2177 807 2289 862 hoc
2321 809 2380 862 in
2431 808 2699 864 Strobelo
2730 809 2881 864 Illud
2914 810 2973 864 in
3020 810 3480 880 Macedonianis,
3514 814 3664 868 alte-

2017 912 2148 950 rum
2182 897 2410 969 majore
2440 898 2528 952 sui
2562 904 2727 969 parte
2760 901 3071 971 reparavit,
3108 901 3358 957 alterum
3390 917 3420 955 e
3452 902 3663 959 fonda—

2014 997 2233 1051 mentis
2265 997 2611 1053 substruxit.
2643 999 2972 1069 Itidemque
3006 999 3255 1071 Philippi
3298 1000 3569 1072 apostoli.
3605 1007 3665 1058 et

2017 1100 2148 1155 quae
2181 1086 2253 1141 ab
2283 1086 2395 1142 hac
2424 1104 2628 1143 versus
2662 1104 2935 1143 occasum
2968 1090 3109 1143 solis
3150 1089 3263 1144 sita
3310 1095 3453 1144 erat.
3493 1092 3658 1146 Lucas

2013 1172 2386 1247 evangelista:
2436 1176 2645 1245 aedem,
2698 1193 2932 1250 gravem
2987 1193 3190 1248 passas
3238 1177 3495 1239 ruinam.
3552 1195 3662 1234 nec

2011 1293 2132 1329 non
2183 1274 2473 1348 templum
2527 1293 2803 1350 magnum
2855 1275 3020 1331 Mocii
3074 1276 3370 1347 martyris,
3413 1278 3658 1349 ejusque

2013 1364 2319 1436 penetrale
2343 1365 2469 1421 solo
2501 1366 3015 1437 aequatumJ‘racta
3038 1366 3215 1420 etiam
3240 1382 3408 1421 sacra
3432 1382 3655 1437 mensa,

2010 1471 2040 1509 e
2093 1456 2400 1527 parietinis
2452 1456 2743 1512 excitavit.
2798 1457 3074 1512 Restituit
3122 1462 3181 1511 et
3226 1457 3493 1527 pristinas
3524 1457 3656 1528 pul-

2010 1543 2336 1599 chritudini
2391 1545 2672 1601 refectam
2725 1563 2792 1601 ex
2844 1545 3104 1618 collapsa
3160 1546 3348 1601 sedem
3409 1547 3657 1602 Andreas

2010 1635 2262 1707 apostoli
2312 1643 2450 1693 ante
2508 1638 2657 1692 alios
2707 1638 2915 1704 vocati,
2976 1637 3101 1691 istis
3160 1637 3460 1702 vicinam;
3518 1638 3657 1693 item

2011 1734 2201 1789 sancti
2234 1735 2484 1791 Romani
2517 1741 2570 1789 et
2603 1740 2822 1790 sanctae
2855 1736 3037 1789 Annae
3070 1735 3129 1788 in
3157 1735 3499 1799 Deutero,et
3530 1752 3660 1790 ma-

2007 1824 2106 1895 gni
2126 1823 2403 1896 martyris
2430 1823 3013 1896 Demetrii,martyris
3034 1823 3323 1878 AZmiliani
3348 1821 3407 1877 in
3432 1823 3655 1895 Rabdo,

1930 1904 1973 1969 Β
2009 1913 2079 1968 de
2113 1914 2375 1985 antiquis
2406 1930 2585 1969 novas
2618 1913 2862 1986 redegit.
2898 1912 3175 1968 Restituit
3207 1919 3263 1968 et
3307 1913 3493 1967 sancti
3545 1915 3656 1969 Na-

2006 2003 2140 2059 zarii
2196 2003 2382 2058 aedem
2436 2003 2763 2074 collapsam
2799 2021 2811 2057 :
2847 2009 2904 2057 et
2955 2001 3012 2057 in
3064 2001 3388 2075 porticibus
3425 2000 3653 2057 domini

2012 2093 2300 2165 templum
2336 2093 2790 2148 resurrectionis
2822 2092 3125 2159 Christi,et
3145 2092 3471 2147 Anastasim
3507 2108 3657 2147 mar—

2007 2181 2155 2253 tyris
2214 2182 2502 2238 refectum
2560 2182 2793 2238 ornavit
2848 2180 3101 2253 fastigio,
3179 2179 3337 2251 quod
3393 2180 3656 2253 ligneum

2006 2288 2144 2339 ante
2177 2282 2390 2352 fuerat,
2426 2284 2682 2355 lapideo.
2720 2282 2979 2338 Platonis
3008 2280 3210 2353 inclyti
3258 2282 3536 2352 martyris
3566 2282 3654 2336 fa-

2004 2389 2174 2441 num,
2224 2373 2384 2445 quod
2432 2377 2757 2441 corruerat,
2808 2372 3038 2438 erexit;
3090 2371 3464 2440 vicinumque
3520 2371 3657 2425 huic

2004 2459 2213 2517 fanum
2235 2461 2420 2518 nobili
2442 2462 2687 2517 victoria
2707 2461 3030 2534 insignium
3054 2465 3381 2530 martyrum
3405 2459 3649 2530 Hesperi

2006 2565 2067 2615 et
2096 2562 2222 2616 Ζοεο
2254 2560 2773 2626 condiditﬂuinm,
2801 2577 2931 2630 quas
2964 2558 3334 2627 imminebat,
3362 2557 3652 2613 subtraxit

2003 2650 2198 2706 Acacii
2234 2667 2470 2720 quoque
2511 2651 2718 2707 ιοιιο
2768 2649 3046 2721 martyris
3094 2648 3279 2703 sedem
3320 2647 3380 2701 in
3434 2648 3647 2717 Hepta-

2003 2739 2161 2794 scaio
2194 2740 2652 2813 (Septigradium
2679 2738 2979 2811 vorteres),
3014 2743 3072 2793 ct
3103 2737 3244 2792 Elius
3277 2736 3419 2791 vatis
3445 2736 3649 2791 fanum

2003 2827 2064 2883 in
2097 2827 2292 2883 Petrio
2324 2828 2635 2900 splendide
2665 2828 2941 2885 restituit.
2966 2825 3313 2883 instauravit
3344 2830 3399 2879 et
3433 2826 3651 2897 templa

2001 2924 2266 2996 palatina
2311 2926 2604 2981 Servatori
2651 2925 2905 2992 Christo,
2965 2922 3247 2979 Michaelo
3301 2922 3648 2994 angelorum

1999 3015 2253 3086 principi
2285 3020 2344 3070 et
2374 3015 2512 3069 Elius
2536 3014 2648 3070 vati
2681 3014 2952 3070 dedicata
2972 3017 3029 3068 et
3056 3012 3321 3083 Deiparae
3350 3028 3363 3065 :
3392 3029 3459 3066 ac
3481 3012 3648 3068 Nico-

1997 3103 2075 3159 lai
2109 3104 2265 3159 inter
2294 3120 2572 3175 proceres
2604 3102 3036 3160 ecclesiasticos
3067 3100 3462 3169 celeberrimi,
3487 3101 3647 3172 quod

1998 3195 2212 3247 Novam
2244 3194 2559 3248 nominant
2586 3192 2919 3255 ecclesiam.
2955 3190 3345 3262 insuperabili
3387 3190 3645 3261 pulchri-

232 3289 446 3360 ἔστησε,
513 3292 603 3345 καί
660 3293 753 3347 τὸν
809 3291 1103 3367 ἐγγίζοντα
1158 3293 1343 3367 τούτῳ
1388 3298 1495 3349 τῶν
1552 3293 1887 3351 καλλινίκων

2003 3282 2194 3337 ;udine
2222 3282 2548 3351 exornavit,
2584 3281 2876 3337 reditibus
2921 3280 2997 3337 ad
3028 3279 3302 3335 lucernas
3351 3284 3411 3334 et
3440 3296 3641 3335 neces-

240 3381 529 3455 μαρτύρων
556 3382 681 3437 ναὸν
722 3382 985 3457 Ἑσπέρου
1044 3403 1101 3439 τε
1159 3384 1249 3439 καὶ
1308 3390 1463 3454 Ζωῆς
1496 3384 1883 3457 ἐπεποίῆσατο.

233 3470 331 3524 Καὶ
359 3471 453 3525 τὸν
502 3469 595 3525 τοῦ
655 3472 930 3547 μάρτυρος
989 3474 1250 3528 Ἀκακίου
1308 3473 1361 3528 ἐν
1414 3495 1495 3547 τῳ
1523 3473 1885 3549 Ἑπτασκάλῳ

232 3564 439 3614 πτῶσιν
498 3560 825 3616 ἀπειλοῦντα
881 3562 1235 3625 ἐπισκευάσας
1288 3567 1386 3617 τοῦ
1444 3563 1738 3637 πτώματος
1782 3563 1885 3641 ἤρ-

234 3668 392 3704 πασε.
455 3647 865 3724 Παραπλησίως
922 3651 1013 3705 καὶ
1075 3651 1167 3706 τὸν
1227 3655 1325 3706 τοῦ
1372 3655 1661 3732 προφήτου
1690 3653 1884 3711 Ἠλίου

234 3739 372 3792 κατὰ
428 3739 491 3792 τὸ
548 3741 775 3813 Πετρίον
850 3739 1180 3811 ἀνεκτήσατο
1242 3746 1532 3817 Ααμπρῶς.
1602 3743 1884 3820 Ἀνήγειρε

235 3824 292 3882 δὲ
322 3826 409 3881 καὶ
442 3826 503 3881 ἐκ
534 3834 721 3896 καινῆς
750 3827 801 3883 ἐν
833 3834 952 3891 ταῖς
1012 3827 1314 3904 βασιλείοις
1373 3828 1569 3893 αὐλαῖς
1603 3830 1678 3893 είς
1710 3828 1883 3905 ὄνομα

232 3919 332 3970 τοῦ
355 3914 628 3970 Δεσπότου
671 3922 932 3987 Σωτῆρος
962 3921 1207 3992 Χριστοῦ
1250 3919 1339 3973 καὶ
1380 3922 1477 3973 τοῦ
1524 3920 1746 3993 πρώτου
1775 3926 1882 3977 τῶν

229 4002 479 4079 ἀγγέλων
508 4004 739 4079 Μιχαὴλ
766 4005 856 4059 καὶ
903 4004 1099 4062 Ἡλίου
1152 4005 1250 4061 τοῦ
1304 4008 1610 4085 προφήτου.
1668 4014 1791 4066 "Eu
1824 4006 1879 4064 δὲ

230 4095 448 4165 καὶτῆς
479 4097 835 4170 Θεομήτορος
891 4094 981 4150 καὶ
1038 4096 1319 4153 Νικολάου
1370 4102 1469 4152 τοῦ
1525 4100 1877 4173 περιωνύμου

1998 3371 2202 3426 sitates
2250 3387 2457 3427 eorum
2517 3370 2619 3441 qui
2678 3369 2883 3426 laudes
2940 3368 3171 3423 divinas
3236 3367 3646 3439 persolverent

1997 3469 2436 3525 sufficientibus
2463 3468 2820 3523 ditatam.De
2849 3484 2967 3538 qua
2997 3467 3142 3538 quid
3170 3467 3385 3523 attinet
3412 3465 3645 3537 prolixe

1994 3574 2261 3623 narrare,
2280 3573 2417 3615 cum
2447 3557 2644 3628 ipsum
2671 3572 2818 3629 opus
2849 3555 3358 3627 pulchritudinem
3384 3571 3553 3612 suam
3585 3560 3647 3611 et

1996 3653 2341 3718 sumptuum
2364 3647 2427 3701 in
2452 3646 2513 3700 id
2535 3647 2941 3716 impensorum
2961 3644 3330 3700 demonstret
3350 3643 3644 3715 magnitu-

1995 3735 2197 3790 dinem
2218 3735 2246 3789 Ἰ
2275 3734 2452 3790 Multa
2480 3734 2599 3789 alia
2616 3735 2796 3789 etiam
2824 3732 3071 3788 delubra
3100 3733 3163 3786 in
3192 3732 3412 3802 palatio
3444 3730 3647 3788 condi-

1994 3832 2178 3901 dit,de
2210 3832 2453 3887 nomine
2480 3832 2622 3886 Elite
2654 3829 3148 3897 vatis,Clementis
3179 3829 3479 3899 martyris,
3504 3830 3643 3885 Jesu

1995 3922 2338 3989 Servatoris,
2393 3923 2554 3978 Pauli
2609 3920 2881 3993 apostoli,
2934 3919 3222 3991 principis
3269 3919 3644 3974 exercituum

1991 4012 2340 4080 caelestium,
2385 4026 2639 4081 quorum
2691 4010 2751 4064 in
2802 4008 3158 4067 declaranda
3204 4013 3507 4063 venustate
3551 4008 3643 4063 vel

1989 4102 2224 4173 poetica
2252 4099 2536 4156 deficeret
2564 4098 3095 4172 magniloquentia.

229 4182 283 4237 ἐν
312 4181 598 4259 ἱεράρχαις
645 4184 736 4239 τὸν
794 4184 1104 4259 περικαλλῆ
1138 4186 1352 4242 τουτονὶ
1410 4187 1534 4242 ναὸν
1592 4188 1651 4242 ’ὀν
1704 4187 1836 4242 Νέαν
1898 4187 2191 4255 ἐκκλησίαν
2244 4189 2730 4262 κατονομάζουσιν,
2794 4185 2872 4250 εἱς
2929 4184 3249 4258 εὐπρὲπειαν
3310 4183 3400 4238 καὶ
3430 4182 3638 4247 κάλλος

228 4271 320 4326 καὶ
362 4270 674 4346 ὡραιότητα
733 4271 926 4346 μηδενὶ
971 4274 1138 4350 ἑτέρῳ
1200 4271 1512 4351 ὑπερϐολὴν
1567 4275 1603 4346 ἢ
1673 4275 1951 4352 σύγκρισιν
2009 4276 2510 4351 καταλιμπάνοντα,
2570 4272 2876 4351 προσόδους
2916 4293 2974 4329 τε
3031 4270 3207 4343 ἔταξεν
3264 4272 3447 4335 ἱκανὰς
3475 4271 3553 4337 εἵς
3579 4294 3640 4329 τε

231 4361 587 4439 φωταγωγίαν
641 4362 730 4416 καὶ
785 4363 971 4435 χρείαν
1035 4368 1143 4418 τῶν
1201 4361 1663 4442 δοξολογούντων.
1731 4356 1834 4422 Καί
1888 4366 1941 4422 τὶ
2000 4364 2083 4421 δεῖ
2130 4363 2395 4437 διεξιόντα
2451 4363 2541 4421 ἐπὶ
2606 4363 2775 4421 πλέον
2840 4363 3138 4435 μηκύνειν;
3198 4362 3330 4417 αὐτὸ
3359 4361 3423 4416 τὸ
3479 4357 3638 4437 ἔργον

224 4453 347 4509 τοῖς
380 4449 674 4522 θεωμένοις
702 4451 996 4528 παρίστησι
1052 4452 1150 4521 τὴν
1226 4452 1427 4507 οῗκείαν
1487 4452 1766 4522 καλλονήν
1820 4455 1909 4509 καὶ
1965 4452 2345 4511 πολυτέλειαν.
2406 4455 2509 4511 Καὶ
2557 4450 2763 4514 ἄλλους
2821 4452 2879 4506 at
2933 4449 3181 4513 πολλοὺς
3245 4451 3422 4514 θείους
3481 4449 3644 4512 ναοὺς

225 4536 376 4598 ἐντὸς
433 4541 529 4592 τοῦ
584 4537 847 4594 πολανίου
908 4539 1238 4613 ἐδομτςσατο,
1285 4539 1359 4603 είς
1408 4538 1584 4615 ὄνομα
1642 4541 1837 4598 Ἠλίου
1893 4547 1990 4599 τοῦ
2049 4545 2337 4621 προφήτου
2393 4542 2483 4598 καί
2540 4545 2638 4597 τοῦ
2699 4542 2970 4617 μάρτυρος
3022 4539 3340 4612 Κλήμεντος
3397 4538 3488 4594 καὶ
3544 4542 3643 4593 τοῦ

225 4631 492 4700 Σωτῆρος
549 4631 782 4703 Χριστοῦ
836 4629 927 4685 καὶ
975 4634 1072 4686 τοῦ
1121 4628 1430 4685 ἀποστόλου
1469 4631 1674 4707 Πέτρου
1705 4634 1795 4687 καὶ
1847 4636 1944 4688 τοῦ
2001 4631 2472 4711 ἀρχιστρατήγου,
2531 4630 2607 4685 ὧν
2656 4632 2757 4700 τήν
2817 4630 3135 4704 ὡραιότητα
3194 4629 3645 4705 παραστήσασθαι

222 4716 490 4785 ποιητιγὴ
523 4716 582 4771 ἃν
615 4717 852 4789 ἠτόνησε
886 4718 1286 4796 μεγαληγορία·

297 4802 491 4859 Πολλᾶ
521 4802 577 4860 δὶ
604 4806 700 4861 κὰν
740 4813 858 4870 τοῖς
891 4806 1193 4884 βασιλείοις
1242 4808 1553 4878 ἀνέστησεν,
1586 4810 1660 4873 ὡς
1702 4808 1759 4864 ἄν
1789 4832 1874 4874 τις

2058 4813 2235 4869 Multa
2264 4812 2443 4869 etiam
2489 4812 2552 4867 in
2598 4811 2821 4867 Palatio
2861 4827 2967 4882 pro
3017 4808 3476 4881 imperatoribus
3506 4824 3640 4865 vere

218 4891 413 4963 εἴποι,
476 4894 747 4969 βατιλεων
808 4896 1102 4972 βασίλεια⁶
1188 4901 1357 4952 ταῦτα
1414 4895 1471 4952 δὲ
1522 4899 1870 4974 ἀριθμεῖσθαι

2003 4904 2147 4976 regia
2191 4902 2442 4959 aedilicia
2488 4900 2802 4966 condidit;
2851 4916 2985 4971 quas
3036 4899 3241 4954 omnia
3286 4913 3640 4953 enumerare

220 4981 325 5038 οῦκ
353 4984 660 5058 ἀναγκαῖον.
715 4986 908 5061 Ἔργον
969 4983 1028 5041 δὲ
1075 4986 1271 5042 τούτου
1325 4993 1422 5043 τοῦ
1483 4986 1753 5063 βασιλέως
1783 4991 1874 5047 καὶ

215 5073 247 5127 ὁ
309 5069 605 5149 λεγόμενος
667 5076 817 5139 οἶκος
877 5077 945 5131 τὰ
992 5076 1257 5156 Μάγγανα
1307 5077 1396 5134 καὶ
1428 5079 1456 5132 ὁ
1488 5072 1667 5152 ἔτερος
1696 5082 1724 5135 ὁ
1755 5080 1874 5144 νέος

1985 4994 2139 5049 nihil
2215 4994 2447 5049 attinet.
2526 4993 2685 5063 Opus
2744 4990 2947 5046 Basilii
3025 4994 3116 5044 est
3172 4988 3350 5043 etiam
3424 4986 3638 5041 domus

1986 5098 2117 5154 quas
2190 5083 2615 5153 Manganorum
2673 5095 2894 5135 nomen
2950 5078 3123 5151 gerit,
3195 5082 3256 5132 et
3329 5074 3449 5131 alia
3504 5091 3636 5145 quas

1408 5178 1773 5237 XYLANDRI
1809 5182 1896 5235 ET
1936 5180 2149 5236 GOABI
2190 5180 2415 5237 NOTAE.

295 5270 409 5343 (44)
441 5272 590 5329 Sane
626 5280 684 5329 et
714 5274 1094 5333 scribendum
1119 5269 1406 5345 ἡϐώωντα.
1442 5278 1550 5342 Qui
1582 5295 1750 5333 error
1782 5296 1875 5335 me

221 5350 430 5418 monet
448 5349 514 5397 ut
543 5361 649 5418 pro
679 5345 812 5400 νεών
847 5349 1202 5405 sententiam
1229 5349 1496 5404 fortassis
1526 5346 1667 5417 νέον,
1700 5355 1767 5405 ut
1788 5357 1879 5405 est

220 5413 382 5493 apud
412 5413 674 5493 poetam,
697 5420 1004 5493 scripsisse
1024 5421 1378 5493 Cedrenum,
1414 5413 1663 5493 aliquos
1681 5422 1875 5493 suspi-

218 5491 479 5562 gaturos.
511 5490 631 5562 Ego
662 5494 860 5546 tamen
889 5490 1157 5548 allusisse
1189 5491 1365 5547 modo
1398 5490 1536 5548 eum
1570 5492 1643 5548 ad
1678 5490 1876 5549 locum

216 5552 459 5637 llomeri
468 5552 961 5689 su§picor,neqstie
976 5563 1229 5620 voliusse
1247 5562 1516 5637 templum
1526 5563 1841 5622 adolescen
1853 5597 1871 5608 -

216 5632 296 5682 tis
317 5644 562 5687 nomine
583 5631 841 5689 afﬁcere.
913 5632 987 5689 ed
1015 5633 1149 5687 νεών
1174 5635 1308 5689 (hoc
1334 5640 1427 5689 est
1448 5634 1594 5689 ναόν)
1616 5635 1871 5689 ﬁnitima

212 5631 296 5682 tis
317 5631 562 5707 nomine
578 5631 841 5707 afﬁcere.
865 5631 987 5690 Sed
1015 5633 1149 5687 νεών
1174 5635 1308 5703 (hoc
1334 5631 1427 5690 est
1448 5634 1594 5707 ναόν)
1616 5635 1873 5693 ﬁnitima

212 5700 626 5771 appellatione
663 5704 879 5761 dixisse
908 5722 920 5759 :
952 5718 1050 5762 res
1081 5700 1321 5761 estnon
1351 5707 1549 5771 magni
1575 5700 1870 5763 momenti

213 5770 281 5826 et
299 5770 593 5843 elegantia
603 5789 724 5833 non
737 5790 1168 5849 usquequaque
1178 5770 1659 5850 slsganslllusit
1671 5785 1872 5838 autem

1987 5276 2062 5333 ad
2100 5277 2398 5333 thnicis
2429 5277 2607 5331 verba
2637 5274 2802 5331 Iliad.
2836 5291 2891 5330 Ix
2927 5290 2939 5328 :
2970 5269 3103 5329 Οὐδ’
3136 5268 3191 5324 εἴ
3213 5270 3303 5325 κᾶν
3361 5289 3456 5341 μοι
3506 5268 3634 5341 ὁπο-

1987 5347 2142 5420 στᾼαίη
2211 5348 2342 5407 Θεὸς
2416 5346 2579 5420 αῦτὸς
2646 5350 2824 5420 Γῆρας
2906 5342 3173 5420 ἀποξύσας
3254 5342 3440 5410 θήσειν
3514 5340 3630 5398 νέον

1985 5416 2278 5489 ἡϐώὼντα.
2306 5418 2474 5484 Quod
2504 5416 2747 5491 propter
2775 5417 3174 5491 imperitiores
3199 5420 3503 5491 anpotato.

2058 5494 2135 5564 (3)
2166 5491 2481 5564 Proprium
2504 5486 2674 5564 puto,
2706 5489 2797 5546 vel
2846 5486 3211 5564 iqt'AéEoyrﬁv.
3265 5486 3446 5564 Paulo
3471 5492 3629 5564 post

1986 5553 2201 5635 plurali
2235 5553 2485 5635 numero
2510 5553 2569 5615 ἓν
2601 5553 2811 5635 πηγαῖς
2844 5560 2918 5635 ad
2952 5553 3155 5615 fontes
3176 5557 3349 5635 verti._
3394 5553 3625 5626 Δοξολο-

1984 5630 2217 5709 γοῦντας
2262 5634 2616 5709 paulo__post
2669 5630 2815 5709 verti
2865 5631 3156 5697 doctores,
3217 5630 3625 5709 conjecturam

1984 5701 2408 5778 secutumquod
2431 5701 2508 5761 iis
2533 5704 3095 5778 nonminusquam
3123 5701 3468 5778 cantoribus
3498 5714 3629 5771 pro-

1981 5777 2179 5835 babile
2209 5774 2289 5834 sit
2315 5782 2491 5834 aucta
2519 5781 2624 5834 aut
2648 5775 2807 5834 facta
2836 5774 3152 5851 stipendia.
3185 5774 3324 5831 Χπ..
