4056 6276
478 371 636 434 1127

1837 359 2157 424 GEORGII
2199 358 2538 422 GEDRENI

3697 377 3809 438 1128

472 509 628 562 Nova
656 505 1225 577 appellatur.Has,ut
1255 502 1356 573 qui
1385 501 1584 558 nollet
1604 501 1870 575 publicos
1901 501 2121 558 reditus

2251 493 2616 570 καλούμενος·
2680 496 2782 559 οὓς·
2831 497 2939 554 ἀπὸ
2993 501 3250 572 τοιαύτης
3306 506 3634 562 κατεσκεύασε
3670 529 3815 582 προαι-

470 597 534 650 in
592 611 731 650 usus
805 595 1066 666 privatos
1143 596 1396 660 vertere,
1458 591 1814 659 aedificavit;
1893 597 1952 646 et
2026 605 2119 642 re-

471 687 628 742 ditus
677 684 762 740 eis
811 701 882 740 ex
923 682 1304 756 agricultura:
1351 681 1774 737 emolumentis
1819 680 2129 737 constituit

471 775 740 844 idoneos,
823 774 980 829 unde
1062 771 1449 843 imperatorio
1553 773 1754 827 1041
1864 769 2126 826 convivio

474 883 580 938 pro
611 882 696 932 se,
725 869 784 918 et
812 864 888 918 iis
919 863 1020 934 qui
1053 867 1174 917 toto
1227 861 1368 918 anni
1418 861 1673 916 decursu
1715 859 2126 926 invitarentur,

475 955 837 1011 sufficientes
869 960 927 1008 et
949 951 1110 1023 juste
1156 951 1309 1022 parti
1341 955 1615 1022 sumptus
1657 949 2124 1022 suppeditarent.

473 1043 749 1100 Condidit
781 1043 960 1098 etiam
991 1041 1278 1113 palatium
1308 1040 1382 1095 ad
1412 1041 1652 1107 Fontes,
1686 1044 1746 1094 et
1775 1039 1835 1094 id
1867 1039 2027 1110 quod
2065 1039 2127 1093 in

473 1133 624 1188 Eriis
655 1137 782 1188 erat
814 1131 1131 1198 decoravit,
1165 1131 1426 1184 cisterna
1455 1134 1980 1200 repurgata,quam
2013 1129 2128 1182 He-

472 1223 690 1279 raclius
740 1222 1065 1292 imperator
1111 1225 1269 1274 terra
1299 1219 1531 1290 ingésta
1581 1217 2019 1288 complanatam
2067 1217 2127 1270 in

473 1313 714 1367 hortum
747 1308 1057 1364 arboribus
1089 1309 1200 1362 hac
1222 1306 1485 1362 oleribus
1505 1305 1847 1378 plantandis
1873 1309 2130 1360 mutave-

477 1405 662 1467 rat,ut
691 1404 750 1454 et
779 1398 1097 1454 cisternam
1129 1413 1259 1452 eam
1292 1412 1422 1466 quas
1449 1401 1540 1450 est
1567 1395 1640 1450 ad
1667 1397 2132 1467 Magnauram,et

477 1507 610 1560 quae
640 1489 798 1544 inter
827 1487 1156 1542 triclinium
1187 1485 1625 1540 Justinianeum
1656 1501 1724 1538 ac
1757 1484 2126 1540 Lausiacum.

478 1577 712 1633 Etenim
761 1576 1080 1648 praedictus
1135 1574 1441 1630 Heraclius
1492 1575 1838 1645 imperator,
1889 1591 2022 1628 cum
2075 1573 2128 1628 ei

472 1667 807 1738 Stephanus
837 1664 1228 1736 philosophus
1258 1663 1594 1718 examinato
1629 1662 1897 1718 siderum
1935 1661 2128 1732 qualis

468 1755 802 1826 fueratipso
822 1759 1100 1809 nascente
1119 1753 1316 1824 positu
1333 1751 1706 1824 praedixisset
1718 1767 1936 1822 aquam
1949 1751 2130 1805 inter-

2237 585 2460 658 ρὲσεως.
2497 586 2590 652 Mi?)
2640 585 2982 661 βουλόμενος
3041 591 3146 665 γὰρ
3202 594 3269 646 τὰ
3327 590 3555 667 δημόσια
3587 597 3815 670 πράγματα

2237 673 2314 734 εἰς
2375 673 2582 735 οἰκείας
2657 675 3071 731 κατανακίσκειν
3129 682 3318 754 χρείας
3394 703 3517 743 τους
3595 687 3820 750 τοιούτους

2235 758 2666 835 ἀνῳκοδόμησεν
2721 763 2930 833 οἷ’κους,
2989 767 3076 822 καὶ
3145 767 3442 843 προσόδους
3498 771 3555 826 ἐκ
3603 778 3819 849 γεωργίας

2235 847 2490 924 ἀπέταξεν
2521 851 2709 914 αὐτοῖς
2740 853 2947 922 ἱκανὰς,
2979 856 3070 930 ἀφ’
3109 859 3182 911 ὧν
3216 861 3250 928 ἡ
3289 857 3540 934 βασιλική
3584 847 3816 936 πανδαισίᾳ

2242 939 2410 994 αὐτοῦ
2441 961 2500 995 τε
2555 941 2650 995 καὶ
2681 946 2788 997 τῶν
2821 942 2917 999 ἀνὰ
2955 951 3058 1000 πᾶν
3093 942 3213 1008 ἔτος
3263 949 3353 1003 ὑπ’
3395 947 3554 1005 αὒτοῦ
3599 951 3818 1024 κεκληιιέ-

2235 1049 2342 1082 νων
2370 1027 2604 1108 ἄφθονον
2634 1031 2724 1086 καὶ
2757 1031 2964 1088 δικαίαν
3017 1037 3115 1105 τήν
3155 1037 3428 1112 χορηγίαν
3478 1034 3688 1112 ἔμελλεν
3711 1037 3820 1115 ἔχειν

2240 1115 2346 1172 ἀεὶ·
2382 1115 2730 1191 Ἐδομησατο
2790 1119 2848 1176 δὲ
2885 1124 2972 1178 xvi
3012 1123 3080 1179 τὰ
3140 1123 3193 1178 ἐν
3252 1132 3454 1201 Πηγαῖς
3493 1130 3724 1200 παλάτια,
3754 1108 3818 1185 iui

2237 1205 2304 1260 τὰ
2359 1204 2410 1260 ἐν
2460 1213 2579 1270 τοῖς
2635 1209 2840 1283 Ἠρίοις
2901 1211 3342 1287 ἐκαλλωπίσατο,
3397 1216 3709 1291 ἀνακαθάρας
3752 1221 3820 1274 καὶ

2235 1295 2334 1362 τήν
2383 1295 2788 1374 ἀπογεωθεῖσαν
2881 1301 3211 1377 κινστέρναν,
3297 1303 3361 1373 ἢν
3445 1305 3735 1380 ’Ἡράκλειος
3799 1310 3821 1362 ὁ

2241 1382 2496 1471 βασιλεὺς
2537 1387 2872 1462 προσχώσας
2901 1388 3227 1464 παράδεισον
3260 1398 3438 1468 φυτῶν
3485 1395 3574 1449 καὶ
3618 1394 3823 1471 λαχάνων

2239 1470 2542 1548 εἰργάσατο.
2583 1479 2749 1549 *Οπερ
2774 1475 3000 1548 ἐποίησε
3044 1481 3135 1534 καί
3211 1479 3264 1535 ἐν
3319 1485 3439 1542 ταῖς
3499 1470 3825 1547 οὕσαιςνέντὸς

2234 1564 2331 1616 τοῦ
2396 1561 2690 1634 παλατίου,
2729 1569 2798 1640 τῇ
2851 1587 2912 1621 τε
2967 1569 3074 1641 πρὸ
3129 1590 3230 1639 της
3285 1571 3604 1648 Μαγναύρας
3657 1574 3733 1627 καὶ

2241 1653 2438 1726 μεταξὺ
2471 1657 2850 1712 ’[ουστινιανοῦ
2876 1661 2973 1712 τοῦ
3027 1659 3337 1733 τρικλινίου
3368 1662 3458 1716 καὶ
3515 1663 3607 1718 τοῦ
3637 1669 3828 1718 Auum-

2237 1747 2335 1796 κοῦ
2371 1786 2385 1802 .
2435 1743 2496 1802 Ὁ
2545 1744 2651 1820 γὰρ
2703 1744 2991 1821 εἰρημένος
3053 1747 3307 1820 βασιλεὺς
3363 1749 3672 1826 Ἡράκλειος
3719 1754 3832 1826 παρα

471 1847 622 1902 itum
653 1843 764 1916 ipsi
795 1843 1126 1910 allaturam,
1173 1841 1464 1896 cisternas
1503 1846 1664 1896 terra
1712 1845 1991 1912 congesta
2020 1858 2121 1913 op-

2237 1831 2508 1936 Στεφάνου
2564 1837 2673 1936 τοῖ’),
2716 1832 3020 1914 φιλοσόφου
3065 1837 3275 1909 μαθὼν,
3309 1839 3392 1912 [Ρ.
3427 1843 3554 1912 589]
3597 1841 3686 1909 τὴν
3714 1863 3830 1917 γενε-

468 1933 752 2006 pleverat.
780 1933 984 2002 Itaque
1017 1930 1266 1986 Basilius
1297 1930 1617 1986 cisternam
1650 1929 1711 1984 in
1743 1929 1893 1984 Eriis
1925 1945 2125 2000 repur-

465 2023 642 2096 gavit,
673 2021 926 2094 locoque
959 2020 1113 2076 horti
1163 2019 1610 2090 receptaculum
1645 2035 1814 2089 aqua)
1868 2019 2120 2090 copiosa!

469 2128 536 2166 ac
568 2109 881 2182 pellucidm
927 2108 1202 2164 confecit.
1235 2109 1305 2162 Et
1333 2108 1396 2162 in
1445 2107 1572 2163 foro
1603 2107 1918 2162 aedificavit
1963 2111 2120 2162 tem-

469 2199 638 2272 plum
665 2199 1136 2271 pulcherrimum
1165 2197 1432 2270 Deiparae
1462 2201 1793 2262 sacrum,ut
1824 2196 1906 2251 ibi
1937 2213 2119 2268 nego-

471 2289 716 2345 tiatores
737 2288 979 2344 domum
996 2286 1584 2358 precibusfaciundis
1598 2291 1795 2357 aptam
1812 2285 2123 2352 haberent,

469 2395 606 2434 cum
665 2394 735 2433 eo
787 2377 916 2432 loco
975 2376 1050 2432 ob
1109 2375 1544 2447 negotiationes
1587 2379 2122 2430 commorerentur.

478 2466 676 2522 Sancti
707 2466 917 2520 Phocus
947 2464 1151 2519 fanum
1187 2466 1244 2518 in
1277 2465 1455 2519 Steno
1486 2463 2124 2531 adornavit,monasta-

473 2555 752 2624 riumque
781 2551 1373 2623 redegit,constitutis
1403 2568 1508 2622 pro
1541 2551 1614 2604 iis
1646 2549 1748 2620 qui
1780 2550 1842 2604 in
1873 2565 1940 2604 eo
1980 2549 2118 2604 reli-

472 2643 698 2715 giosam
725 2644 1075 2697 exercerent
1105 2639 1284 2695 vitam
1317 2638 1755 2694 sufﬁcientibus
1804 2636 2117 2692 reditibus.

473 2729 790 2787 Renovavit
823 2729 1003 2785 etiam
1034 2743 1317 2798 magnum
1349 2727 1540 2782 sancti
1571 2725 1840 2781 Michaeli
1880 2724 1941 2779 in
1985 2725 2118 2779 Sos-

471 2820 676 2876 thenio
708 2819 1020 2890 templum,
1054 2817 1211 2888 quod
1241 2823 1421 2872 antea
1465 2815 1747 2887 temporis
1793 2817 2118 2880 corruerat,

467 2913 528 2965 et
552 2909 626 2965 ad
657 2925 789 2964 eam
822 2924 940 2980 qua
968 2906 1145 2962 hodie
1175 2906 1386 2961 visitur
1415 2903 1772 2978 elegantiam
1817 2901 2114 2976 perduxit.

2235 1941 2316 1976 σιν
2349 1921 2516 1976 αὐτοῦ
2575 1920 3235 1999 πολυπραγγονήσαντος,
3277 1927 3351 1988 ὡς
3400 1926 3452 1997 ἐξ
3505 1925 3685 1991 ὕδατος
3711 1927 3835 1984 αὐτὸν

2235 2005 2318 2064 δεῖ
2343 2008 2624 2080 τελευτᾷν,
2655 2011 2751 2072 τὰς
2780 2015 2885 2066 τῶν
2936 2018 3280 2088 κινστερνῶν,
3333 2015 3408 2075 ὡς
3452 2014 3678 2090 εἴρηται,
3703 2038 3839 2091 προσ-

2233 2098 2438 2172 χώσεις
2498 2097 2804 2174 εἷργασατο.
2875 2101 2956 2157 Τὰ
3011 2100 3064 2156 ἐν
3113 2107 3230 2164 τοῖς
3276 2104 3487 2174 ’Πρίοις
3544 2105 3631 2161 οὗν
3673 2105 3837 2160 ἀποκα-

2235 2187 2400 2258 θάρας
2437 2187 2688 2274 βασίλεια
2727 2187 2805 2254 εἷ¹ς
2833 2190 2894 2244 τὸ
2938 2189 3168 2266 ἀρχαῖον
3226 2199 3427 2268 σχῆμα
3503 2193 3741 2272 ἀνήγαγε,
3767 2195 3836 2249 καὶ

2235 2275 2348 2330 ἀντὶ
2384 2273 2713 2352 παραδείσου
2773 2275 2992 2357 δοχεῖον
3053 2279 3424 2356 ἀπειργάσατο
3485 2282 3673 2346 ὕδατος
3700 2285 3830 2362 ἀρδό-

2233 2385 2328 2419 νου
2367 2365 2456 2419 καὶ
2523 2363 2781 2430 διειδοῦς.
2845 2365 3130 2442 Ἐδείματο
3188 2367 3246 2425 δὲ
3302 2371 3401 2426 κάν
3462 2377 3543 2444 τῷ
3572 2375 3713 2453 ρόρῳ
3735 2377 3828 2428 ναὸν

2230 2453 2726 2528 περικαλλέστατον
2785 2457 2868 2514 ἐπ’
2925 2459 3154 2532 ὀνόματι
3209 2464 3312 2527 τῆς
3375 2463 3665 2532 Θεοτόκου,
3705 2464 3832 2523 ὡςᾶν

2231 2540 2410 2617 ἔχοιεν
2460 2543 2622 2600 αὐτὸν
2675 2545 2729 2600 οἳ
2775 2549 3289 2622 πραγματευόμενοι
3339 2551 3492 2606 οἷκον
3543 2559 3832 2630 προσευχῆς.

2235 2630 2399 2687 ὁπότε
2444 2638 2560 2695 ταῖς
2606 2635 3009 2710 πραγματείαις
3056 2632 3460 2712 ἐμϐραδύνωσι.
3513 2643 3608 2695 Καὶ
3654 2641 3735 2696 τὸν
3759 2645 3834 2694 τοῦ

2233 2719 2386 2795 ἁγίου
2436 2727 2605 2778 Φωκᾶ
2653 2720 2709 2779 δὲ
2737 2724 2863 2779 ναὸν
2919 2723 2970 2780 ἐν
3026 2730 3106 2799 τῷ
3161 2731 3344 2799 Στενῷ
3403 2727 3744 2792 ἐπισκευάσας
3769 2729 3834 2783 καὶ

2227 2809 2590 2875 καλλωπίσας
2639 2813 2959 2889 οἰκητήριον
3026 2819 3290 2890 μοναχῶν
3340 2817 3666 2888 ἀπετέλεσε,
3715 2819 3838 2888 τάξας

2228 2898 2535 2974 προσόδους
2589 2902 2771 2966 ἱκανὰς
2821 2902 2897 2965 εἷς
2936 2901 3208 2978 διάρκειαν
3253 2908 3362 2960 τῶν
3415 2906 3471 2962 ἐν
3501 2909 3645 2980 αότῷ
3683 2908 3836 2963 dnou-

469 2998 666 3070 μένων.
737 2995 1045 3052 Ανεκαίνισε
1105 2990 1160 3049 δὲ
1215 2993 1304 3048 καὶ
1359 2993 1452 3048 τὸν
1515 2987 1681 3067 μέγαν
1741 2995 1842 3047 τοῦ
1897 2989 2344 3066 ἀρχιστρατήγου
2428 2991 2554 3045 ναὸν
2648 2991 2740 3046 τὸν
2829 2990 2880 3046 ἐν
2963 2998 3044 3066 τῷ
3104 2993 3392 3067 Σωσθενίῳ
3465 2994 3574 3069 ἤδη
3632 3017 3836 3072 προκατα

466 3087 718 3155 πεσόντα,
750 3084 840 3140 καὶ
873 3085 951 3148 εἷς
977 3084 1038 3138 τὸ
1069 3081 1390 3160 φαινόμενον
1421 3082 1633 3142 κάΛλος
1668 3081 1956 3156 μετήγαγε.

543 3179 756 3234 Multos
774 3179 954 3234 etiam
975 3176 1316 3234 Iudaeorum
1338 3191 1658 3231 munerum
1679 3173 2121 3246 pollicitationi-

2296 3168 2551 3233 Πολλοὺς
2620 3168 2677 3226 δὲ
2734 3173 2823 3226 καὶ
2875 3177 2984 3228 τῶν
3039 3172 3316 3232 Ἰουδαίων
3376 3175 3600 3254 δωρεῶν
3645 3177 3836 3251 ἐπαγγε-

467 3269 580 3324 bus
611 3272 788 3338 atque
839 3265 1306 3321 exhibitionibus
1338 3265 1544 3320 ποίη
1594 3267 1654 3318 et
1681 3262 1856 3318 donis
1887 3261 1962 3318 ad
2011 3262 2118 3317 ba-

469 3356 754 3428 ptismum
784 3355 1010 3411 allexit.
1045 3355 1434 3425 Bulgarorum
1464 3359 1724 3422 gentem,
1748 3369 1878 3422 quas
1910 3367 2121 3406 recens

471 3445 868 3500 Christianam
899 3444 1184 3514 pietatem
1237 3441 1515 3512 amplexa
1561 3448 1707 3509 erat,
1757 3440 1956 3495 missis
2004 3441 2117 3510 piis

465 3531 776 3587 monachis
804 3535 864 3586 et
892 3529 1302 3586 sacerdotibus
1325 3528 1544 3582 virtute
1570 3526 1903 3598 insignibus
1927 3526 1987 3580 in
2006 3527 2118 3580 fide

469 3620 861 3678 confirmavit.
895 3621 1112 3676 Rossos
1143 3618 1332 3690 pactis
1359 3617 1708 3689 compositis
1738 3616 1813 3671 ad
1841 3614 2119 3671 salutaris

470 3711 752 3783 baptismi
785 3709 1276 3766 communitatem
1309 3707 1618 3780 pertraxit,
1653 3706 1842 3778 iisque
1886 3705 2120 3777 pontifi-

471 3818 605 3857 cum
635 3801 969 3873 principem
1001 3799 1181 3854 misit.
1203 3799 1408 3870 Operaa
1441 3795 1697 3868 pretium
1729 3801 1820 3851 est
1848 3796 1959 3850 hoc
1989 3794 2117 3850 loco

471 3889 826 3945 miraculum
845 3885 1256 3956 referre,quod
1283 3903 1351 3941 eo
1374 3885 1595 3940 missus
1621 3882 1890 3954 pontifex
1913 3881 2116 3937 edidit.

470 3978 753 4048 Princeps
785 3977 912 4048 ejus
941 3975 1133 4048 gentis
1165 3991 1232 4030 ac
1263 3990 1538 4046 proceres
1569 3977 1628 4028 et
1679 3971 1991 4026 universus
2021 3987 2122 4042 po-

467 4065 646 4138 pulus
673 4066 824 4122 falsa
850 4065 1137 4133 religione
1169 4064 1361 4120 adhuc
1391 4061 1639 4130 detenti,
1663 4077 1798 4116 cum
1825 4059 2122 4115 delibera-

473 4161 608 4210 rent
634 4171 782 4211 eane
827 4153 1141 4211 retinenda
1171 4169 1246 4209 an
1294 4169 1429 4207 vero
1461 4150 1812 4207 Christianas
1855 4147 1996 4204 ﬁdei
2025 4165 2118 4204 ar-

469 4245 805 4302 cedendum
827 4245 1086 4312 esset,ad
1109 4261 1172 4300 se
1197 4244 1445 4300 missum
1468 4241 1810 4314 pontificem
1839 4240 1902 4295 in
1928 4239 2124 4296 conci-

477 4335 624 4390 lium
655 4333 978 4400 advocant;
1012 4349 1268 4404 eumque
1301 4333 1579 4403 princeps
1597 4331 1926 4399 interrogat
1957 4327 2124 4398 quid-

472 4440 613 4480 nam
645 4423 730 4478 rei
763 4428 918 4478 esset
948 4421 1108 4492 quod
1139 4421 1518 4492 profiteretur
1549 4425 1608 4474 et
1637 4419 1797 4491 ipsos
1841 4417 2121 4472 docturus

471 4517 647 4570 esset.
679 4512 912 4566 Profert
958 4511 1270 4581 episcopus
1319 4525 1554 4564 sacrum
1605 4507 1785 4563 divini
1839 4505 2122 4579 evangelii
2157 4551 2199 4615 Β

469 4601 714 4664 librum,
747 4605 807 4656 et
839 4598 1113 4670 quasdam
1148 4597 1438 4653 miracula
1468 4595 1714 4668 exponit
1743 4613 1778 4650 a
1806 4597 1947 4664 Deo,
1981 4594 2124 4650 dum

467 4689 520 4745 is
549 4689 612 4744 in
642 4690 908 4744 humana
937 4693 1152 4743 natura
1184 4692 1373 4742 terras
1403 4685 1747 4750 obit,edita.
1787 4685 1866 4740 [bi
1899 4687 2118 4740 Rossus

469 4795 686 4851 negare
714 4793 776 4832 se
808 4782 909 4832 aut
938 4793 1074 4831 suos
1102 4775 1214 4847 ipsi
1235 4773 1409 4830 fidem
1441 4775 1564 4829 ullo
1587 4773 1762 4828 modo
1789 4773 2116 4840 habituros,

469 4868 586 4926 nisi
619 4865 848 4938 aliquid
879 4866 1114 4930 horum,
1146 4863 1478 4936 prmsertim
1519 4866 1883 4918 servatorum
1917 4862 1979 4916 in
2010 4860 2118 4915 ﬂa-

465 4958 660 5032 granti
695 4957 932 5013 camino
961 4953 1138 5010 trium
1188 4969 1533 5024 puerorum,
1568 4951 1763 5006 simile
1809 4949 2118 5005 vidissent.

468 5048 558 5105 Ad
611 5049 738 5104 haec
787 5044 1078 5119 pontifex,
1112 5043 1301 5099 ﬁdens
1332 5042 1523 5098 veraci
1559 5041 1687 5113 ejus
1717 5039 1980 5095 sermoni
2019 5037 2118 5109 qui

469 5137 592 5193 suis
613 5137 843 5192 dixerat
871 5135 998 5190 fore
1026 5138 1092 5188 ut
1121 5131 1412 5204 quidquid
1435 5135 1679 5203 propter
1709 5129 1904 5200 ipsum
1925 5130 2098 5198 postu

467 5226 694 5282 lassent
739 5227 1154 5298 impetrarent,
1208 5227 1264 5277 et
1313 5219 1414 5292 qui
1464 5217 1802 5292 ipsi'ﬁdem
1853 5217 2121 5284 haberet,

469 5314 655 5385 ipsius
671 5329 909 5384 quoque
933 5327 1118 5384 opera
1147 5310 1340 5382 iisque
1369 5309 1599 5381 majora
1625 5306 2124 5376 editurum,Tam-

471 5402 603 5470 etsi,
631 5403 848 5472 inquit,
875 5403 1062 5458 Deum
1091 5404 1319 5456 tentare
1346 5399 1434 5455 fas
1464 5415 1586 5454 non
1619 5401 1726 5462 est,
1744 5401 1946 5451 tamen
1975 5394 2022 5450 si
2053 5410 2124 5449 ex

471 5489 672 5545 animo
705 5491 994 5545 statuistis
1026 5490 1099 5546 ad
1133 5491 1315 5544 Deum
1351 5505 1452 5543 vos
1488 5487 1780 5555 conferre,
1830 5483 2124 5556 postulate

473 5577 681 5634 1048
714 5579 874 5646 quod
904 5579 1101 5647 vultis,
1135 5583 1194 5633 et
1220 5579 1268 5632 is
1301 5577 1546 5632 omnino
1569 5576 1630 5630 id
1661 5572 1965 5647 praastabit
1993 5589 2126 5644 pro-

471 5673 605 5741 pter
637 5665 816 5721 ﬁdem
844 5671 1125 5733 vestram,
1154 5683 1497 5738 quanquam
1516 5683 1625 5722 nos
1653 5664 1884 5721 minimi
1917 5679 2124 5720 sumus

2224 3257 2373 3320 λίαις
2403 3261 2493 3314 καὶ
2549 3256 2726 3314 δόσεσι
2781 3261 2870 3314 καὶ
2913 3257 3104 3336 δώρων
3161 3263 3541 3342 ἀνταλλαγαῖς
3588 3267 3677 3322 τοιῖ
3721 3264 3835 3320 θείου

2222 3347 2522 3418 κατηξίωσε
2576 3347 2969 3423 βαπτίσματος.
3033 3352 3134 3407 Καὶ
3181 3355 3244 3408 τὸ
3291 3358 3398 3408 τῶν
3455 3352 3766 3431 Βουλγᾶρων
3793 3349 3834 3406 δὲ

2222 3433 2375 3511 γένος
2424 3436 2720 3512 ἀρτιπαγὲς
2763 3437 2821 3492 ὃν
2871 3438 3006 3512 πρὸς
3065 3435 3368 3504 θεοσέϐειαν
3421 3446 3676 3518 μοναχῶν
3726 3439 3830 3496 ἀπο-

2223 3523 2394 3596 στολῇ
2430 3518 2678 3579 εόλαϐῶν
2708 3524 2797 3579 καὶ
2829 3525 3016 3600 ἱερὲων
3068 3529 3234 3602 ἀρετῇ
3283 3529 3710 3605 κεκοσμημένων
3737 3523 3828 3583 ἔδει

2223 3605 2428 3666 ϐαίωσε
2473 3611 2610 3686 πρὸς
2664 3613 2764 3683 τὴν
2830 3614 3032 3671 πίστιν.
3096 3617 3192 3671 Καὶ
3241 3623 3360 3680 τοῖς
3392 3619 3536 3682 Ῥὼς
3568 3616 3620 3674 δὲ
3657 3611 3832 3690 συμϐἇο

2225 3719 2336 3762 σεις
2368 3697 2591 3773 θέμενος
2640 3699 2694 3755 ἐν
2747 3706 2963 3778 μετοχῇ
3013 3703 3255 3780 γενέσθαί
3297 3710 3394 3761 τοῦ
3453 3708 3714 3782 σωτηρίου
3753 3705 3828 3777 βα-

2222 3787 2526 3862 πτίσματος
2580 3787 2780 3852 αἶ’τινος
2863 3793 3088 3868 γέγονε,
3154 3796 3501 3874 πεμφθέντος
3555 3797 3725 3854 αὐτοῖς
3759 3789 3829 3846 καὶ

2223 3877 2548 3953 ἀρχιερέως.
2601 3879 2761 3936 Ἀλλ’
2819 3883 2965 3952 ἀξιον
3024 3879 3386 3960 διηγήσασθαι
3448 3887 3625 3942 καὶτὸ
3650 3882 3827 3960 γεγονὸς

2225 3971 2406 4040 θαῦμα
2455 3968 2602 4043 παρὰ
2643 3973 2741 4056 του
2797 3971 3098 4046 ἀρχιερέως
3153 3979 3250 4030 τοῦ
3294 3978 3633 4056 πεμφθέντος
3676 3975 3826 4030 ἐκεῖσε-

2225 4057 2348 4142 "Et:
2408 4057 2514 4132 γὰρ
2569 4061 2638 4132 τῇ
2705 4055 3110 4134 δεισιδαιμονίᾳ
3159 4055 3538 4142 κατεχόμενος
3571 4058 3828 4126 αὖτόςτεὸ

2227 4141 2418 4220 ἅρχων
2483 4144 2571 4200 καὶ
2597 4147 2647 4200 οἱ
2696 4151 3007 4222 μεγιστᾶνες
3056 4151 3226 4207 αὐτοῦ
3279 4141 3368 4207 καὶ
3417 4155 3485 4210 τὸ
3541 4152 3670 4209 εἶπαν
3694 4143 3828 4214 ἔθνος,

2223 4233 2730 4308 κατασκοπούμενοι
2797 4238 2924 4312 περί
2987 4259 3047 4294 τε
3095 4243 3196 4305 τῆς
3257 4243 3456 4312 πρώην
3513 4241 3677 4298 αὒτῶν
3724 4240 3830 4313 θρη-

2226 4323 2408 4385 σκείας
2439 4323 2528 4378 καὶ
2568 4329 2669 4393 τῆς
2721 4328 2829 4380 τῶν
2882 4327 3220 4402 Χριστιανῶν
3279 4329 3538 4401 πίστεως,
3565 4328 3829 4386 εἰααλοῦσι

2225 4411 2316 4466 τὸν
2377 4409 2500 4486 ἄρτι
2558 4413 2694 4487 πρὸς
2753 4413 2954 4476 αὐτοὺς
3021 4419 3363 4493 φοιτήσαντα
3420 4418 3689 4497 ἀρχιερέα”
3739 4411 3828 4468 ’ὀνδ

2226 4497 2414 4576 ἄρχων
2449 4500 2709 4576 ἐπηρώτα
2743 4522 2866 4558 τινα
2909 4503 2976 4558 τὰ
3023 4507 3149 4580 παρ’
3181 4506 3344 4562 αὐτοῦ
3392 4505 3828 4584 καταγγελλόμενα

2225 4589 2312 4643 καὶ
2348 4589 2534 4651 αὐτοῖς
2587 4585 2932 4654 διδάσκεσθαι
2991 4591 3288 4666 μέλλοντα.
3344 4595 3454 4653 Τοῦ
3509 4593 3566 4652 δὲ
3593 4591 3827 4666 τήνὶερὲν

2225 4680 2323 4731 τοῦ
2354 4677 2498 4732 θείου
2547 4675 2888 4753 Εὐαγγελίου
2919 4682 3300 4756 προτείναντος
3351 4681 3568 4760 βίϐλον,
3615 4681 3698 4737 καί
3737 4694 3826 4733 τινα

2226 4767 2472 4840 θαύματα
2535 4765 2908 4844 ἐξηγουμένου
2963 4775 3070 4826 τῶν
3113 4774 3216 4829 ὑπὸ
3275 4778 3372 4830 τοῦ
3421 4779 3554 4832 Θεοῦ
3593 4773 3642 4828 ἐν
3670 4774 3728 4844 τῇ
3763 4766 3826 4821 ἂν·

2229 4853 2470 4931 θρωπίνῃ
2542 4853 2810 4930 ἐπιδημία
2865 4865 3406 4938 τερατουργηοέντων
3437 4907 3451 4932 ,
3509 4891 3538 4918 α
3592 4865 3651 4921 Εἰ
3700 4859 3764 4933 μή
3788 4875 3827 4908 τι

2227 4949 2333 4999 τῶν
2384 4943 2592 5018 δμοίων
2637 4945 2700 5000 τὸ
2749 4945 3001 5018 πλῆθος,
3051 4945 3193 5030 ἔφη,
3251 4957 3360 5008 τῶν
3409 4955 3542 5015 Ῥὼς
3591 4951 3674 5007 καὶ
3702 4949 3830 5018 ἡμεῖς

2231 5032 2554 5104 Θεασόμεθα,
2594 5031 2684 5086 καὶ
2721 5033 2958 5107 μάλιστα
3007 5039 3199 5094 ὁποῖον
3249 5037 3430 5116 λὲγεις
3483 5041 3536 5097 ἐν
3564 5043 3629 5112 τῇ
3657 5032 3831 5108 καμίνῳ

2229 5124 2337 5175 τῶν
2369 5124 2534 5194 τριῶν
2593 5117 2802 5176 παίδων
2843 5127 3107 5200 γενέσθαι,
3159 5128 3260 5184 οὐκ
3319 5131 3382 5184 ἄν
3430 5150 3514 5184 σοι
3548 5125 3735 5206 ῥᾳδίως
3757 5141 3826 5175 πι·

2233 5209 2563 5283 στεύσωμεν.
2597 5232 2626 5260 ››
2658 5210 2720 5268 Ὁ
2780 5207 2838 5266 δὲ
2864 5217 2944 5284 τῷ
3001 5213 3222 5290 ἀψευδεῖ
3267 5218 3554 5280 πιστεύσας
3593 5215 3728 5289 λόγῳ
3751 5209 3825 5264 to;

2232 5299 2496 5368 εἰπόντος,
2531 5319 2616 5354 οτι
2653 5300 2748 5357 «Ὃ
2776 5299 2836 5355 ἄν
2872 5300 3133 5375 αῗτήσητε
3153 5303 3205 5360 ἐν
3235 5310 3314 5378 τῷ
3346 5305 3574 5379 ὀνόματί
3607 5323 3725 5378 μου,
3747 5296 3827 5364 λή-

2231 5390 2412 5462 ψεσθε,
2443 5387 2533 5442 καὶ
2563 5389 2591 5442 ὁ
2631 5390 2902 5446 πιστεύων
2961 5393 3038 5455 εὶς
3087 5392 3186 5468 ἐμὲ
3241 5395 3306 5450 τὰ
3363 5390 3492 5472 ἔργα
3531 5394 3564 5450 ἃ
3588 5391 3691 5466 ἐγὼ
3716 5386 3829 5442 ποιῶ

2231 5479 2481 5542 κάκεῖνος
2509 5479 2727 5547 ποιήσει
2765 5479 2854 5534 καὶ
2903 5481 3124 5553 μείζονα
3169 5481 3376 5539 τούτων
3423 5484 3658 5553 ποιήσει,
3689 5502 3715 5528 ››
3749 5474 3826 5548 ευξη

2233 5567 2368 5642 πρὸς
2399 5563 2611 5628 ﬁnd"
2649 5590 2676 5618 “
2707 5567 2772 5624 Ei
2802 5568 2891 5623 καὶ
2928 5571 3004 5642 μὴ
3059 5569 3259 5642 ἒξεστίν
3316 5573 3640 5646 ἐκπειράζειν
3671 5563 3826 5637 Κύριον

2235 5656 2328 5712 τὸν
2357 5656 2504 5728 Θεὸν,
2539 5653 2694 5728 ὅμως
2741 5655 2789 5712 εἰ
2836 5655 2898 5712 ἐκ
2944 5661 3130 5734 ψυχῆς
3176 5657 3501 5738 διεγνώκατε
3549 5651 3827 5734 προσελθεῖν
