4054 6286
149 262 153 266 ἢ
246 326 389 395 1129

1366 315 1922 386 HISTORIABUM
1963 315 2536 381 GOMPENDIUM.

3485 316 3644 380 1130

246 464 319 535 τῷ
342 462 477 536 Θεῷ,
508 457 801 532 αίτήσασθε
830 460 963 537 ὅπερ
999 456 1285 537 βούλεσθε,
1314 454 1408 515 καί
1457 456 1680 528 ποιήσει
1708 455 1875 513 τοῦτο
1906 468 1924 526 Α

2032 455 2051 509 ι
2078 452 2327 527 indigni.
2351 453 2397 508 Ii
2418 456 2527 510 σοι]
2539 453 2734 510 testim
2766 453 3143 527 postularunt
3162 458 3229 510 ut
3248 452 3435 511 codex
3454 456 3644 511 Evan-

250 552 450 613 πάντως
481 547 570 608 διὰ
593 552 692 622 τὴν
725 551 905 607 πίστιν
942 551 1095 624 ὑμῶν
1139 550 1168 606 6
1218 550 1369 618 Θεὸς,
1398 544 1495 604 κᾶν
1528 548 1640 620 ἡμε
1668 566 1693 608 ς
1721 542 1880 616 έσμεν

251 639 521 716 nixu-10v.
546 639 637 696 καὶ
666 639 894 714 ἀνάξιοι.
927 662 956 692 ››
1015 640 1082 697 Οἱ
1142 635 1190 693 δ’
1250 637 1447 701 εὐθέως
1478 635 1752 711 ᾐτήσαντο
1783 634 1882 703 τὴν

250 734 337 786 106'
398 728 546 786 θείου
603 727 943 807 Εὒαγγελίου
999 724 1233 784 πυκτίδα
1283 725 1336 782 ἐν
1400 730 1470 800 τῇ
1530 726 1657 799 παρ’
1713 724 1888 779 αὐτῶν

253 818 530 898 ἀναφθείσῃ
587 817 812 897 ῥιφῆναι
867 822 1131 894 πυρκαϊᾷ,
1187 814 1279 872 καὶ
1338 814 1385 870 εί
1443 808 1695 881 ἀϐλαϐὴς
1747 812 1885 882 αὕτη

249 907 529 985 τηρηθείη,
588 905 910 984 προσελθεῖν
983 906 1073 961 καὶ
1150 902 1346 967 αὐτοὺς
1403 907 1484 976 τῷ
1542 903 1669 978 παρ’
1725 901 1890 956 αὑτοῦ

251 996 635 1071 κηρυσσομένῳ
691 1000 828 1070 Θεῷ.
888 993 1079 1067 Ἔδοξε
1135 991 1203 1064 δὴ
1261 997 1451 1060 ταῦτα,
1511 994 1594 1066 [ι’.
1640 992 1768 1065 590]
1798 988 1890 1046 καὶ

252 1092 341 1146 106
366 1085 554 1163 ἱερέως
610 1087 746 1162 πρὸς
800 1086 927 1142 Θεὸν
981 1086 1077 1149 τὰς
1135 1088 1328 1160 χεῖρας
1376 1081 1467 1138 καὶ
1515 1083 1644 1145 τοὺς
1683 1079 1892 1160 ὀφθαλ-

259 1179 383 1253 μοὺς
417 1176 711 1252 ἐπάραντος
756 1174 866 1243 καὶ,
926 1198 956 1231 α
1006 1173 1236 1249 Δόεασόν
1296 1193 1392 1228 σου
1422 1172 1484 1229 τὸ
1515 1172 1667 1247 ἅγιον
1699 1165 1891 1242 ὄνομα,

258 1269 430 1340 Ἰησοῦ
460 1265 676 1342 Χριστὶ,
704 1265 732 1321 6
764 1264 894 1327 Θεὸς
925 1266 1110 1338 ἡμῶν,
1136 1287 1165 1315 ι)
1196 1261 1467 1327 εἰπόντος,
1499 1258 1552 1316 ἐν
1582 1257 1893 1337 ὀφθαλμοῖς

256 1361 346 1412 τοῦ
402 1353 586 1417 ἔθνους
639 1353 863 1409 τουτουῒ
917 1351 1110 1432 έρδἱίφη
1170 1349 1248 1414 εἷς
1302 1350 1402 1419 τήν
1459 1348 1691 1421 κάμινον
1733 1349 1896 1417 ἠτοῦ

260 1444 411 1523 ἁγίου
462 1441 799 1520 Εὐαγγελίου
841 1437 1059 1518 βίϐλος.
1111 1440 1231 1517 Ἐφ’
1271 1436 1415 1512 ὥρας
1466 1434 1524 1494 δὲ
1575 1435 1762 1498 ἱκανὰς
1799 1437 1897 1504 τῆς

259 1533 486 1611 καμίνου
524 1530 901 1604 ἐκκαιομένης,
953 1530 1067 1586 εἶτα
1112 1529 1203 1585 καὶ
1259 1526 1446 1585 τέλεον
1514 1523 1896 1611 μαρανθείσης,

1992 542 2132 616 gelii
2163 543 2225 598 in
2256 559 2464 616 rogum
2495 560 2672 615 quem
2701 546 3093 602 succenderat
3122 546 3483 611 mitteretur,
3517 561 3647 617 pro-

1993 632 2297 689 mittentes
2351 649 2436 698 se,
2494 650 2564 689 eo
2609 634 2891 690 incolumi
2936 642 3237 703 manente,
3288 637 3406 692 Deo
3464 651 3645 707 quem

1997 723 2125 794 ipse
2156 721 2511 793 praedicaret
2539 739 2759 780 nomen
2790 724 3313 799 daturos.Accepta
3340 726 3466 781 haec
3498 742 3645 782 cono

1996 810 2143 866 ditio
2174 828 2188 877 ;
2222 817 2281 867 et
2308 813 2591 883 pontiﬁce
2622 830 2834 869 manus
2864 815 3182 886 oculosque
3213 816 3285 871 ad
3335 817 3517 872 Deum
3567 820 3645 872 at-

1999 900 2269 967 tollente,
2318 902 2639 973 Jesumque
2688 903 3034 960 obsecrante
3094 911 3158 960 ut
3205 906 3256 961 is
3310 907 3499 962 sancti
3553 906 3645 963 sui

1997 991 2259 1047 nominis
2275 991 2525 1064 gloriam
2542 998 2679 1049 ante
2701 995 2904 1050 oculos
2926 996 3102 1068 hujus
3120 998 3313 1066 gentis
3330 1003 3645 1067 assereret,

2001 1079 2318 1150 conjicitur
2347 1080 2409 1136 in
2439 1082 2743 1138 caminum
2774 1084 2926 1140 liber
2953 1086 3321 1158 evangelicus
3346 1104 3360 1153 ;
3394 1103 3646 1159 cumque

2002 1170 2273 1226 caminus
2329 1185 2436 1241 per
2491 1171 2674 1227 mults
2734 1173 2909 1229 horas
2966 1174 3227 1243 arsisset,
3290 1175 3649 1247 tandemque

2004 1259 2255 1315 materia
2268 1267 2621 1332 consumpta
2641 1263 2965 1318 exstinctus
2985 1264 3653 1324 essetJiberincolumis

2004 1348 2345 1418 illaasusque
2376 1349 2621 1405 omnino
2653 1353 2966 1423 reperitur.
2993 1354 3172 1425 Cujus
3206 1354 3477 1410 miraculi
3527 1371 3659 1411 ma-

2005 1437 2317 1511 gnitudine
2349 1440 2609 1511 perculsi
2642 1442 3076 1513 Barbari,0mui
3111 1443 3479 1502 dubitatione
3504 1446 3657 1519 abje-

2010 1532 2127 1595 cta,
2154 1526 2226 1582 ad
2258 1528 2623 1599 baptismum
2650 1530 3060 1603 confugerunt.

260 1626 445 1700 εὑρέθη
501 1622 565 1680 16
620 1621 765 1699 ἱερὸν
824 1619 1047 1677 πυκτίον
1105 1620 1303 1684 ἀπαθὲς
1355 1616 1444 1673 καὶ
1502 1610 1804 1686 ἆλώὸητον-
1852 1611 2145 1688 διαμεῖναι,
2212 1611 2485 1688 μηδεμίαν
2544 1616 2647 1672 ὑπὸ
2711 1622 2808 1673 τοῦ
2873 1621 3045 1694 πυρὸς
3103 1618 3386 1696 δεξὶμενον
3446 1622 3656 1696 λύμην,

258 1717 423 1790 Ὃπερ
457 1711 660 1775 ἰδόντες
696 1711 748 1765 οἱ
797 1703 1096 1787 Βάρϐαροι,
1128 1708 1219 1763 καὶ
1274 1710 1354 1780 τῷ
1412 1704 1623 1781 μεγέθει
1681 1701 2116 1779 καταπλαγέντες
2172 1708 2269 1760 τοῦ
2328 1705 2625 1779 θαύματος,
2687 1705 3080 1774 ἀνςνδοιάστως
3110 1711 3246 1786 πρὸς
3278 1712 3339 1767 τὸ
3374 1712 3657 1789 βάπτισμα

265 1801 626 1878 ηὐτομόλουν.

328 1891 471 1949 Κατᾶ
509 1894 701 1947 τοῦτον
744 1890 836 1945 τὸν
881 1888 1085 1963 χρόνον
1134 1889 1540 1947 Κωνστικντῖνος
1592 1884 1621 1939 6
1669 1877 1904 1957 πρεσϐύ-

2079 1887 2160 1940 Εο
2176 1886 2432 1943 maxime
2444 1892 2709 1959 tempore
2723 1891 3438 1951 Constantinus.ﬁliorum
3455 1893 3657 1950 Basilii

261 2001 409 2057 τερος
438 1982 547 2036 τῶν
601 1981 698 2033 τοῦ
758 1974 1030 2054 βασιλέως
1087 1975 1218 2030 υἱῶν
1249 1972 1338 2029 τὸν
1375 1972 1494 2048 βίον
1523 1969 1735 2045 ἐξέλιπε
1763 1970 1905 2043 νίσῳ

262 2072 542 2143 πυρετικῇ,
608 2066 803 2128 πένθος
856 2065 1134 2140 ἀμύθητον
1186 2060 1503 2119 καταλιπὼν
1568 2064 1650 2133 τῷ
1716 2059 1901 2133 πατρί.

260 2156 436 2217 Ἀλλὰ
464 2160 627 2213 τοῦτο
680 2154 775 2229 μὲν
823 2154 851 2209 6
906 2150 1159 2227 βασιλεὺς
1196 2151 1384 2226 πράως
1416 2149 1626 2225 ἤνεγκε,
1659 2168 1908 2222 παρεμυ-

260 2249 459 2318 θήσατο
517 2243 575 2302 δὶ
630 2245 729 2313 τήν
790 2242 1021 2317 σύζυγον
1077 2240 1167 2296 καὶ
1221 2240 1291 2295 τὰ
1331 2240 1508 2294 τέκνα.
1542 2237 1909 2311 ’Λναγόμενος

262 2334 318 2393 δὲ
341 2336 486 2410 παρᾶ
518 2338 627 2390 τῶν
661 2329 1073 2407 προϊσταμένων
1130 2332 1230 2385 103
1284 2325 1554 2401 δημοσίου
1587 2328 1615 2381 6
1650 2323 1908 2402 βασιλεὺς

260 2425 492 2486 ἐπόπτας
544 2424 619 2487 εἱς
677 2422 743 2478 τὰ
800 2419 1006 2495 θέματα
1057 2418 1353 2493 ἐκπέμψαι,
1387 2417 1461 2481 ὡς
1506 2415 1568 2472 ἃν
1599 2412 1907 2489 δυναμένων

263 2514 322 2571 ἐκ
390 2512 588 2568 τούτου
660 2514 767 2566 τῶν
845 2506 1128 2579 δημοσίων
1207 2503 1522 2561 συντελειῶν
1604 2499 1911 2573 ἐπιδοῦναι,

264 2602 780 2678 προσποιησάμενος
833 2594 1198 2671 ἀποδέχεσθαι
1243 2596 1342 2664 τὴν
1396 2592 1725 2666 ὑπόμνησιν,
1757 2590 1910 2647 ἐκλέ·

266 2692 452 2763 ξασθαι
518 2688 608 2743 καὶ
673 2685 979 2760 εὐτρεπίσαι
1036 2680 1330 2760 προσέταξε
1385 2683 1475 2737 καὶ
1539 2681 1690 2754 αὖτῷ
1739 2700 1910 2747 προσι

268 2782 484 2858 αγαγεῖν
515 2775 642 2832 106:
702 2773 1006 2849 μέλλοντας
1059 2774 1124 2830 τὸ
1178 2776 1428 2829 τοιοῦτον
1477 2765 1631 2848 ἔργον
1664 2767 1910 2826 ἐπιτελέ-

269 2855 353 2925 σαι
384 2866 591 2929 καλῶς.
637 2862 1058 2937 Ἐπιλεξάμενος
1109 2859 1167 2918 δὲ
1197 2862 1225 2917 ὁ
1256 2861 1468 2936 γενικὸς
1494 2863 1569 2931 (ε)
1603 2857 1699 2922 οἷίς
1738 2855 1914 2915 ἐδοκει

269 2955 585 3026 διακονῆσαι
644 2954 781 3029 πρὸς
838 2952 900 3008 τὸ
951 2955 1199 3009 τοιοῦτον
1253 2944 1408 3026 ἔργον
1463 2948 1663 3025 ὀρθῶς,
1694 2947 1917 3010 καὶτὰς

270 3053 377 3105 τῶν
431 3043 758 3121 ἐκλεγέντων
816 3041 1195 3120 προσηγορίας
1254 3039 1640 3115 προσαγαγὼν,
1697 3036 1917 3107 πολλῆς

267 3136 527 3210 ἐνομίσθη
593 3136 852 3207 μέμψεως
911 3131 1075 3202 ἄξιος,
1135 3129 1187 3186 εἴ
1242 3130 1523 3193 τοιούτους
1578 3127 1751 3184 οἶόιτο
1794 3125 1915 3182 λεια

2008 1976 2157 2028 natu
2187 1974 2504 2041 maximus,
2534 1975 2685 2031 febri
2734 1978 3084 2051 absumptus
3139 1986 3245 2049 est,
3294 1982 3659 2039 ineffabilem

2011 2062 2165 2135 patri
2196 2062 2423 2120 luctum
2454 2064 2993 2138 relinquens.llunc
3016 2075 3215 2127 tamen
3246 2088 3448 2127 casum
3480 2073 3665 2144 impe-

2014 2156 2183 2206 ratur
2211 2152 2517 2209 moderate
2552 2156 2700 2213 tulit.
2734 2174 3099 2230 uxoremque
3138 2160 3315 2215 etiam
3352 2165 3410 2215 et
3438 2161 3662 2217 liberos

2015 2240 2354 2296 consolatus
2386 2249 2489 2298 est.
2518 2245 2761 2300 Interim
2795 2248 3138 2319 reipublicae
3170 2266 3447 2321 proceres
3476 2251 3663 2323 impe-

2014 2330 2199 2386 ratori
2223 2331 2478 2388 suadent
2499 2340 2560 2389 ut
2583 2334 2642 2389 in
2664 2337 2995 2407 provincias
3017 2338 3385 2410 inspectores
3412 2341 3664 2406 emittat,

2016 2419 2177 2492 quod
2190 2420 2300 2476 hoc
2314 2421 2581 2478 dicerent
2594 2425 2666 2479 ad
2684 2426 3119 2482 incrementum
3133 2428 3428 2484 redituum
3445 2429 3670 2501 publici

2019 2508 2215 2564 aerarii
2247 2510 2561 2568 facturum.
2609 2514 2937 2587 Imperator
2964 2517 3215 2589 probare
3247 2535 3310 2574 se
3343 2520 3496 2573 hanc
3529 2535 3667 2574 sen-

2021 2600 2268 2654 tentiam
2302 2601 2612 2674 simulans,
2648 2605 2821 2678 deligi
2863 2607 2935 2662 ad
2966 2607 3081 2663 hoc
3130 2624 3346 2663 munus
3395 2608 3668 2664 homines

2020 2688 2377 2760 aptosjubet
2395 2697 2451 2746 et
2473 2693 2545 2748 ad
2566 2710 2627 2748 se
2642 2693 2967 2749 adducilbi
2992 2713 3126 2751 cum
3149 2697 3439 2768 generalis
3461 2698 3668 2754 1044

2021 2775 2339 2854 delegisset
2381 2797 2531 2852 quos
2581 2797 2711 2837 eam
2760 2800 2887 2837 rem
2939 2789 3096 2839 recte
3145 2784 3668 2843 administraturos

2023 2874 2353 2950 putabat,et
2382 2887 2589 2926 eorum
2622 2871 2869 2927 nomina
2891 2873 2963 2928 ad
2994 2874 3414 2946 imperatorem
3447 2875 3673 2931 attulis-

2024 2965 2201 3031 set,in
2227 2977 2501 3035 magnam
2515 2960 2672 3032 apud
2687 2976 2819 3015 eum
2846 2962 3371 3032 reprehensionem
3397 2965 3672 3035 incurrit,

2025 3056 2183 3129 quod
2216 3054 2363 3111 tales
2393 3051 2667 3107 homines
2692 3056 2854 3107 tanto
2886 3052 3120 3126 negotio
3152 3054 3678 3126 idoneosjudicas-

2025 3153 2135 3203 set.
2168 3144 2439 3201 Meliores
2469 3158 2532 3197 se
2563 3141 2624 3197 in
2655 3146 2777 3197 tota
2807 3142 3041 3198 civitate
3070 3161 3191 3200 non
3242 3146 3506 3200 invenire
3538 3162 3677 3202 cau-

265 3225 534 3303 τουργους
587 3217 802 3289 ἔσεσθαι
857 3221 1036 3291 ἀξίους
1087 3221 1227 3296 πρὸς
1279 3220 1341 3276 τὸ
1379 3223 1630 3275 τοιοῦτον
1669 3216 1919 3286 λειτούρ-

2032 3234 2560 3305 sauti,imperator,
2593 3252 2621 3281 «
2653 3232 3145 3304 Tantum,inquit,
3173 3233 3282 3291 hoc
3309 3252 3525 3292 munus
3558 3237 3683 3293 exi-

306 3336 444 3389 ημα.
474 3318 580 3369 T05
638 3310 696 3368 δὲ
754 3312 829 3385 μὴ
886 3308 1033 3387 ἔχειν
1091 3309 1407 3386 κρείττονας
1436 3307 1919 3383 ἀνθυπενεγκόντος

298 3428 323 3459 ν
356 3404 476 3476 ὅλῳ
504 3406 583 3476 τῷ
613 3401 997 3475 πολιτεύματι,
1035 3393 1327 3456 ὑπολαϐὼν
1375 3397 1403 3454 ὀ
1449 3396 1704 3473 βασιλεύς
1738 3416 1752 3430 ⁶
1786 3422 1812 3450 ιι
1846 3397 1922 3455 Τὸ

271 3501 374 3565 τῆς
402 3491 766 3567 προκειμένης
826 3488 1098 3552 διακονίας
1155 3485 1316 3567 ἔργον
1365 3492 1613 3544 τοιοῦτον
1643 3488 1768 3563 παρ’
1798 3484 1925 3560 ἐμοὶ

287 3581 524 3660 κρίνεται
580 3577 741 3640 ὥστε.
798 3577 949 3654 εἳπερ
1009 3577 1125 3634 οἶόν
1176 3598 1236 3634 τι
1289 3577 1379 3647 ἦν,
1437 3574 1597 3632 αὐτὸν
1650 3575 1747 3650 ἐμὲ
1790 3575 1927 3650 πρὸς

275 3673 377 3742 τὴν
407 3669 606 3726 τούτου
666 3664 936 3738 διοίκησιν
1006 3664 1260 3738 ἐξελθεῖι.
1320 3663 1469 3722 Ἐπεὶ
1529 3660 1587 3719 δὲ
1623 3663 1784 3719 τοῦτό
1817 3661 1929 3718 ἐστι

276 3761 368 3819 καὶ
408 3759 643 3835 ἀπρεπὲς
713 3756 805 3813 καί
874 3753 1161 3826 ἀδύνατον,
1238 3754 1288 3829 ἐξ
1366 3754 1603 3829 ἀνάγκης
1672 3753 1762 3809 ἐπὶ
1816 3757 1933 3815 τοῖς

284 3849 405 3909 δυσὶ
434 3857 534 3921 τῆς
582 3846 865 3910 πολιτείας
921 3846 1246 3924 μαγίστροις
1274 3846 1374 3920 (7),
1406 3844 1461 3899 οἳ
1487 3843 1576 3900 καὶ
1629 3843 1813 3919 χρόνῳ
1842 3839 1934 3897 καὶ

283 3940 445 4016 πείρᾳ
472 3936 564 3995 καί
612 3944 729 4000 ταῖς
778 3934 1015 3998 πολλαῖς
1056 3935 1107 3991 ἐν
1147 3939 1226 4007 τῷ
1269 3938 1459 4010 μακρῷ
1501 3932 1606 4010 βίῳ
1634 3937 1742 3989 τῶν
1772 3932 1938 3989 πολι-

283 4043 454 4096 τικῶν
483 4039 672 4115 ἀρχῶν
729 4035 1086 4107 διοικήσεσιν,
1142 4033 1194 4091 ἐν
1247 4036 1338 4096 αἷς
1391 4032 1780 4105 ἐξητάσθησαν,
1818 4030 1939 4087 ἀκί-

287 4125 500 4199 ϐδηλον
529 4130 619 4185 καὶ
650 4126 884 4201 καθαρὸν
912 4132 1012 4195 τῆς
1072 4125 1264 4198 ἀρετῆς
1312 4122 1666 4196 ἐξενηνόχασι
1693 4122 1757 4177 τὸ
1782 4118 1940 4176 δοκί-

291 4241 446 4295 μιον,
482 4218 579 4281 τὰς
637 4212 865 4279 ἐλπίδας
927 4211 1166 4279 σαλεῦω,
1225 4214 1314 4267 καὶ
1370 4213 1470 4281 τήν
1529 4208 1806 4266 διακονίαν
1840 4208 1945 4265 ὑπὸ

289 4310 503 4368 τούτων
565 4308 853 4376 ἀνυσθῆναι
919 4300 1150 4366 δεόντως
1220 4301 1424 4380 θαῤῥῶ.
1493 4300 1776 4366 ’Λπελθὼν
1851 4298 1944 4355 οὖν

291 4400 458 4462 αὐτὸς
487 4397 574 4466 σὺ,
615 4398 801 4475 φησὶν,
835 4393 1172 4472 ἀπάγγειλον
1223 4392 1413 4455 αὐτοῖς
1453 4392 1516 4447 τὸ
1544 4397 1645 4460 τῆς
1674 4387 1947 4452 διακονίας

294 4487 446 4552 εἶδος
476 4487 567 4544 καὶ
617 4488 681 4542 τὸ
739 4483 958 4557 θέλημα
1007 4483 1071 4539 τὸ
1128 4481 1285 4557 ἐμόν.
1344 4479 1447 4540 Καὶ
1482 4479 1831 4557 βουλομένων
1860 4479 1951 4553 ἐξ-

291 4577 475 4635 ελθεῖν
503 4572 781 4632 έπιυδοκῶ
809 4573 901 4630 καὶ
932 4567 1113 4635 αὐτός.
1147 4595 1176 4624 ››
1206 4571 1296 4633 Ὧς
1344 4566 1391 4625 δ’
1423 4568 1745 4632 ἀκούσαντες
1775 4569 1830 4624 οἱ
1859 4564 1955 4623 ἅν-

2033 3327 2207 3383 stimo
2264 3339 2417 3387 esse,
2469 3325 2535 3376 ut
2583 3321 2632 3375 si
2681 3320 2764 3376 ita
2813 3320 3040 3392 liceret,
3088 3338 3182 3377 me
3237 3324 3434 3395 ipsum
3492 3325 3568 3381 ad
3620 3325 3682 3381 id

2031 3413 2373 3472 obeundum
2422 3410 2720 3482 proficisci
2777 3409 2993 3466 debere
3042 3418 3268 3484 putem.
3320 3413 3485 3480 Quod
3542 3415 3683 3486 quia

2032 3505 2381 3562 indecorum
2414 3506 2523 3569 est,
2564 3516 2759 3571 neque
2794 3500 2919 3555 fieri
2952 3506 3164 3571 potest,
3198 3519 3442 3558 necesse
3494 3504 3684 3561 habeo

2036 3612 2204 3667 spem
2236 3608 2429 3648 meam
2463 3590 2832 3660 despondere
2865 3588 3095 3646 duobus
3124 3592 3465 3662 reipublicae
3499 3593 3678 3665 magi-

2041 3682 2306 3753 stris,qui
2338 3684 2602 3750 tempore
2625 3682 2683 3732 et
2713 3694 2825 3734 usu
2856 3694 3055 3733 rerum
3078 3679 3402 3751 multisque
3426 3682 3488 3736 in
3504 3681 3684 3755 longa

2036 3772 2155 3827 vita
2183 3769 2362 3844 gestis
2393 3765 2836 3839 magistratibus
2870 3766 3008 3821 ﬁdei
3040 3784 3162 3823 sua:
3192 3768 3595 3842 integritatem
3626 3776 3686 3828 et

2041 3863 2315 3918 virtutem
2338 3857 2831 3930 probarunt.Nam
2845 3856 2917 3913 ab
2940 3857 3032 3912 his
3049 3860 3532 3932 negotium'jrecte
3554 3878 3688 3918 con-

2044 3953 2263 4007 fectum
2298 3949 2368 4004 iri
2400 3946 2638 4003 ﬁdo.Tu
2671 3962 2809 4018 ergo
2843 3945 3077 4013 abi,ait,
3104 3954 3164 4004 et
3191 3949 3266 4004 iis
3295 3951 3554 4006 rationes
3584 3951 3690 4009 hu-

2039 4042 2139 4113 jus
2153 4035 2689 4094 administrationis
2716 4052 3030 4108 meamque
3052 4036 3414 4095 voluntatem
3439 4057 3688 4113 expone.

2048 4130 2109 4186 Si
2135 4127 2340 4183 volunt
2369 4124 2442 4181 ad
2474 4141 2602 4182 eam
2636 4124 2970 4180 obeundum
3004 4126 3189 4196 exire,
3235 4128 3381 4183 mihi
3414 4128 3527 4184 hoc
3556 4146 3694 4201 pro-

2050 4218 2246 4274 batur.
2281 4237 2308 4266 »
2351 4214 2605 4287 Magistri
2652 4214 2762 4269 hoc
2809 4214 3019 4269 nuntio
3051 4216 3350 4287 perterriti
3398 4219 3696 4291 supplices

2054 4303 2667 4380 deprecantur,mtatis
2700 4319 2820 4358 sua)
2850 4309 2909 4358 et
2936 4303 3207 4361 laborum
3240 4323 3345 4378 pro
3378 4323 3438 4363 re
3464 4307 3702 4379 publica

2053 4396 2179 4469 jam
2238 4398 2375 4450 ante
2434 4393 2855 4448 exhausterum
2909 4392 3236 4450 innitentes
3296 4397 3700 4464 excusationi;

2058 4489 2385 4559 petuntque
2434 4487 2498 4537 ut
2547 4481 2659 4538 hoc
2708 4482 3108 4539 ministerium
3156 4484 3290 4541 aliis
3338 4486 3700 4559 imponatur.

2063 4573 2366 4632 Generalis
2394 4590 2457 4629 re
2488 4571 2709 4630 infecta
2739 4572 2811 4628 ad
2842 4573 3263 4646 imperatorem
3291 4576 3702 4633 redit.e0rum-

644 4629 737 4727 si;
766 4658 1051 4734 ἔκπληξιν,
1081 4629 1170 4716 καὶ
1204 4629 1294 4716 16'
1315 4665 1490 4734 γῆρας
1519 4657 1635 4714 ἀνθ’
1663 4629 1924 4738 ἱκετηρίας

2063 4681 2178 4738 que
2210 4663 2623 4720 excusationes
2644 4662 2994 4734 exponit.Ad
3013 4681 3081 4720 ea
3102 4665 3409 4736 Basilius,«
3433 4667 3700 4737 Quando,

292 4749 721 4832 προυϐάλλοντο
777 4751 868 4807 καὶ
922 4751 1054 4812 τοὺς
1109 4745 1602 4824 προηγησαμένους
1662 4746 1795 4823 ὑπὲρ
1852 4753 1950 4806 τοῦ

295 4843 708 4919 πολιτεύματος
762 4842 991 4911 κόπους,
1042 4837 1133 4895 καὶ
1206 4834 1605 4914 παρενεχθῇναί
1655 4834 1708 4908 ἐξ
1774 4837 1951 4895 αὐτῶν

2062 4755 2165 4825 ait,
2192 4753 2320 4810 ﬁeri
2351 4770 2474 4809 non
2502 4757 2699 4825 potest
2726 4758 2791 4809 ut
2822 4769 2927 4826 ego
2958 4770 3186 4821 exeam,
3221 4760 3281 4812 et
3324 4757 3436 4813 hoc
3484 4774 3705 4814 munus

2060 4842 2451 4901 illustrissimi
2479 4847 2760 4900 recusant
2788 4843 2953 4901 obire
2984 4844 3269 4919 magistri,
3302 4845 3705 4918 inspectorum

1510 4938 1868 4999 XYLANDRI
1904 4944 1992 5001 ET
2029 4946 2247 5003 GOARI
2284 4946 2506 5002 NOTAE.

382 5047 463 5119 (6)
492 5045 760 5119 Intellige
791 5040 1121 5119 λογοθέτην..
1141 5041 1316 5097 (ἰοΑιι.

382 5110 462 5191 (7)
495 5110 810 5193 Plerisque
847 5110 1425 5193 magistrinnpmine
1481 5110 1718 5193 passim.
1746 5110 1807 5166 in
1855 5112 1966 5193 hac

303 5181 566 5249 historia
594 5181 917 5262 insignitis,
942 5181 1046 5262 aut
1075 5183 1405 5262 atticiorum
1437 5181 1528 5262 vel
1547 5181 1796 5262 militias,
1827 5190 1966 5262 etc.,

305 5261 417 5319 ubi
450 5278 557 5316 vox
587 5252 863 5323 occu'rrit,
896 5252 1095 5313 veniat
1124 5252 1794 5326 intelligendus._p0test
1825 5252 1972 5312 oriri

310 5333 663 5389 discrimen.
699 5336 772 5386 At
799 5346 942 5386 sane
981 5344 1117 5385 cum
1163 5329 1232 5381 24
1277 5323 1708 5398 pbsterioribus
1738 5327 1970 5398 saeculis

309 5407 431 5477 hac
448 5404 735 5477 dignitate
762 5400 1112 5477 conspicuos
1131 5398 1157 5477 _f
1160 5395 1315 5453 uisse
1337 5395 1557 5477 referat
1580 5395 1972 5477 Luitprandus

311 5474 462 5533 alibi
490 5466 877 5549 memoratus,
906 5466 1207 5549 πολιτείας
1259 5466 1593 5549 μαγίστροες
1621 5467 1694 5549 ab
1734 5475 1974 5549 auctore

308 5553 579 5614 vocatos,
637 5545 783 5619 regii
833 5541 1181 5619 consistorii
1242 5546 1303 5596 et
1351 5541 1698 5596 secretioris
1722 5541 1975 5619 consilii

314 5612 655 5677 assessores
708 5612 1119 5690 conjiciendos
1167 5627 1404 5685 semper
1461 5625 1593 5667 sum
1646 5615 1830 5668 ratus.
1871 5612 1976 5669 Cui

564 5734 827 5804 ΡΑι-ιιοι.
873 5737 984 5798 Gn.
1029 5730 1236 5799 CXXI.

2070 5043 2416 5115 conjectura
2434 5059 2555 5098 non
2577 5042 2987 5115 placebit.is,si
3010 5048 3221 5115 potest,
3251 5045 3509 5101 auctoris
3535 5044 3714 5104 verba.

2076 5116 2140 5170 in
2171 5114 2355 5170 alium
2387 5130 2627 5168 sensum
2658 5114 3044 5185 retorquebit,
3077 5115 3229 5171 sicut
3258 5116 3385 5171 haec
3414 5116 3533 5171 alia
3563 5117 3713 5185 Con-

2079 5185 2409 5259 stantinic.
2444 5185 2511 5259 de
2539 5185 2765 5241 Admin.
2798 5184 2962 5259 Imp_.,
2996 5203 3046 5242 c.
3080 5189 3147 5259 51Δ
3181 5203 3196 5241 :
3229 5186 3377 5240 Λέων
3409 5184 3721 5259 ὀμβασιλεὺς

2080 5252 2518 5336 φιλοτιμότερόν.
2538 5275 2655 5317 πως
2686 5258 2822 5336 πρὸς
2850 5252 2978 5316 τοὺς
2998 5256 3345 5336 ιμαγίστρους
3371 5252 3474 5311 καῖ’
3520 5277 3723 5336 πατρι-

2080 5324 2240 5402 κίους
2263 5324 2353 5381 καὶ
2382 5324 2618 5387 οἶκείους
2651 5324 3055 5401 ωγκλητικυῦς
3105 5324 3470 5402 διακείμενος,
3503 5324 3725 5402 quibus

2084 5399 2432 5473 dignitatem
2449 5399 2827 5473 communem
2851 5405 2909 5453 et
2929 5417 3055 5456 rem
3078 5401 3377 5473 publicam
3398 5399 3729 5458 suis-consi-

2082 5470 2182 5545 liis
2202 5470 2733 5545 juvantem,qualis
2764 5477 2891 5545 erat
2917 5470 3167 5542 patricia
3195 5479 3254 5529 et
3282 5474 3730 5545 senatoria,ma-

2085 5542 2389 5618 gisteriam
2418 5541 2600 5598 fuisse
2631 5541 2990 5600 manifestat.
3026 5545 3199 5601 Goaa.

3410 5735 3494 5799 36
