4054 6286
240 426 383 487 H33

1310 420 1539 486 HISTO
1549 416 1847 483 RIABUM
1892 414 2428 482 COMPENDIUM.

3462 423 3619 486 1134

233 553 347 613 λεία
375 558 504 632 πρὸς
541 558 714 637 ὀργὴν
766 559 904 616 κατὰ
961 563 1059 636 τοῦ
1115 559 1236 615 υἱοῦ
1295 555 1651 626 διανίσταται,
1681 553 1771 644 καὶ
1800 553 1849 609 ’ἐν

1976 588 2046 627 ex
2077 587 2142 626 eo
2164 571 2396 643 lapsum
2430 576 2520 627 est
2575 573 2881 644 temporis,
2912 573 3102 630 donec
3123 575 3325 631 που
3379 576 3620 633 tandem

229 666 330 702 τινι
375 652 479 704 τῶν
540 648 834 725 βασιλείων
897 649 1077 711 οῗκων.
1143 651 1228 724 [Ρ.
1262 652 1387 723 591]
1418 648 1478 708 ’ὸς
1515 643 1857 723 μαργαρίτης

226 739 684 812 κατονομάζεται,
739 738 1046 817 ἔμφρουρον
1096 743 1285 794 τοῦτον
1333 738 1651 808 πεποίηκεν,
1697 735 1857 812 ἀφαι-

230 825 478 902 ρεῖταιδὶ
532 829 618 884 καὶ
677 831 744 884 τά
800 837 902 900 τῆς
963 827 1242 906 βασιλείας
1306 828 1605 904 παράσημα
1660 833 1853 897 Διηρε-

226 916 392 987 θίζετο
425 915 481 973 δὶ
510 918 658 993 παρᾶ
699 923 796 974 τοῦ
831 915 1254 995 Σανδαϐαρηνοῦ
1317 918 1409 972 καὶ
1461 916 1589 979 τοὺς
1618 914 1859 993 λύχνους

230 1002 517 1063 ἀποσϐέσαι
574 1012 681 1062 τῶν
740 1007 1036 1086 ὀφθαλμῶν
1091 1007 1274 1064 αὐτοῦ.
1309 1005 1484 1064 Ἀλλὰ
1541 1010 1704 1062 τοῦτο
1767 1004 1860 1078 μὲν

226 1095 469 1169 ἐκωλύθη
505 1104 733 1168 ποιῆσαι
786 1099 890 1154 ὑπὸ
938 1102 1036 1154 τοῦ
1082 1097 1428 1173 πατριάρχου
1465 1094 1556 1151 καὶ
1595 1101 1693 1165 τῆς
1726 1115 1860 1170 συγ-

224 1184 429 1256 κλήτου
490 1186 699 1262 βουλῆς
750 1194 850 1258 τῆς
909 1189 1128 1264 εἱρκτῆς
1189 1185 1246 1242 δὲ
1302 1184 1456 1259 ὅμως
1508 1185 1656 1263 εἶχεν
1687 1182 1856 1244 ἐντός.

224 1275 427 1348 Χρόνου
455 1272 513 1330 δὲ
555 1273 1001 1351 παραδραμόντος
1050 1279 1274 1352 συχνοῦ,
1317 1274 1404 1330 καὶ
1456 1272 1726 1336 πολλάκις
1757 1278 1858 1341 τῆς

224 1362 531 1440 συγκλήτου
575 1365 944 1443 βουληθείσης
979 1360 1495 1443 διαπρεσϐεύσασθαι
1555 1365 1675 1436 περὶ
1724 1361 1861 1417 τού-

215 1473 308 1508 του
340 1454 429 1509 καὶ
458 1457 578 1510 κατ’
609 1454 790 1527 ἄλλην
819 1456 910 1510 καί
950 1454 1132 1526 ἄλλην
1186 1453 1364 1509 αἰτίαν
1396 1450 1584 1516 ἄλλως
1617 1452 1705 1506 καὶ
1756 1448 1860 1508 ἅλ-

218 1541 328 1608 λως
375 1543 738 1619 κωλυομένης
769 1591 784 1616 ,
837 1546 1108 1625 πρόφασις
1165 1543 1375 1600 δίδοται
1433 1544 1683 1619 εὔλογος,
1716 1542 1766 1614 ἐξ
1792 1546 1860 1613 ἧς

213 1628 581 1707 ὡδηγηθησαν
652 1633 729 1699 εἷς
784 1635 846 1689 τὸ
905 1634 1201 1690 καταλῦσαι
1266 1632 1332 1687 τὰ
1395 1628 1807 1704 σπουδαζόμενα
1843 1675 1856 1688 .

208 1723 351 1776 Ζῶον
389 1722 458 1793 ἦν
491 1744 543 1780 τι
576 1725 782 1795 πτηνὸν
823 1723 874 1780 ἐν
906 1719 1112 1797 κλωϐῷ
1141 1724 1278 1779 κατᾶ
1322 1724 1389 1777 τα
1444 1720 1695 1797 βασίλεια
1724 1722 1860 1776 αἰω-

206 1808 475 1884 ρούμενον
520 1814 656 1889 πρὸς
709 1812 827 1878 θέαν
893 1813 985 1869 καὶ
1041 1814 1230 1888 τέρψιν
1286 1818 1394 1868 τῶν
1450 1812 1735 1885 θεωμένων
1767 1810 1857 1865 καὶ

1971 664 2180 731 Senatu
2204 676 2611 731 saepenumero
2636 678 2740 733 pro
2764 662 2955 716 Leone
2978 662 3347 719 intercedere
3377 671 3617 737 conato,

1969 749 2222 821 aliisque
2254 754 2430 820 atque
2462 750 2597 806 aliis
2658 751 2731 805 de
2790 752 2983 807 causis
3043 752 3351 824 impedito,
3386 756 3626 813 tandem

1967 839 2253 910 propositi
2278 839 2640 909 exsequendi
2664 841 2797 896 talis
2810 856 2936 896 sese
2954 842 3167 897 obtulit
3184 845 3614 915 Opportunitas.

1968 929 2034 982 In
2060 928 2277 999 palatio
2303 928 2423 983 avis
2455 929 2724 999 quendam
2748 930 3028 986 humana:
3047 932 3205 987 vocis
3243 933 3616 1006 aliarumque

1969 1016 2184 1072 imitati
2202 1017 2547 1085 ἱκ,ἰιοηιίῃε
2562 1018 2869 1089 psittacus,
2902 1021 2963 1074 in
2984 1036 3162 1076 cavea
3191 1037 3483 1093 suspensa
3511 1023 3615 1079 de-

1968 1102 2162 1174 gebat,
2194 1110 2260 1158 ut
2317 1108 2677 1175 spectatores
2716 1109 2892 1175 atque
2936 1106 3238 1162 auditores
3268 1107 3611 1166 oblectaret.

1969 1193 2050 1246 Ea
2079 1191 2201 1247 avis
2241 1192 2361 1247 sive
2393 1192 2637 1248 fortuito
2671 1194 2790 1249 sive
2821 1194 2905 1250 ita
2933 1211 2968 1249 a
2997 1195 3255 1266 quodam
3286 1197 3482 1268 docta,
3512 1216 3610 1256 vo-

1971 1281 2204 1336 ciferari
2227 1281 2458 1337 solebat
2488 1300 2501 1337 :
2542 1283 2667 1338 lleu
2700 1284 2835 1347 heu,
2867 1284 3110 1340 domine
3156 1286 3291 1341 Leo.
3349 1289 3616 1353 Quodam

1972 1374 2236 1440 tempore
2268 1387 2403 1427 cum
2425 1371 2500 1426 ad
2545 1371 2876 1427 convivium
2930 1374 3258 1444 imperator
3313 1383 3615 1434 senatores

1971 1460 2301 1531 praecipuos
2333 1467 2872 1533 vocasset,eamque
2895 1480 3097 1519 vocem
3117 1466 3237 1522 avis
3264 1467 3614 1538 saepiuscule

1970 1549 2480 1607 ederet.mcrstitia
2499 1550 2708 1607 oborta
2729 1553 2984 1607 convivae
3006 1553 3135 1609 cibo
3154 1559 3415 1626 potuque
3437 1556 3614 1613 omis-

1971 1652 2035 1691 so
2066 1635 2450 1709 cogitabundi
2481 1638 3123 1711 assederunt.Cumque
3149 1641 3209 1696 id
3234 1642 3615 1698 animadver-

1971 1731 2100 1781 tens
2148 1727 2254 1797 im].
2280 1734 2474 1782 erator
2506 1745 2746 1783 causam
2779 1730 2864 1783 rei
2924 1731 3313 1801 perquireret,
3339 1733 3379 1787 ii
3411 1734 3615 1791 oculos

1968 1815 2247 1888 lacrymis
2278 1817 2520 1888 oppleti,
2554 1839 2581 1867 ‹‹
2615 1818 3613 1892 Qui,inquiunt,imperator,cibum

205 1895 518 1956 ἀκουόντων
549 1903 832 1978 (ψιττακὸς
881 1902 1056 1975 ὄνομα
1109 1906 1189 1974 τῷ
1246 1902 1421 1997 ζώω),
1477 1898 1726 1997 μιμηλρν
1762 1900 1849 1997 καὶ

1967 1906 2438 1977 οαρὶαπιιε,νοοθ
2471 1907 2676 1963 bestiae
2698 1908 2878 1979 hujus
2908 1909 3202 1982 objurgati
3248 1926 3356 1966 nos
3388 1913 3487 1983 qui
3517 1930 3612 1969 ra-

204 1985 537 2068 πολύφωνον
588 1991 720 2068 ὅπερ
763 1992 870 2049 εἶ’τε
925 1991 1061 2067 πρός
1118 2012 1281 2048 τινων
1336 1987 1591 2068 διδαχθὲν
1625 1988 1850 2045 εἶ’τ’ὂίλ-

205 2074 319 2140 λως
341 2101 466 2143 πως
487 2080 539 2152 ἐξ
554 2080 862 2154 αὐτομάτου
881 2080 1178 2151 πολλάκις,
1201 2105 1230 2133 ι(
1256 2078 1349 2150 Αἲ,
1367 2078 1442 2149 αἲ,
1466 2079 1621 2155 κύριε
1641 2077 1797 2146 Δέον,
1824 2103 1852 2130 ›ι

204 2162 522 2244 ἐφθέγγετο.
583 2170 842 2250 Εύωχίας
893 2169 948 2226 δὲ
976 2191 1112 2226 ποτε
1164 2167 1498 2240 τελουμένης
1524 2172 1605 2239 τῷ
1640 2165 1855 2244 βασιλεῖ

198 2256 435 2313 καὶτῶν
490 2262 721 2335 πρώτων
779 2268 880 2329 τῆς
943 2258 1150 2335 βουλῆς
1211 2257 1648 2330 συνεστιωμένων
1683 2256 1852 2327 αὐτῷ,

201 2348 422 2404 καὶτοῦ
479 2346 693 2425 ὄρνιθος
755 2350 1030 2412 πολλάκις
1088 2348 1456 2426 φθεγγομένου
1510 2346 1573 2401 τὸ
1615 2344 1855 2421 προρρη-

199 2433 287 2499 θέν
320 2479 336 2506 ,
393 2436 878 2515 ἐπιστυγνάσαντες
945 2440 996 2493 οἱ
1047 2435 1366 2510 δαιτυμόνες
1431 2440 1530 2502 τῆς
1613 2436 1852 2510 εὐωχίας

193 2522 501 2584 ἐπαύσαντο
531 2531 621 2586 καὶ
681 2530 769 2586 ἐπὶ
828 2530 1068 2591 συννοίας
1127 2529 1408 2599 ἐκάθηντοο
1472 2527 1660 2597 οἷσπερ
1690 2547 1855 2601 προσ·

189 2615 352 2689 σχὼν
385 2618 415 2671 ὁ
453 2618 709 2692 βασιλεὺς
767 2621 867 2688 τήν
929 2619 1106 2675 αἰτίαν
1147 2622 1247 2685 τῆς
1294 2618 1517 2692 ἀποχῆς
1565 2621 1674 2672 τῶν
1712 2617 1851 2691 βρω-

193 2705 393 2776 μάτων
425 2704 681 2781 ἐπήρετο.
722 2710 789 2767 Οἱ
838 2707 896 2765 δὶ
949 2706 1194 2783 δακρύων
1256 2705 1692 2776 ὑποπλησθέντες
1721 2706 1852 2767 τοὺς

195 2790 555 2867 ὄφθαλμοὸς,
588 2822 615 2849 ‹‹
651 2799 801 2857 Τίνα.
835 2794 878 2853 ὤ
910 2798 1164 2864 δέσποτα,
1197 2800 1376 2863 εἷπον,
1412 2796 1620 2871 βηῶσιν
1652 2792 1849 2873 φαγού-

200 2893 372 2956 mea,
407 2887 581 2952 οὑτως
610 2888 712 2944 ὑπὸ
743 2897 843 2960 τῆς
873 2892 1057 2966 φωνῆς
1102 2891 1199 2944 τοῦ
1229 2887 1432 2961 ἀλόγου
1483 2885 1680 2940 τούτου
1712 2886 1846 2940 ὁνει·

193 2982 509 3058 διζόμενοι,
562 2977 848 3039 δοκοῦντες
904 2980 1071 3052 ἡμεῖς
1125 2973 1342 3053 λογικοί
1385 2995 1443 3030 τε
1483 2974 1574 3029 καὶ
1621 2972 1842 3052 φιλοδέ-

192 3089 450 3140 σποτοι;
497 3066 580 3125 ὅτι
639 3068 770 3124 αὐτὸ
805 3069 898 3140 μὲν
955 3068 1018 3123 τὸ
1070 3065 1274 3142 ἄλογον
1337 3069 1473 3135 ζῶον
1523 3064 1616 3119 τὸν
1647 3064 1846 3119 οἰκεῖον

1965 1996 2150 2050 tionis
2179 1985 2482 2068 compotes
2513 2002 2571 2052 et
2599 1997 2979 2054 dominorum
3003 2000 3254 2055 studiosi
3287 2002 3613 2060 credimur?

1962 2084 2142 2141 Bruta
2164 2085 2288 2141 haec
2341 2087 2462 2141 avis
2524 2087 2749 2141 domini
2808 2090 2898 2143 sui
2930 2105 3150 2144 nomen
3174 2089 3452 2147 invocat:
3501 2110 3609 2149 nos

1960 2174 2123 2228 luxui
2146 2174 2331 2230 dediti
2366 2176 2669 2231 insontem
2686 2174 2969 2232 oblivioni
2995 2179 3270 2236 mandam
3283 2183 3609 2238 us.Etenim

1963 2263 2011 2317 si
2031 2263 2383 2319 insidiarum
2408 2267 2556 2336 patri
2578 2270 2935 2321 structarum
2960 2268 3327 2324 convincitur
3348 2271 3610 2340 Leo,om-

1962 2370 2071 2408 nes
2092 2371 2201 2409 nos
2228 2356 2448 2411 nostris
2472 2373 2608 2411 eum
2630 2357 2907 2412 manibus
2934 2375 3145 2414 nccare
3166 2361 3355 2431 parati
3380 2378 3607 2432 sumus,

1960 2458 2152 2515 neque
2184 2445 2423 2517 sanguis
2442 2445 2569 2515 ejus
2590 2446 2760 2501 nobis
2810 2447 3148 2503 saturandis
3180 2448 3455 2504 sufficiet.
3510 2451 3610 2506 Sin

1961 2531 2213 2587 crimina
2233 2533 2285 2588 ei
2311 2534 2605 2589 intentata
2633 2551 2752 2591 non
2785 2534 3608 2610 den10nstrantu1,quousque

1957 2622 2201 2678 tandem
2232 2623 2655 2679 calumniatrix
2682 2623 2886 2696 lingua
2916 2642 3051 2681 eum
3082 2627 3376 2696 opprimet
3401 2628 3429 2682 ‘?
3449 2630 3607 2705 aliis,

1957 2711 2153 2765 verbis
2183 2711 2561 2783 demitigatus
2591 2713 2917 2783 imperator
2944 2713 3100 2769 bono
3133 2715 3333 2770 animo
3366 2708 3493 2771 esse
3546 2718 3608 2775 in

1957 2798 2278 2868 praesentia
2308 2815 2408 2853 eos
2426 2799 2620 2870 jubet.
2655 2817 2838 2871 seque
2888 2818 3013 2856 rem
3046 2819 3202 2857 curae
3261 2803 3606 2861 habiturum

1956 2885 2269 2959 promittit.
2299 2887 2503 2943 1048
2532 2891 2614 2943 Ac
2643 2904 2765 2943 non
2795 2906 3008 2962 magno
3032 2896 3165 2962 post
3200 2893 3485 2963 temporis
3519 2895 3604 2950 in-

1955 2975 2300 3032 tervallo.ad
2334 2981 2609 3032 naturam
2635 2979 3186 3041 reversus.Leonem
3210 2997 3446 3038 carcere
3468 2982 3605 3040 edu-

1955 3071 2117 3121 ctum
2148 3065 2210 3120 in
2241 3071 2623 3138 conspectum
2655 3084 2829 3123 suum
2855 3068 3135 3135 admittit,
3160 3076 3385 3126 vestem
3432 3071 3605 3144 lugu-

190 3152 555 3220 ἀνακαλεῖται
623 3155 909 3227 δεσπότην,
985 3159 1148 3228 ἡμεῖς
1208 3152 1265 3210 δὲ
1309 3158 1616 3230 τρυφῶντες
1667 3150 1847 3222 λήθην

1964 3155 2118 3210 brem
2146 3155 2375 3225 ademit,
2436 3172 2621 3211 comta
2679 3156 3000 3228 superﬂua,
3043 3175 3175 3230 quae
3226 3176 3333 3231 per
3379 3160 3608 3218 luctum

182 3257 289 3310 τοῦ
355 3247 531 3324 μηδὲν
591 3245 952 3317 ἀδικήσαντος
1010 3240 1282 3318 ἐλάϐομεν
1315 3241 1598 3301 δεσπότου.
1644 3242 1704 3298 Εἰ
1747 3244 1845 3315 μὲν

1964 3250 2290 3313 creverant,
2349 3244 2569 3300 auferri
2613 3243 2807 3315 jubet,
2844 3246 3312 3319 dignitatemque
3361 3250 3610 3307 Caesaris

186 3343 299 3420 γὰρ
357 3337 567 3395 ἀδικῶν
617 3334 900 3415 ἐλέγχεται
947 3336 1039 3390 καὶ
1093 3336 1230 3390 κατᾶ
1275 3337 1373 3389 τοῦ
1421 3333 1625 3407 πατρὸς
1664 3333 1849 3407 εὖτρε·

1964 3311 2283 3405 pristinam
2312 3332 2526 3389 reddit.

178 3396 360 3492 πίσας
422 3428 524 3496 τήν
595 3396 789 3497 δεξιάν,
843 3424 1157 3500 αὐτόχειρες
1212 3425 1377 3496 ἡμεῖς
1433 3421 1628 3477 τούτου
1706 3421 2044 3498 γενησόμεθα
2134 3421 2355 3490 πάντες,
2433 3424 2531 3476 τοῦ
2586 3420 2817 3493 αἳματος
2869 3421 3035 3477 αὐτοῦ
3091 3423 3169 3492 μὴ
3232 3420 3610 3498 λαμϐάνοντες

176 3518 379 3590 κόροψ
424 3518 473 3573 εἱ
505 3514 553 3571 δ’
582 3514 664 3573 ἐφ’
694 3517 779 3577 οἷς
828 3513 1092 3584 ἐνεκλῆθη
1153 3510 1429 3587 διαφεύγει
1462 3511 1552 3567 τὸν
1591 3508 1848 3590 ἔλεγχον,
1905 3510 2072 3585 μέχρι
2126 3511 2273 3573 τίνος
2330 3512 2367 3580 ἡ
2426 3510 2747 3590 συκοφάντις
2804 3509 3030 3587 γλῶσσα
3089 3514 3207 3567 κατ’
3258 3512 3420 3569 αὐτοῦ
3452 3512 3613 3570 δυνα-

177 3574 440 3684 μοδῦταη
488 3603 861 3681 »Μαλαχθεῖς
910 3604 1003 3659 οὗν
1060 3608 1175 3666 τοῖς
1228 3602 1505 3664 τοιούτοις
1566 3600 1756 3676 λόγοις
1788 3602 1816 3656 ὁ
1851 3599 2110 3676 βασιλεὺς
2162 3599 2283 3655 τότε
2341 3600 2435 3673 μὲν
2493 3606 2821 3668 καθεσθῆναι
2877 3599 3092 3663 τούτοις
3143 3601 3453 3674 προσέταξε,
3484 3625 3609 3661 σκο-

170 3707 360 3770 πῆσαι
428 3694 474 3751 δ’
524 3696 688 3757 αὐτὸς
744 3694 867 3769 περὶ
925 3697 1021 3749 τοῦ
1067 3694 1386 3768 πράγματος
1446 3689 1834 3767 ἐπηγγείλατο·
1904 3691 2022 3762 μετ’
2083 3687 2144 3742 ού
2208 3686 2358 3742 πολὺ
2409 3684 2466 3742 δέ
2520 3687 2656 3759 πρὸς
2702 3688 2801 3755 την
2853 3688 3010 3765 φύσιν
3063 3687 3373 3745 ἐπανελθὼν
3432 3689 3608 3768 ἐξάγει

163 3811 230 3847 τε
263 3792 524 3865 φρουρᾶς
555 3786 645 3841 καὶ
705 3784 783 3848 εἲς
837 3779 960 3858 ὄψιν
1020 3781 1137 3860 ἄγει
1193 3784 1285 3839 τὸν
1346 3783 1485 3853 υἱὸν,
1542 3782 1634 3836 καὶ
1690 3782 1790 3851 τὴν
1845 3778 2109 3850 πένθιμον
2164 3772 2382 3851 ἀμείϐει
2440 3775 2669 3846 στολήν,
2726 3778 2813 3831 καὶ
2870 3777 2934 3834 τὸ
2990 3779 3238 3852 περιττὸν
3289 3782 3388 3845 τῆς
3440 3778 3493 3836 ἐν
3536 3785 3605 3857 τῇ

166 3857 335 3955 λύπη
371 3857 674 3952 τραφείαης
704 3857 892 3947 κόμης
913 3857 1205 3949 περιαιρεῖ,
1242 3871 1331 3927 καὶ
1356 3873 1458 3942 τὴν
1485 3870 1751 3946 προτέραν
1792 3874 1894 3938 τῆς
1927 3864 2209 3943 βασιλείας
2238 3866 2407 3939 τιμὴν
2437 3862 2790 3922 ἀποδίδωσιν,

243 3969 335 4026 Οὐ
372 3964 527 4022 πολὺ
575 3965 639 4020 τὸ
669 3962 722 4018 ἐν
759 3961 928 4036 μέσῳ.
989 3962 1078 4017 καὶ
1127 3960 1405 4037 διαῤῥοίας
1436 3962 1581 4034 νόσῳ
1628 3959 1849 4016 ἁλίσκε-

2033 3957 2199 4014 Haud
2229 3957 2416 4012 multo
2458 3962 2591 4029 post
2622 3957 2873 4013 Basilius
2901 3957 2960 4012 in
2991 3958 3102 4013 alvi
3126 3958 3478 4030 proﬂuvium
3512 3962 3604 4018 in-

164 4078 292 4127 ται,
328 4052 602 4111 καὶκατὰ
652 4051 880 4126 μικκρὸν
924 4054 994 4124 τῇ
1040 4049 1265 4125 τοιαύτῃ
1310 4047 1561 4121 τηκεδόνι
1610 4068 1849 4120 κατεμα-

1964 4048 2141 4116 cidit;
2176 4064 2365 4118 eoque
2396 4047 2602 4102 morbo
2644 4048 2931 4119 paulatim
2991 4049 3435 4118 contabescens,
3470 4069 3607 4110 cum

166 4148 433 4222 ραίνετο.
467 4141 675 4204 Διαθεῖς
725 4138 771 4195 δ’
828 4140 903 4199 ὡς
955 4137 1130 4194 ἐδόκει
1175 4139 1242 4194 τὰ
1290 4145 1391 4208 τῆς
1426 4135 1725 4213 βασιλείας,
1756 4136 1847 4191 καὶ

1964 4155 2058 4192 res
2089 4136 2327 4208 imperii
2357 4154 2463 4208 pro
2516 4153 2623 4192 suo
2684 4137 2929 4193 arbitrio
2974 4139 3381 4195 constituisset
3418 4142 3610 4198 haere-

164 4237 275 4291 τὸν
311 4231 677 4308 κληρονόμον
701 4231 789 4284 καὶ
823 4225 1085 4304 διάδοχον
1133 4248 1407 4305 γνωριμον
1456 4227 1847 4297 ποιησάμενος,

1964 4227 2218 4297 demque
2250 4231 2309 4281 et
2351 4242 2756 4282 successorem
2800 4244 2972 4282 suum
3014 4228 3395 4297 declarasset,
3447 4231 3609 4286 diem

167 4325 271 4380 τὸν
318 4323 448 4400 βίον
501 4318 754 4388 ἀπέλιπε,
814 4312 1254 4390 συμϐασιλεύσας
1303 4317 1397 4389 μὲν
1428 4320 1508 4388 τῷ
1547 4314 1654 4389 πρὸ
1685 4311 1849 4369 αξιτοῦ

1964 4315 2126 4372 obiit.
2156 4315 2469 4387 Imperavit
2489 4332 2623 4371 cum
2647 4316 2929 4371 Michaelo
2952 4334 3177 4373 annum
3207 4335 3417 4389 unum,
3453 4319 3612 4375 solus

166 4411 442 4493 Μιχαὴλ
475 4409 675 4485 χρόνον
725 4405 842 4478 ἕνα,
892 4404 1210 4481 ἐτέρουςίδέ
1258 4404 1406 4461 ἐννέα
1434 4405 1525 4461 καὶ
1558 4402 1685 4460 δέκα
1714 4402 1849 4483 χοό-

1964 4404 2437 4476 unumdeviginti
2469 4420 2658 4459 annos
2718 4405 3033 4477 imperium
3094 4406 3375 4478 prmclare
3405 4409 3607 4482 gessit.

163 4492 312 4563 νους
348 4500 482 4574 περὶ
513 4501 611 4569 τὴν
651 4499 1024 4574 αὐτοκράτορα
1070 4505 1171 4568 τῆς
1222 4496 1503 4573 βασιλείας
1553 4492 1849 4571 διαπρέψας

1964 4493 2259 4551 Successit
2314 4494 2368 4549 ei
2400 4494 2534 4561 Leo,
2566 4493 2827 4550 ﬁliorum
2887 4496 3272 4568 superstitum
3319 4498 3613 4556 maximus

161 4592 405 4673 ἀρχήν.
463 4586 781 4665 Διαδέχεται
830 4586 886 4643 δὲ
912 4589 1015 4657 τὴν
1064 4585 1203 4658 ὅλην
1246 4593 1348 4656 τῆς
1397 4585 1639 4659 ἐξουσίας
1670 4584 1852 4663 ἀρχὴν
1963 4588 2127 4639 natu.

174 4682 356 4739 Λέων
394 4679 427 4735 ὁ
457 4680 577 4744 καθ’
607 4677 827 4750 ἠλικίαν
856 4681 1073 4751 πρῶτος
1097 4680 1204 4732 τῶν
1234 4675 1532 4749 περιόντων
1574 4675 1724 4731 υἱῶν.

245 4773 350 4845 [Ρ.
389 4770 519 4842 593]
574 4769 723 4823 Λέων
754 4765 810 4822 δὲ
840 4770 947 4823 τῶν
979 4764 1124 4823 ὅλων
1154 4766 1442 4840 γενόμενος
1498 4763 1707 4839 κύριος,
1751 4766 1849 4818 τῶν

2042 4763 2154 4819 Leo
2182 4777 2417 4819 summa
2454 4779 2656 4819 rerum
2697 4762 2772 4819 ad
2830 4781 2891 4820 se
2924 4764 3217 4837 devoluta,
3278 4767 3449 4826 initio
3499 4786 3617 4827 caa-

161 4858 390 4917 ἄλλων
423 4861 532 4912 τῶν
594 4850 1071 4930 συμϐαλλομένων
1105 4859 1187 4927 τῷ
1232 4852 1596 4925 πολιτεύματι
1627 4851 1785 4927 ὀλίγα
1812 4851 1847 4920 ἣ

1964 4858 2222 4909 terorum
2254 4869 2385 4924 quae
2415 4850 2489 4907 ad
2534 4869 2661 4908 rem
2717 4853 3017 4925 publicam
3076 4857 3457 4928 pertinebant
3508 4863 3611 4915 aut

157 4951 236 5008 τὸ
276 4948 549 5024 παράπαν
595 4949 671 5020 μὴ
732 4945 1043 5024 φροντίσας,
1097 4949 1179 5017 τῷ
1235 4949 1394 5017 θυμῷ
1449 4940 1508 4999 δὲ
1565 4941 1849 5018 σφαδάζων

1965 4939 2234 5011 exiguam
2269 4942 2370 4993 aut
2420 4938 2649 4994 nullam
2707 4955 2912 4995 curam
2962 4943 3164 5013 gessit,
3224 4943 3326 4999 sed
3372 4960 3493 5015 prae
3526 4943 3617 4999 ira

159 5040 273 5097 καὶ
308 5038 425 5106 τὴν
455 5037 602 5112 παρᾶ
650 5038 747 5091 τοῦ
808 5029 1229 5104 Σανδαϐαρηνοῦ
1284 5035 1400 5089 κατ’
1435 5034 1606 5088 αὐτοῦ
1661 5037 1849 5087 συστᾶ-

1965 5027 2335 5083 tumultuans
2367 5026 2733 5098 insidiasque
2764 5029 2827 5083 in
2859 5045 2919 5084 se
2950 5030 3352 5088 Sandabareni
3385 5031 3613 5088 recenti

160 5149 281 5187 σαν
366 5124 663 5197 σκευωρίαν
750 5118 976 5180 ἔναυλον
1059 5117 1230 5199 ἔχων,
1291 5121 1446 5187 εὐθὺς
1504 5119 1849 5191 διαναστῆναι

1966 5116 2256 5172 memoria
2285 5115 2483 5171 animo
2525 5116 2844 5173 observans
2904 5119 3103 5173 statim
3156 5119 3227 5175 ad
3287 5119 3608 5192 exigendas

163 5215 383 5291 ἔκρινε
437 5214 574 5289 πρὸς
627 5210 927 5283 ἐκδίκησιν,
987 5212 1572 5285 προκαταστησάμενος
1631 5209 1849 5285 εὐλογο-

1964 5205 2037 5261 de
2069 5222 2138 5261 eo
2168 5220 2374 5276 pmnas
2396 5220 2458 5259 se
2518 5205 2794 5273 accinxit,
2824 5222 3030 5262 causas
3079 5208 3140 5263 in
3198 5209 3457 5280 speciem
3506 5209 3611 5266 ho-

161 5307 391 5384 φανεῖς
447 5302 667 5373 αἰτίας,
730 5302 806 5364 ὡς
864 5300 923 5356 ἃν
983 5297 1154 5372 δόξειε
1214 5301 1282 5355 τὰ
1335 5299 1680 5377 πραττόμενα
1739 5301 1849 5373 μετ¹

1964 5302 2163 5351 nestas
2193 5308 2261 5348 ac
2283 5292 2622 5362 probabiles
2640 5300 2991 5364 praetexens,
3024 5302 3091 5351 ut
3119 5313 3249 5368 quae
3280 5297 3607 5369 agebantur

172 5382 442 5468 εὐλόγου
495 5391 819 5464 πράττεσθαι
869 5389 1125 5470 ἀφορμῆς
1161 5432 1175 5458 ,
1229 5388 1320 5444 καὶ
1389 5389 1457 5445 τὰ
1512 5384 1748 5461 ἐμπόδια
1796 5385 1849 5441 ἐκ

1964 5384 2163 5439 omnia
2191 5382 2419 5437 ratione
2450 5387 2613 5438 recta
2654 5383 2780 5437 ﬁeri
2840 5390 3211 5455 putarentur,
3244 5393 3304 5441 et
3361 5387 3617 5459 impedi-

158 5477 373 5563 μέσου
403 5483 695 5558 περιελὼν.
737 5479 918 5543 Εἰδὼς
967 5481 1067 5556 γὰρ
1117 5481 1191 5542 ὡς
1231 5480 1330 5535 οὐκ
1374 5478 1436 5535 ἄν
1485 5500 1537 5536 τι
1599 5476 1849 5547 δυνηθείη

1964 5478 2167 5530 menta
2198 5470 2509 5527 amoliens.
2545 5472 2743 5527 Primo
2778 5474 3045 5528 omnium
3092 5474 3163 5530 de
3215 5475 3617 5533 submovendo

220 5538 273 5542 -,
450 5538 461 5540 -
624 5538 631 5539 ,
682 5538 693 5540 -
738 5538 781 5541 _
905 5538 915 5543 _
980 5538 992 5556 ,
1039 5539 1047 5552 ,
1179 5538 1189 5542 -
1719 5538 1729 5544 .
1840 5538 1849 5547 .

157 5538 413 5654 ξαῦλον
462 5538 756 5642 ἐνείξασθαι
810 5569 948 5625 κατὰ
996 5570 1095 5623 τοῦ
1153 5563 1594 5643 Σανδαϐαρηνοῦ,
1636 5566 1849 5622 Φωτίου

1966 5561 2175 5618 Ριιοιὶο
2207 5559 2545 5632 patriarcha
2588 5562 2929 5634 cogitatum,
2972 5562 3131 5633 quod
3161 5563 3273 5620 hoc
3302 5564 3617 5636 pontiﬁcaé

153 5647 278 5719 τὸν
350 5659 752 5738 πατριαρχικὸν
809 5657 1084 5723 ίθύνοντος
1159 5657 1371 5734 θρόνον.
1428 5658 1849 5734 ([Ιροστήσεσθαι

1974 5655 2102 5710 tum
2133 5665 2305 5708 suum
2327 5647 2633 5706 obtinente
2653 5649 2902 5708 sentiret
2922 5651 3339 5711 Sandabareno
3371 5669 3433 5710 se
3462 5653 3619 5711 male

157 5750 314 5833 γὰρ
355 5749 521 5807 αὐτοῖς
550 5750 925 5826 γενναιότερον
953 5747 1043 5803 καὶ
1107 5745 1498 5824 ἀντιλήψεσθαι
1552 5747 1849 5805 ὑπετόπσσε

1985 5740 2180 5799 facere
2209 5754 2331 5798 non
2359 5752 2742 5812 posse,quem
2770 5756 2805 5797 a
2829 5739 3041 5799 Photio
3063 5743 3281 5802 acriter
3307 5743 3619 5803 defensum
