4054 6286
293 366 448 434 1137

1424 365 1981 433 HISTORIARUM
2025 371 2540 440 COMPENDIUM

3541 372 3705 435 1138

294 500 353 560 δὲ
382 504 577 562 τούτου
608 502 799 583 γὲγονε
827 500 917 559 καὶ
969 505 997 559 6
1048 500 1177 567 ναδς
1233 506 1330 558 τοῦ
1378 502 1569 581 ’Δγίου
1628 500 1940 559 ἀποστόλου

2053 507 2114 563 in
2146 509 2405 567 cinerem
2438 529 2506 569 ac
2537 512 2798 569 favillam
2832 511 3058 584 redegit
3089 525 3102 577 ;
3138 507 3297 582 quod
3327 519 3541 581 magno
3593 505 3703 565 de-

294 598 486 667 Θωμᾶ,
519 595 577 649 6'v
600 595 937 672 τεφρωθέντα
984 593 1073 649 καὶ
1131 592 1366 664 αἰθάλην
1425 595 1715 669 γενόμενον
1771 591 1801 648 6
1836 594 1943 669 βα-

295 684 477 748 σιλεὺς
509 685 663 749 αὖθις
704 683 1025 747 πολυτελῶς
1055 684 1408 741 ἀνεκαίνισεν.

367 773 618 851 Εἰσήχοη
661 771 718 831 δὲ
747 774 836 830 καὶ
869 775 898 829 6
929 769 1346 849 Σανὸαϐαρηνὸς
1377 772 1453 836 εἷς
1483 774 1582 844 τήν
1638 769 1824 843 πόλιν,
1854 773 1946 851 καῖ

297 846 549 920 ὑπέθεντο
605 867 687 937 τῷ
750 861 969 938 βασιλεῖ
1021 846 1276 934 ’Λνδρέας
1333 863 1363 918 6
1420 861 1803 938 στρατηλάτης
1857 846 1946 916 διοιἱ

296 958 569 1030 Στέφανος
607 954 927 1029 μάγιστρος,
961 952 1014 1008 οἱ
1074 951 1260 1009 πολλᾶ
1311 952 1458 1026 παρᾶ
1509 955 1609 1007 τοῦ
1665 944 1947 1007 Σανδαϐα-

296 1048 469 1118 ρηνοῦ
497 1044 633 1119 πρὸς
668 1040 951 1100 Βασίλειον
985 1043 1078 1098 τὸν
1142 1040 1369 1119 βασιλέα
1426 1036 1833 1112 διαϐληθέντες.
1861 1038 1945 1111 ἐξ·

292 1133 562 1189 ετάσαιτᾶ
591 1136 690 1200 τῆς
747 1133 1047 1209 γενομένης
1101 1134 1216 1189 κατ’
1272 1130 1439 1189 αὐτοῦ
1491 1135 1594 1188 τοῦ
1651 1124 1945 1207 βασ;λέως,

291 1228 529 1303 γραφῆς.
564 1217 976 1279 Διεόεϐαιοῦντο
1009 1220 1066 1278 δὲ
1119 1222 1210 1278 καὶ
1269 1218 1494 1277 δυνατὸν
1553 1220 1690 1276 εἶναι
1737 1219 1946 1293 ἐξελεγ-

294 1319 495 1388 χθῆναι
521 1313 595 1376 ὡς
631 1311 959 1388 βουλόμενοι
994 1311 1214 1375 Φώτιός
1258 1332 1318 1367 τε
1370 1313 1398 1367 6
1447 1311 1799 1386 πατριάρχης
1852 1307 1944 1365 καὶ

296 1401 454 1464 αὐτὸς
485 1401 513 1456 6
545 1396 961 1476 Σανδαϐαρηνὸς
988 1402 1104 1457 τινα
1129 1406 1238 1458 τῶν
1287 1404 1386 1456 τοῦ
1423 1399 1640 1456 Φωτίου
1672 1402 1941 1473 συγγενῶν

297 1491 372 1554 εἶς
410 1492 508 1561 τὴν
568 1488 848 1566 βασιλείαν
906 1491 1192 1567 ἀναγαγεῖν
1243 1490 1306 1546 τὸ
1366 1487 1662 1563 μελετηθὶν
1721 1488 1943 1563 ὑπεκρί-

294 1601 446 1636 ναντο
497 1578 698 1655 δρᾶμα.
755 1581 1093 1654 Πεμφθέντες
1151 1581 1242 1636 οῦν
1294 1600 1433 1642 τινες
1474 1580 1611 1649 πρὸς
1666 1575 1942 1654 βασιλέως

296 1669 516 1745 ἀγαγεῖν
540 1670 633 1726 τόν
657 1691 715 1725 τε
745 1670 959 1725 Φώτιον
992 1672 1081 1725 καὶ
1111 1671 1203 1726 τὸν
1247 1664 1661 1743 Σανδαϐαρηνὸν
1717 1664 1769 1722 ἐν
1827 1672 1944 1729 τοῖς

295 1759 590 1822 παλατίοις
643 1764 751 1814 τῶν
809 1764 1009 1834 Πηγῶν
1069 1758 1479 1826 ἐκελεύσθησαν.
1563 1754 1699 1828 Ἰδίᾳ
1758 1755 1942 1829 μέντοι

2050 598 2187 655 inde
2215 600 2517 673 impendio
2545 602 2868 675 imperator
2898 598 3270 656 instauravit.

2119 781 2363 838 Interim
2395 781 2814 839 Sandabareno
2831 778 3389 851 Constantinopolin
3420 775 3700 846 adducto,

2048 870 2313 928 Andreas
2339 872 2705 928 exercituum
2734 872 2854 927 dux
2907 877 2967 928 et
3018 869 3353 942 Stephanus
3397 866 3700 939 magister,

2051 976 2199 1032 quos
2230 962 2685 1018 Sandabarenus
2719 960 2877 1033 apud
2908 959 3191 1017 Basiliam
3225 957 3427 1014 multis
3471 957 3699 1012 calum-

2051 1050 2168 1107 niis
2193 1057 2480 1124 gravarat,
2516 1052 2693 1108 Leoni
2744 1049 2999 1108 suadent
3029 1054 3093 1104 ut
3151 1048 3223 1104 de
3278 1046 3531 1104 crimine
3587 1046 3702 1117 ipsi

2051 1140 2343 1197 intentato
2401 1141 2852 1213 inquisitionem
2906 1139 3225 1205 instituat;
3279 1137 3700 1208 afﬂrmantque

2050 1229 2381 1303 ﬁeriposse
2442 1236 2508 1286 ut
2564 1231 2742 1288 certis
2799 1230 3243 1286 demonstretur
3293 1227 3529 1283 indiciis
3585 1242 3702 1297 quo

2050 1325 2220 1392 pacto
2290 1320 2536 1376 Photius
2605 1320 2943 1393 patriarcha
2995 1326 3054 1377 et
3111 1317 3584 1379 Sandabarenus.
3637 1321 3707 1372 ut

2050 1408 2366 1481 quemdam
2423 1410 2617 1465 Photii
2667 1417 2980 1483 cognatum
3028 1407 3103 1465 ad
3147 1409 3347 1464 ποθι
3385 1406 3702 1478 imperium

2051 1500 2384 1564 eveherent,
2418 1498 2683 1556 fabulam
2735 1500 2910 1555 istam
2942 1496 3263 1554 commenti
3296 1496 3521 1551 fuerint
3573 1494 3701 1549 Mit-

2050 1594 2258 1644 tuntur
2287 1606 2424 1662 ergo
2454 1588 2527 1645 ab
2559 1590 2916 1661 imperatore
2976 1587 3075 1660 qui
3133 1585 3410 1641 Photium
3443 1590 3502 1639 et
3557 1584 3697 1639 San-

2051 1678 2418 1734 dabarenum
2450 1677 2512 1733 in
2545 1678 2824 1750 palatium
2858 1676 2932 1733 ad
2949 1678 3164 1733 Fontes
3194 1674 3491 1730 adducant
3513 1678 3702 1728 :uter—

2052 1784 2166 1839 que
2197 1768 2446 1823 seorsim
2482 1768 2545 1822 in
2576 1767 2844 1823 custodia
2886 1766 3154 1822 habetur.
3189 1763 3580 1835 lnquisitores
3641 1765 3699 1817 et

298 1849 499 1924 ὥριστο
558 1851 906 1927 φρουρεῖσθαι
959 1849 1233 1926 ἑκάτερον.
1320 1847 1625 1919 Ἐξετασταὶ
1713 1845 1772 1903 δὲ
1853 1844 1943 1901 καί

2051 1857 2382 1929 cognitores
2409 1857 2728 1912 criminum
2743 1873 2872 1928 quae
2888 1854 3322 1927 objiciebantur
3337 1850 3700 1924 deliguntur,

298 1936 671 2016 ὃιαγνώμονες
698 1945 805 1996 τῶν
838 1942 955 1997 κατ’
986 1939 1161 1996 αὐτῶν
1193 1936 1523 2011 κινουμένων
1576 1937 1734 2001 αὐτός
1802 1957 1861 1994 τε
1912 1938 1940 1993 6

297 2028 678 2106 στρατηλάτης
711 2029 984 2108 ἐπέμιρθη,
1016 2027 1273 2104 Ἀνδρέας
1303 2029 1391 2084 καὶ
1423 2030 1452 2084 6
1484 2029 1781 2104 μάγιστρος
1811 2028 1944 2083 Στέ-

296 2142 478 2202 φανος.
508 2123 596 2175 καί
630 2122 659 2176 6
691 2121 985 2197 μάγιστεος
1043 2120 1072 2175 6
1122 2118 1535 2194 Ἀγιοπολίτης,
1588 2118 1679 2174 καὶ
1737 2121 1943 2192 Κρατε-

297 2211 412 2286 ρὸς,
444 2211 532 2266 καὶ
564 2205 786 2286 Γοῦϐερ,
818 2211 870 2266 οἱ
900 2207 1200 2283 πατρίκιοι.
1236 2209 1556 2286 Ἀγαγόντες
1583 2208 1674 2265 οὖν
1705 2209 1797 2264 τὸν
1835 2228 1941 2262 παο

293 2302 564 2375 τριαρχην
647 2299 863 2356 Φώτιον
943 2300 1034 2355 καὶ
1092 2298 1327 2373 ἐντίμως
1407 2300 1498 2353 ἓπί
1558 2299 1754 2374 θρόνου
1805 2308 1942 2362 καο-

298 2389 522 2460 ίσαντες,
580 2390 668 2445 καὶ
726 2389 883 2445 αὐτοὶ
930 2385 1288 2455 καθεσθέντες,
1345 2389 1445 2458 τήν
1501 2387 1732 2459 ἐξέτασιν
1790 2387 1945 2442 ἐποι-

296 2480 472 2535 οῦντο.
508 2477 601 2533 Καί
633 2500 795 2558 φησιν
838 2479 866 2533 6
897 2473 1275 2548 στρατηλάτης
1328 2475 1466 2553 πρὸς
1518 2477 1611 2532 τὸν
1669 2475 1942 2552 πατριάρ-

294 2589 425 2646 χην·
459 2595 486 2623 ‹‹
523 2570 831 2643 Γνωρίζεις,
863 2569 908 2623 ὦ
940 2565 1296 2635 δέσποτα,τὸν
1326 2569 1570 2647 μοναχὸν
1593 2565 1944 2643 Θεόδωρονς»

296 2660 361 2714 ὐ
402 2656 481 2729 ὂὶ,
513 2682 542 2712 ιι
575 2658 866 2731 Μοναχοὺς
898 2656 1023 2713 οἶδα
1079 2655 1395 2719 Θεοδώρους
1455 2655 1724 2722 πολλοῦς⁸
1784 2664 1942 2714 ποῖον

299 2746 533 2824 λέγειςς
587 2770 615 2799 ››
672 2748 782 2802 Τοῦ
836 2741 892 2802 δὲ
952 2742 1206 2817 ’Δνδρὲου
1261 2744 1630 2821 προσθεμένου
1688 2747 1787 2814 τήν
1847 2751 1946 2802 τοῦ

303 2831 721 2911 Σανδαεαρηνοῦ
799 2835 1189 2911 προσηγορίαν,
1250 2836 1278 2891 6
1330 2835 1701 2911 πατριάρχης,
1763 2859 1792 2888 ι(
1854 2841 1946 2891 Γι-

298 2919 692 3006 νώσκων,ἕφη,
759 2926 849 2982 τὸν
908 2922 1097 2995 ἄνδρα,
1157 2922 1451 2981 ἐπίσκοπον
1490 2928 1600 2980 τῶν
1655 2924 1946 3000 Εῦχαΐτων

300 3014 635 3092 ὑπάρχοντα.
701 3039 728 3067 ››
778 3015 1122 3091 Ἐνεχθεντος
1173 3011 1230 3070 δὲ
1285 3012 1376 3069 καὶ
1431 3016 1528 3070 τοῦ
1588 3010 1944 3091 Σανδαὸαρηο

296 3110 409 3171 νοῦ,
443 3106 572 3184 φησί
600 3105 739 3181 πρὸς
775 3104 933 3161 αὐτὸν
967 3105 995 3161 6
1027 3102 1304 3181 Ἀνδρέαςο
1335 3128 1364 3158 (ι
1414 3107 1486 3162 '0
1544 3103 1803 3181 βασιλεῦς
1861 3126 1948 3161 σοι

299 3192 484 3266 δηλοῖ·
519 3199 630 3250 Ποῦ
655 3194 853 3251 εἰσιτᾶ
893 3196 1159 3270 χρήματα
1220 3194 1311 3249 καὶ
1367 3193 1435 3249 τὰ
1490 3194 1783 3270 πράγματα
1845 3202 1946 3266 τῆς

301 3253 578 3361 βασιλείας
610 3305 717 3360 μου
747 3305 770 3352 ;
800 3308 829 3338 ››
859 3253 1355 3342 ’όθιδέιῦπολαϐώνο
1381 3308 1410 3336 ι(
1437 3253 1571 3359 Παρ’
1600 3253 1826 3348 ἐκείνοις
1857 3253 1944 3349 οῖς
1977 3253 2025 3321 C

298 3371 500 3430 δέδωκε
555 3377 724 3430 ταῦτα
780 3374 808 3429 6
858 3374 993 3430 κατὰ
1042 3376 1141 3440 τήν
1193 3373 1402 3449 ἡμέραν
1460 3372 1739 3450 βασιλεὺς.
1796 3375 1950 3431 Ἐπεὶ

297 3461 356 3520 δὲ
411 3468 502 3519 νῦν
560 3468 713 3536 ζητεῖ
758 3468 927 3520 ταῦτα
979 3462 1006 3518 6
1063 3462 1186 3537 ἄρτι
1243 3468 1482 3539 κρατῶν,
1540 3462 1779 3536 ἐξουσίαν
1827 3459 1946 3541 ἔχει

294 3553 385 3610 καὶ
419 3559 598 3623 ζητεῖν
640 3556 809 3609 ταῦτα
863 3552 953 3608 καὶ
1009 3547 1330 3627 λαμϐάνειν.
1367 3574 1396 3604 η
1438 3553 1543 3610 Καὶ
1604 3555 1633 3609 6
1665 3552 1944 3630 Ἀνδρέας·

296 3669 326 3696 ιι
359 3644 495 3702 Εἷπέ
531 3645 689 3715 τέως,
719 3642 784 3699 σὺ
812 3644 931 3700 τίνα
962 3638 1257 3699 ἐϐουλεῦου
1308 3639 1533 3720 βασιλέα
1562 3652 1809 3716 ποιῆσαι,
1867 3645 1947 3719 τῷ

294 3733 459 3809 πατρί
514 3738 612 3791 τοῦ
668 3730 938 3811 βασιλέως
1002 3733 1278 3798 ὑποτιθεὶς
1330 3739 1429 3791 τοῦ
1489 3734 1698 3790 οἰκείου
1756 3731 1949 3800 παιδὸς

296 3822 542 3897 ἐξορύξαι
584 3829 711 3887 τοὺς
772 3821 1140 3901 ὄφθαλμοῦς;
1191 3824 1285 3879 σὸν
1344 3830 1572 3900 συγγενῆ
1604 3821 1642 3894 ἤ
1693 3828 1795 3879 τοῦ
1843 3844 1946 3878 πα-

292 3914 561 3992 τριάρχου
604 3930 619 3982 ;
658 3935 686 3963 ιι
716 3913 777 3970 Ὀ
811 3909 868 3967 δὲ
901 3912 1177 3986 ἐξώμνυτο
1211 3909 1380 3986 μηδὲν
1443 3914 1520 3969 ὧν
1579 3919 1946 3990 πατηγορεῖτο

295 3998 508 4060 εῗδέναι.
542 4002 646 4059 Καί
676 4022 839 4081 φησιν
867 4002 895 4056 6
956 4001 1256 4077 μάγιστρος
1307 4004 1595 4080 Στέφανος
1623 4025 1649 4058 ι
1686 4003 1847 4073 Εἶτα,
1900 4004 1946 4059 ὤ

293 4092 610 4169 πολύτροπε
665 4093 756 4150 καὶ
817 4092 1235 4168 μηχανορῥάιρε,
1290 4097 1408 4157 πῶς
1488 4094 1763 4168 ἒμτςνυσας
1820 4093 1944 4168 περὶ

291 4182 491 4240 τούτου
518 4187 601 4257 τῷ
628 4179 847 4259 βασιλεῖ
875 4181 1165 4259 ἐξελέγξειν
1219 4182 1311 4237 τὸν
1349 4182 1700 4259 πατριάρχην
1735 4201 1749 4252 ;
1785 4207 1812 4234 ››
1838 4182 1945 4241 Καὶ

293 4272 375 4340 ὃς,
407 4272 482 4336 ὡς
511 4273 714 4343 ἤκουσε
741 4270 937 4328 τούτου
964 4275 1062 4327 τοῦ
1123 4272 1317 4344 Λόγου,
1378 4271 1575 4333 εὐθέως
1628 4265 1945 4344 ἐπιλαμϐά-

293 4383 438 4417 νεται
468 4366 575 4417 τῶν
603 4364 699 4418 τοῦ
732 4362 1076 4436 πατριάρχου
1104 4357 1312 4431 ποδῶν,
1346 4383 1376 4413 (ι
1433 4360 1666 4435 Ὁρκίζω
1724 4380 1802 4425 σε,
1857 4356 1945 4415 δέ-

295 4472 494 4519 σποτα,
526 4453 662 4508 κατά
682 4454 778 4507 τοῦ
801 4454 955 4517 Θεοῦ,
990 4448 1184 4523 λέγων,
1243 4449 1505 4526 πρότερόν
1563 4457 1631 4525 με
1678 4451 1945 4524 καθαιρῇ-

298 4560 408 4607 σαι,
447 4540 539 4595 καὶ
568 4539 690 4596 τότε
721 4539 926 4616 γυμνὸν
985 4538 1288 4614 ἱερωσύνης
1340 4533 1800 4612 παραλαϐέτωσαν
1852 4539 1943 4595 καὶ

2047 1945 2147 2001 ille
2178 1946 2337 2001 idem
2373 1945 2656 2011 Andreas,
2692 1946 3045 2017 Stephanus,
3079 1948 3137 1999 et
3164 1941 3549 2014 Hagiopolita,
3574 1954 3700 1993 ma-

2046 2036 2236 2108 gistri,
2264 2034 2539 2091 Craterus
2565 2041 2621 2090 et
2651 2035 2864 2102 Guber,
2899 2033 3146 2106 patricii.
3185 2032 3253 2087 Hi
3301 2026 3698 2103 patriarcham

2047 2125 2323 2180 Photium
2350 2125 2687 2197 producunt
2711 2129 2769 2180 et
2806 2123 2869 2179 in
2925 2122 3074 2179 solio
3131 2119 3455 2177 honorifice
3513 2116 3700 2173 collo-

2048 2219 2201 2272 cant.
2237 2220 2295 2269 et
2325 2214 2436 2286 ipsi
2460 2216 2632 2287 juxta
2670 2212 3000 2269 assidentes
3048 2226 3296 2267 examen
3354 2207 3700 2264 instituunt.

2046 2302 2133 2358 Ibi
2164 2304 2431 2359 Andreas
2462 2303 2536 2359 ad
2568 2304 2880 2359 Photium:
2917 2326 2939 2352 ι
2974 2299 3701 2368 Nostin’,domine,mona-

2049 2393 2227 2448 chum
2266 2393 2680 2449 Theodorum?
2710 2416 2736 2442 »
2765 2391 3179 2465 Respondente
3212 2388 3421 2445 Photio
3480 2386 3702 2443 multos

2050 2498 2113 2537 se
2144 2483 2468 2539 monachos
2498 2482 2833 2538 Theodoros
2863 2497 3060 2550 nosse,
3093 2487 3151 2536 et
3194 2480 3266 2536 de
3298 2495 3414 2551 quo
3446 2477 3704 2532 interro-

2050 2580 2289 2644 garetur
2316 2573 2567 2642 nescire,
2600 2589 2820 2628 nomen
2859 2569 3265 2627 Sandabareni
3296 2567 3526 2623 addidit
3581 2572 3703 2622 An‘

2053 2661 2264 2730 dreas;
2300 2668 2357 2718 et
2386 2662 2634 2717 Photius
2662 2662 2818 2717 hunc
2844 2660 2957 2716 sibi
3015 2665 3223 2716 notum
3282 2672 3410 2713 esse
3461 2656 3699 2723 fatetur,

2052 2750 2396 2823 episcopum
2426 2750 2875 2806 Euchaitanum.
2909 2747 3239 2805 Adducitur
3275 2752 3453 2802 etiam
3479 2744 3699 2800 Sanda-

2051 2837 2334 2894 barenus.
2394 2839 2540 2894 Huic
2589 2837 2903 2894 Andreas:
2961 2860 2990 2887 ‹‹
3053 2836 3295 2903 Qumrit,
3359 2833 3572 2907 inquit,
3629 2847 3702 2888 ex

2054 2933 2111 2982 te
2143 2927 2467 2999 imperator
2493 2927 2593 2983 ubi
2626 2926 2895 2999 pecunias
2917 2931 2977 2982 et
2998 2942 3095 2982 res
3126 2924 3360 2997 imperii
3392 2923 3482 2979 sui
3510 2921 3696 2978 sint?0

2054 3017 2387 3091 Respondet
2420 3034 2433 3072 :
2469 3039 2498 3067 «
2530 3019 2596 3074 In
2626 3033 2831 3073 eorum
2860 3016 3156 3078 manibus,
3201 3014 3415 3086 quibus
3447 3013 3703 3084 impera-

2054 3114 2147 3166 tor
2177 3108 2352 3165 hodie
2384 3108 2700 3180 imperium
2751 3122 2963 3181 gerens
3023 3104 3342 3170 mandavit,
3403 3102 3702 3174 habetque

2054 3198 2483 3274 potestatem,si
2516 3198 2599 3253 ita
2627 3197 2878 3267 vult,eas
2907 3194 3211 3269 quaerendi
3235 3199 3295 3251 et
3320 3190 3704 3264 recipiendi.»

2055 3291 2322 3348 Andreas
2351 3305 2527 3362 porro
2564 3303 2578 3343 :
2612 3310 2640 3340 ‹‹
2672 3288 2796 3357 Dic,
2853 3288 2956 3355 ait,
3024 3286 3159 3358 quis
3226 3290 3354 3340 erat
3381 3284 3492 3338 iste
3523 3298 3702 3356 quem

2054 3380 2476 3452 imperatorem
2505 3377 2699 3433 facere
2752 3376 3010 3440 voluisti,
3045 3390 3162 3447 quo
3194 3379 3459 3445 tempore
3491 3371 3706 3428 Basilio

2053 3475 2261 3527 auctor
2289 3467 2452 3524 fuisti
2483 3473 2550 3523 ut
2595 3467 2720 3524 tllio
2751 3484 2859 3523 suo
2914 3482 3073 3522 nunc
3128 3463 3446 3537 imperanti
3504 3462 3706 3519 oculos

2055 3565 2289 3618 erueret
2331 3559 2361 3616 ‘2
2412 3559 2620 3615 Tibine
2662 3558 2774 3614 fuit
2840 3557 3137 3630 sanguine
3206 3555 3577 3627 propinquus
3632 3568 3710 3607 an

2054 3649 2404 3723 patriarchas
2434 3648 2462 3704 ?
2493 3672 2518 3698 ι»
2554 3647 2970 3705 Saudabareno
2992 3647 3236 3720 jurante
3266 3642 3417 3698 nihil
3475 3658 3538 3697 se
3595 3642 3708 3696 sibi

2054 3756 2259 3797 eorum
2294 3755 2425 3811 quae
2453 3736 2891 3809 subjicerentur
2920 3752 3049 3791 esse
3089 3733 3415 3800 conscium,
3448 3730 3705 3803 Stepha-

2053 3825 2578 3895 nus,«Quomodo
2640 3826 2846 3883 1052
2879 3840 3038 3897 ergo,
3096 3823 3199 3890 ait,
3257 3825 3489 3877 versute
3546 3826 3705 3876 vete-

2052 3924 2235 3986 rator,
2266 3916 2339 3973 de
2371 3917 2481 3973 hac
2510 3932 2577 3971 re
2605 3914 2895 3970 indicium
2925 3913 3000 3969 ad
3048 3913 3469 3985 imperatorem
3525 3908 3704 3966 detu-

2052 4006 2196 4074 listi,
2228 4007 2632 4062 convicturum
2669 4011 2724 4059 te
2775 4002 3176 4076 patriarcham
3234 4001 3437 4057 dicens
3466 3999 3495 4055 ‘2
3516 4021 3543 4049 ιο
3569 3999 3704 4055 Haec

2052 4096 2229 4152 verba
2254 4094 2613 4165 simulatque
2644 4091 2870 4149 audivit
2924 4090 3399 4157 Sandabarenus,
3459 4088 3709 4161 patriar-

2052 4185 2178 4241 chas
2260 4184 2439 4256 pedes
2523 4182 2856 4254 amplexus,
2912 4202 2943 4231 «
3016 4180 3288 4237 Obtestor
3345 4186 3422 4246 te,
3490 4168 3706 4249 inquit,

2053 4272 2315 4339 domine,
2349 4290 2455 4346 per
2484 4273 2692 4338 Deum,
2733 4277 2800 4327 ut
2854 4270 3001 4326 mihi
3060 4267 3485 4325 sacerdotalem
3543 4265 3706 4338 prius

2053 4364 2280 4420 adimas
2302 4363 2673 4435 dignitatem.
2702 4367 2880 4433 atque
2938 4367 3063 4415 tum
3103 4363 3549 4415 exauctoratum
3604 4371 3700 4413 me

2053 4454 2092 4510 ii
2124 4453 2414 4525 arripiant
2444 4459 2504 4509 et
2531 4459 2595 4508 ut
2625 4451 2963 4507 maleﬁcum
3021 4448 3292 4522 puniant.
3348 4449 3494 4503 Nam
3550 4445 3697 4502 mihi

2050 4559 2153 4617 ego
2194 4542 2417 4599 nullius
2473 4542 2610 4598 talis
2666 4541 2752 4596 rei
2812 4556 2942 4596 sum
2996 4538 3289 4605 conscius,
3332 4552 3527 4609 neque
3585 4536 3699 4591 im-

294 4629 673 4701 κολαζέτωσαν
732 4630 807 4693 ὡς
865 4634 1189 4705 κακοῦργον.
1250 4630 1337 4704 [Ρ.
1414 4631 1540 4704 595]
1607 4628 1777 4688 Οὐδὲν
1836 4631 1940 4706 γὰρ

2053 4632 2310 4706 peratori
2342 4631 2669 4704 quidquam
2716 4627 2992 4685 iudicavi.
3027 4649 3056 4679 »
3115 4629 3261 4683 Eum
3300 4625 3637 4700 patriarcha
3666 4641 3702 4682 a

292 4725 538 4777 τοιοῦτον
592 4716 809 4775 σόνοιδα
893 4719 1132 4793 ἐμαυτῷ,
1220 4717 1342 4774 οὕτε
1386 4723 1468 4791 τῷ
1518 4717 1735 4794 βασιλεῖ
1801 4718 1938 4793 ἐμή-

294 4830 480 4865 νυσα..
505 4812 564 4869 '0
596 4806 653 4865 δὲ
682 4808 1028 4885 πατρίάρχης
1063 4802 1464 4879 ἀναλαμϐένων
1495 4808 1654 4864 αὐτὸν
1701 4809 1792 4864 καὶ
1830 4815 1937 4865 τῶν

295 4896 478 4956 ποδῶν
515 4898 765 4965 ἀνιστῶν,
790 4897 942 4974 φησί·
986 4922 1015 4950 (ι
1052 4897 1142 4955 Μὰ
1163 4898 1262 4965 τήν
1288 4898 1433 4972 ’τιμὴν
1461 4897 1757 4974 σωτηρίαν,
1787 4898 1941 4968 κῦριε

295 4987 562 5060 Θεόδωρε,
593 4988 1033 5065 ἀρχιεπίσκοπος
1064 4986 1117 5042 εἴ
1143 4987 1234 5042 καὶ
1281 4985 1333 5042 ἐν
1392 4991 1473 5061 τῷ
1520 4991 1613 5043 νῦν
1639 4987 1800 5044 αἰῶνι
1847 4988 1939 5045 καὶ

295 5079 351 5136 ἐν
378 5083 459 5153 τῷ
491 5077 776 5153 μέλλοντι.
809 5101 837 5129 »
872 5076 1152 5150 Θυμωθεὶς
1181 5073 1238 5132 δέ
1269 5072 1523 5149 Ἀνδρέας
1567 5078 1596 5133 6
1628 5077 1937 5153 στρατηλάε

292 5188 412 5240 της·
443 5193 471 5222 (ι
505 5167 610 5226 Καὶ
642 5167 741 5223 οῦκ
778 5166 1053 5241 ἐμήνυσας
1085 5163 1156 5221 δι’
1186 5163 1323 5239 ἐμοῦ
1349 5169 1430 5240 τῷ
1462 5165 1701 5241 βασιλεῖ,
1731 5168 1938 5225 ἀπατε-

296 5259 370 5315 ὼν
399 5258 489 5314 καὶ
524 5259 682 5333 γόης,
711 5257 802 5313 τὸν
830 5255 1178 5335 πατριάρχην
1208 5254 1335 5331 περὶ
1389 5254 1591 5311 τούτου
1620 5254 1830 5330 ἐλέγξαι
1864 5276 1878 5327 ;
1907 5281 1937 5311 ››

290 5350 353 5407 '0
375 5347 433 5405 δὶ
483 5345 646 5404 πάλιν
703 5347 998 5417 ἀπηρνεῖτο
1053 5344 1178 5419 περὶ
1233 5344 1430 5401 τούτου
1489 5342 1658 5418 μηδὲν
1719 5344 1936 5405 εθδέναι.

292 5436 774 5516 ’Υποστρεψάντων
807 5432 864 5490 δέ
890 5438 999 5490 τῶν
1032 5432 1316 5508 ἀρχόντων
1370 5435 1460 5489 καὶ
1513 5434 1580 5490 τὰ
1633 5435 1941 5503 λαληθέντα

294 5529 543 5607 γνώριμα
623 5527 861 5600 θιμένων
933 5527 1012 5596 τῷ
1087 5523 1326 5599 βασιλεῖ,
1406 5523 1567 5587 αὐτὸς
1654 5529 1734 5596 τῷ
1784 5527 1942 5598 θυμῷ

299 5618 671 5701 φλεγμαίνων,
701 5615 792 5673 καὶ
820 5611 987 5671 πλέον
1016 5610 1106 5669 διὰ
1135 5613 1197 5668 τὸ
1231 5615 1306 5687 μὴ
1339 5615 1476 5670 κατὰ
1525 5618 1622 5677 τοῦ
1678 5616 1940 5691 πατριάρ-

298 5730 407 5791 χου
430 5708 662 5786 οὔλογον
697 5705 872 5765 αἰτίαν
918 5705 1119 5784 εὑρεῖν,
1175 5703 1501 5770 ἀποστείλας
1542 5704 1796 5782 ἐμάστιει
1847 5709 1940 5767 τὸν

2048 4722 2301 4797 pedibus
2324 4721 2446 4778 suis
2471 4718 2974 4790 attollens,inquit
2996 4733 3057 4773 εει
3081 4719 3192 4773 Per
3213 4717 3465 4773 salutem
3483 4732 3699 4783 meam,

2048 4814 2639 4880 domine'Theodore,
2668 4813 2816 4870 etin
2874 4811 2987 4867 hoc
3018 4816 3077 4868 et
3124 4811 3187 4866 in
3244 4811 3442 4867 futuro
3478 4809 3698 4867 saeculo

2047 4906 2535 4978 archiepiscopus
2564 4920 2647 4962 es.
2683 4926 2710 4953 η
2741 4900 2830 4958 Ad
2857 4901 2986 4957 haec
3044 4900 3309 4957 Andreas
3367 4900 3457 4956 ira
3506 4897 3699 4956 conci-

2047 5002 2164 5064 tus,
2195 5021 2221 5046 α
2258 4995 2425 5060 Hem,
2457 4995 2561 5061 ait,
2593 4994 2884 5064 impostor
2923 4996 3099 5062 atque
3154 4987 3568 5063 praestigiator,
3598 5003 3701 5043 an-

2047 5101 2169 5140 non
2195 5101 2303 5156 per
2332 5099 2426 5140 me
2458 5081 2801 5155 imperatori
2829 5078 3177 5152 significasti
3210 5084 3265 5134 te
3299 5077 3698 5150 patriarcham

2046 5174 2195 5230 velle
2237 5172 2638 5230 convincere?
2691 5192 2721 5223 »
2779 5170 3122 5227 Theodorus
3180 5184 3417 5227 rursum
3476 5168 3701 5225 infitias

2047 5263 2156 5329 ire,
2205 5268 2263 5319 et
2313 5262 2638 5335 quidquam
2705 5259 2824 5316 tale
2882 5259 2993 5317 sibi
3081 5259 3381 5331 cognitum
3462 5273 3701 5330 negare.

2047 5352 2397 5423 Imperator,
2456 5367 2590 5406 cum
2646 5349 2721 5406 ad
2795 5364 2934 5406 eum
2995 5348 3216 5403 reversi
3293 5346 3699 5419 inquisitores,

2049 5440 2187 5514 quid
2247 5456 2599 5512 responsum
2659 5445 2818 5495 esset
2863 5437 3234 5494 retulissent.
3317 5437 3405 5492 ira
3461 5436 3700 5509 ardens,

2049 5532 2306 5587 maxime
2327 5529 2486 5602 quod
2518 5528 2888 5601 probabilem
2921 5543 3159 5584 causam
3184 5526 3374 5583 Photii
3401 5525 3551 5583 male
3584 5535 3698 5581 tra-

2049 5618 2244 5677 ctandi
2278 5636 2396 5676 non
2426 5616 3227 5685 inveniret,Sandaharenum
3246 5614 3447 5689 ﬂagris
3476 5615 3699 5673 atroci-

2048 5716 2141 5768 ter
2168 5708 2315 5770 cedi
2338 5710 2740 5784 jussit,eoque
2766 5707 2922 5767 facto
2951 5707 3215 5768 Athenas
3241 5722 3375 5765 cum
3395 5702 3702 5779 relegavit.
