4056 6276
445 405 600 469 1113

1801 403 2122 469 GEORGII
2165 401 2472 470 CEDBEN
2481 407 2510 470 Ι

3659 419 3790 484 ll“

447 547 555 599 est.
581 541 751 597 Turci
782 540 1024 598 victoria
1067 541 1236 614 politi
1277 543 1350 598 ab
1401 543 1760 616 imperatore
1793 547 2002 616 petunt
2028 547 2096 599 ut

2238 542 2265 598 ὲ
2294 541 2508 620 περὶτὸ
2549 545 2853 620 στράτευμα
2905 549 2969 604 τὸ
3023 550 3150 627 περῖ
3185 552 3273 607 τὸν
3327 557 3517 608 Φωκᾶν
3568 559 3656 612 τοῦ
3705 565 3790 614 Συ”

449 631 728 702 Bulgaros
783 647 817 686 a
873 647 934 686 se
992 635 1195 703 captos
1248 638 1424 690 emat.
1472 634 1698 690 Annuit
1749 633 2097 704 imperator,

449 719 658 777 1056
715 721 988 791 civesque
1063 737 1201 776 suos
1274 727 1539 794 emptum
1611 723 1815 779 mittit.
1869 722 2108 777 Simeon

451 809 673 866 fractus
729 825 838 880 per
892 809 1276 883 drungarium
1336 813 1712 868 Eustathium
1769 827 1976 884 pacem
2034 809 2108 866 ab

453 899 812 972 imperatore
834 901 1000 972 petit.
1031 902 1086 954 Is
1109 917 1241 956 eam
1265 902 1598 958 concedens
1626 903 1878 958 Leonem
1901 916 2110 973 cogno-

453 988 616 1044 mine
647 989 1192 1059 Chrmrosphactam
1223 991 1569 1062 (occisorem
1594 991 1759 1064 porci
1791 991 1850 1046 id
1882 989 2112 1063 signiti-

455 1080 571 1150 cat)
600 1077 678 1134 ad
722 1079 1094 1135 conditiones
1135 1080 1300 1152 pacis
1345 1080 1568 1138 dandas
1616 1079 2110 1153 accipiendasque

454 1168 659 1235 mittit,
689 1169 950 1224 Phocam
981 1169 1319 1226 scholarum
1351 1169 1745 1226 domesticum
1774 1175 1833 1225 et
1862 1169 2114 1242 drunga-

453 1257 609 1313 rium
641 1273 774 1313 cum
807 1257 996 1328 copiis
1031 1257 1276 1313 domum
1305 1257 1500 1314 redire
1542 1257 1718 1330 jubet
1770 1257 2008 1313 Simeon
2037 1253 2111 1310 ad

457 1365 522 1404 se
549 1347 886 1403 venientem
933 1346 1430 1420 Chmrospbacten
1472 1364 1546 1405 ne
1577 1347 1840 1419 alloquio
1871 1345 2113 1418 quidem

456 1437 732 1510 dignatus
763 1437 824 1492 in
871 1451 1170 1492 carcerem
1217 1437 1481 1510 conjicit.
1535 1437 1676 1493 Inde
1724 1453 1934 1510 magno
1978 1451 2113 1490 cum

457 1527 718 1582 exercitu
775 1525 837 1581 in
893 1527 1112 1582 Turcos
1171 1527 1327 1583 facta
1384 1527 1784 1599 expeditione,
1843 1541 1977 1581 cum
2038 1523 2114 1578 ob

456 1613 715 1669 subitam
765 1613 1248 1686 insperatamque
1296 1633 1424 1671 rem
1473 1616 1691 1672 auxilia
1743 1615 1826 1669 eis
1878 1613 2114 1668 mittere

457 1702 784 1773 imperator
811 1719 934 1760 non
964 1709 1185 1774 posset,
1214 1703 1275 1758 in
1303 1703 1502 1776 fugam
1535 1718 1636 1758 eos
1665 1702 1852 1776 pellit,
1887 1717 2119 1758 eorum-

461 1805 576 1862 que
615 1791 920 1863 regionem
953 1808 1191 1848 omnem
1225 1791 1622 1864 depraedatur.
1656 1797 1799 1848 Eam
1829 1789 1903 1846 ob
1933 1789 2113 1845 victo-

2215 633 2376 705 μεὼν,
2405 633 2458 688 οἱ
2499 637 2728 708 Τοῦρκοι
2786 640 3178 710 περαιωθέντες
3230 643 3317 696 τὸν
3375 645 3610 717 ποταμὸν
3654 651 3794 703 πᾶσαν

2209 722 2308 789 τὴν
2343 721 2685 802 Βουλγαρίαν
2744 723 3054 798 ἐληίσαντο.
3107 731 3272 806 Ὅπερ
3325 731 3400 794 ὡς
3457 733 3684 807 maior,
3732 741 3798 808 τῷ

2210 813 2462 884 Συμεὼν,
2491 815 2582 869 τὸν
2617 819 2813 870 Φωκᾶν
2844 817 2995 896 ἀφεὶς
3046 820 3182 876 κατᾶ
3229 825 3335 876 τῶν
3392 819 3634 896 Τοῦρκων
3671 821 3802 900 ἐτρά-

2209 919 2362 958 πετο.
2394 907 2431 956 Γ
2437 900 2730 979 λιχόμενοι
2761 901 2818 960 δὲ
2873 907 2962 962 καὶ
3019 908 3172 964 αὐτοὶ
3231 907 3607 982 συμπλακῆναι
3657 913 3804 970 B091-

2212 989 2425 1063 γάροις,
2454 992 2838 1066 περαιωθέντες
2905 997 2998 1050 τὸν
3041 997 3252 1073 Ἴστρον
3305 998 3519 1062 τούτοις
3562 995 3802 1074 προσϐάλ-

2215 1076 2370 1134 λουσι
2401 1079 2490 1134 καὶ
2528 1085 2718 1136 νικῶσι
2769 1083 2904 1139 κατά
2959 1085 3180 1160 κρίτος,
3250 1083 3413 1160 μὸλις
3465 1093 3562 1144 τοῦ
3615 1091 3802 1164 Συμεὼν

2213 1167 2266 1222 ἐν
2322 1167 2646 1244 Δοροστόλῳ
2699 1170 2984 1244 σωθέντος,
3041 1175 3074 1230 6'
3126 1173 3218 1230 καὶ
3306 1176 3505 1241 Δρίστα
3577 1176 3799 1238 καλεῖται.

2215 1258 2301 1331 [Ρ.
2335 1259 2460 1332 597]
2501 1259 2836 1331 Νικήσαντες
2893 1263 2989 1318 οὗν
3057 1265 3110 1319 οἱ
3167 1267 3402 1342 Τοῦρκοι
3455 1265 3705 1342 ᾐτήσαντο
3735 1271 3809 1327 τὸν

2221 1345 2447 1422 βασιλέα
2475 1347 2602 1411 τοὺς
2632 1350 3059 1427 κατασχεθέντας
3097 1351 3188 1409 ὕπ’
3234 1353 3412 1410 αὐτῶν
3465 1353 3813 1432 αἰχμαλώτους

2217 1435 2552 1492 ὠνίσασθαι·
2607 1440 2747 1514 πρὸς
2803 1440 2833 1496 6'
2880 1442 2967 1496 καὶ
3025 1444 3347 1508 κατανεύσας
3433 1442 3560 1508 τοὺς
3623 1445 3815 1510 πολίτας

2217 1523 2584 1601 ἐξαπέστειλεν
2641 1529 2716 1590 εἰς
2794 1531 2894 1600 τήν
2949 1530 3157 1587 ’το-ὅτων
3227 1531 3510 1605 ἐξώνησιν.
3577 1537 3820 1610 Θραυσθεὶς

2219 1613 2312 1670 οὖν
2345 1615 2374 1670 6
2408 1615 2633 1688 Συμεὼν
2685 1613 2774 1672 διὰ
2825 1623 2924 1674 τοῦ
2980 1617 3344 1698 δρουγγαρίου
3403 1623 3696 1681 Εὗσταίὶίου
3746 1625 3820 1682 τὸν

2221 1698 2452 1776 βασιλέα
2484 1701 2686 1758 ῐκέτευε
2731 1706 2854 1780 περὶ
2909 1708 3007 1776 τῆς
3052 1706 3298 1781 εἰρήνης·
3347 1709 3490 1785 πρὸς
3541 1711 3605 1780 ἦν
3650 1711 3820 1785 ὑπεῖξεν

2221 1791 2249 1846 ὁ
2283 1790 2562 1865 βασιλεὺς,
2601 1795 2692 1848 καὶ
2749 1795 2841 1850 τὸν
2899 1797 3320 1876 Χοιροσφάκτην
3387 1798 3592 1856 Λέοντα
3640 1797 3720 1856 ἰπὶ
3764 1805 3827 1875 τῷ

459 1879 612 1936 riam
641 1880 936 1936 ferociens
965 1881 1040 1936 ad
1079 1881 1502 1954 imperatorem
1556 1880 1781 1943 scribit.
1815 1895 1878 1936 se
1911 1894 2114 1951 pacem

2234 1881 2554 1950 ποιήσασθαι
2612 1879 2954 1953 ἐξαπέστειλε
3007 1887 3102 1950 τάς
3161 1886 3420 1960 σπονδὰς,
3483 1887 3574 1945 καὶ
3626 1889 3654 1946 6
3703 1886 3831 1964 δομὲ·

463 1985 584 2025 non
627 1969 922 2026 facturum
968 1971 1083 2025 nisi
1130 1972 1385 2043 receptis
1433 1969 1676 2043 captivis
1721 1969 2008 2042 Bulgaria.
2054 1968 2117 2024 Id

461 2074 697 2132 quoque
726 2059 1076 2116 admittente
1107 2061 1488 2134 imperatore,
1521 2061 1682 2118 venit
1710 2077 1845 2117 cum
1881 2060 2122 2116 Chaero-

463 2150 710 2221 sphacta
738 2149 1076 2208 Theodorus
1103 2151 1348 2222 quidam
1375 2151 1670 2208 Simeonis
1698 2141 2034 2221 familiaris,
2061 2154 2121 2205 et

462 2240 724 2312 captivos
755 2255 962 2295 omnes
992 2239 1271 2296 dimissos
1302 2241 1546 2296 domum
1577 2240 1837 2297 abducit.

2229 1989 2411 2032 στικος
2467 1975 2576 2026 τῶν
2633 1971 2855 2048 σχολῶν
2915 1975 2944 2030 6
3005 1980 3206 2040 Φιυκᾶς
3279 1979 3370 2033 καὶ
3433 1979 3462 2034 6
3518 1974 3828 2054 δρουγγάριος

2233 2059 2565 2135 ὑποστρέψαι
2604 2061 2737 2131 μετά
2765 2065 2862 2118 τοῦ
2901 2068 3039 2119 Λαοῦ
3089 2063 3506 2138 ἔκελεΰσθησαν,
3555 2068 3616 2125 Ὀ
3659 2062 3710 2123 ὀὶ
3747 2075 3831 2122 Συ-

2231 2147 2376 2220 μεὼν
2445 2145 2749 2214 ἀπελθόντα
2813 2152 2950 2226 πρὸς
3035 2153 3198 2210 αὐτὸν
3277 2156 3371 2210 τὸν
3459 2156 3830 2234 Χοιροσῳάκτην

2227 2237 2428 2292 Λέοντα
2458 2236 2510 2292 ἐν
2554 2237 2742 2314 εἰρκτῇ
2791 2241 3042 2316 κατέσχε,
3097 2241 3238 2316 μηδὲ
3285 2243 3464 2320 λόγου
3505 2245 3660 2300 αὐτὸν
3699 2244 3832 2316 ἀξιώ-

467 2346 584 2390 σας.
653 2327 1078 2400 Ἐκστρατεύσας
1134 2325 1192 2382 δὲ
1257 2329 1415 2403 βαρεῖ
1463 2332 1674 2404 στρατῷ
1731 2327 1869 2383 κατά
1919 2330 2026 2382 τῶν
2083 2325 2368 2401 Τοῦρκων,
2409 2327 2506 2399 .μή
2568 2325 2888 2398 δυνηθέντος
2953 2334 3050 2387 τοῦ
3109 2331 3382 2407 βασιλέως
3450 2330 3542 2390 διὰ
3609 2335 3671 2390 τὸ
3737 2333 3834 2410 αἱρ-

461 2413 632 2472 νίόιόν
685 2435 745 2470 τε
801 2415 892 2470 καὶ
985 2414 1402 2491 ἀπροσδόκηοον
1489 2418 1741 2493 βοήθειαν
1793 2417 1977 2478 αὐτοῖς
2028 2421 2350 2494 παρασχεῖν,
2403 2415 2602 2478 αὐτούς
2667 2437 2727 2472 τε
2790 2417 3050 2495 ἐτρέψατο
3133 2422 3224 2477 καὶ
3295 2423 3400 2492 τήν
3463 2425 3647 2499 χώραν
3700 2429 3834 2478 πᾶσαν

460 2501 782 2578 κατέδραμε.
835 2508 1076 2580 Γαυριῶν
1137 2501 1184 2559 6’
1244 2505 1332 2560 ἐπὶ
1386 2509 1456 2580 τῇ
1519 2505 1644 2581 νίκῃ
1697 2505 1789 2561 καὶ
1845 2503 2248 2584 φρυαττόμενος
2307 2501 2510 2582 ἔγραψε
2564 2505 2700 2579 πρὸς
2757 2508 2849 2563 τὸν
2906 2507 3136 2584 βασιλέα
3193 2512 3270 2585 μή
3324 2511 3594 2590 πρότερον
3647 2518 3832 2582 ποιῆσαι

461 2593 688 2667 εἷρήνην
748 2592 872 2667 πρὶν
934 2593 994 2648 ἄν
1051 2593 1432 2666 ἀπολήψεσθαι
1491 2596 1620 2660 τοὺς
1674 2593 2070 2671 αἰχμαλώτους
2127 2591 2495 2670 Βουλγάρους.

2577 2593 2852 2652 Ἐπένευσε
2931 2595 2989 2655 δὲ
3062 2600 3197 2674 πρὸς
3281 2605 3447 2658 τοῦτο
3505 2603 3535 2658 6
3599 2599 3831 2678 βασιλεῦς.

462 2683 660 2748 Ἦλθεν
689 2683 782 2740 οὖν
817 2683 950 2758 μετά
979 2688 1076 2739 τοῦ
1107 2685 1520 2765 Χοιροσιράκτου
1551 2681 1832 2760 Θεόδωρός
1860 2703 1946 2746 τις
1977 2683 2176 2746 οἰκεῖος
2205 2681 2280 2738 ὥν
2311 2688 2391 2756 τῷ
2423 2687 2670 2759 Συμεὼν,
2701 2688 2792 2742 καὶ
2823 2689 3148 2766 παρειλήφει
3186 2690 3412 2754 πάντας.

537 2777 706 2832 Circa
736 2777 846 2832 hoc
880 2781 1111 2848 tempus
1143 2777 1534 2849 Nicephorum
1559 2777 1814 2833 Phocam
1851 2775 2129 2832 domesti-

470 2883 627 2932 cum,
653 2865 999 2938 imperatori
1027 2883 1360 2938 percarum,
1385 2869 1626 2923 Zautzas
1645 2882 1930 2940 generum
1955 2881 2127 2922 suum

471 2957 668 3013 facere
707 2956 970 3020 studuit,
1021 2962 1078 3012 et
1107 2963 1504 3022 recusantem,
1538 2957 1697 3029 quod
1729 2961 2025 3012 metueret
2052 2971 2126 3012 ne

475 3063 545 3104 eo
602 3048 756 3104 facto
813 3048 1190 3119 imperatoris
1249 3047 1717 3120 indignationem
1775 3047 2125 3116 incurreret,

2310 2774 2554 2851 Ἐξόχως
2580 2772 2638 2831 δὲ
2665 2777 2757 2832 τὸν
2799 2775 3123 2854 δομέστικον
3169 2782 3494 2862 Νικηφόρον
3545 2783 3634 2839 τὸν
3680 2785 3836 2838 Φωκᾶν

2239 2862 2344 2919 ὑπὸ
2401 2867 2499 2919 τοῦ
2577 2865 2845 2941 βασιλέως
2920 2867 3284 2946 ἀγαπώμενον
3359 2871 3388 2926 6
3469 2870 3840 2948 βασιλεοπάτωρ

2238 2958 2510 3024 Ζαουτζᾶς
2591 2950 2840 3030 γαμϐρὸν
2897 2954 3196 3029 ἐσπούδαζε
3251 2962 3508 3025 ποιῆσαι.
3563 2962 3836 3016 Ἀπαναινο·

2242 3044 2400 3116 μὲνου
2461 3040 2519 3098 δὲ
2576 3046 2712 3120 πρὸς
2765 3049 2929 3102 τοῦτο
2984 3048 3075 3102 καὶ
3134 3047 3300 3123 ὀργῆν
3371 3049 3750 3112 ὑποπτεύοντος
3795 3047 3840 3103 ἐκ

469 3137 656 3192 iratus
714 3135 964 3192 conficto
1021 3136 1272 3192 crimine
1329 3153 1437 3193 sua
1493 3137 1798 3193 iunctione
1853 3135 2124 3204 detrusit,

2241 3133 2532 3209 βασιλέως,
2589 3135 2862 3207 θυμωθεὶς
2950 3136 2979 3192 6
3071 3139 3342 3208 Ζαουτζᾶς
3392 3141 3485 3196 καὶ
3544 3139 3702 3196 αἰτίαν
3748 3137 3838 3192 κατ’

471 3227 646 3298 eique
703 3225 938 3282 suli'ecit
992 3226 1306 3282 Catacalon
1383 3226 1686 3282 Abidelam
1753 3226 2117 3299 magistrum.

467 3315 834 3386 Nicephorus
885 3331 1021 3371 cum
1071 3331 1194 3370 non
1244 3314 1344 3370 diu
1393 3315 1456 3370 in
1507 3316 1625 3371 otio
1675 3315 1940 3374 vixisset.
1991 3330 2127 3370 mox

463 3405 898 3460 Thracensibus
962 3405 1154 3459 l051
1221 3403 1564 3474 praeﬁcitur.
1626 3403 1913 3460 Omnibus
1976 3419 2126 3474 quos

465 3493 648 3566 gessit
721 3492 1164 3563 magistratibus
1242 3492 1528 3562 praeclara
1586 3493 1772 3548 edidit
1839 3492 2124 3559 facinora,

467 3581 776 3652 multaque
822 3579 894 3636 de
952 3579 1236 3652 Agarenis
1287 3579 1494 3636 statuit
1551 3587 1611 3637 et
1665 3581 1797 3636 aliis
1851 3581 2127 3654 gentibus

469 3677 732 3743 tropaea;
769 3677 827 3726 et
851 3671 1296 3743 provectissima
1325 3677 1496 3728 aetate
1527 3677 1799 3728 mortuus
1839 3678 1949 3742 est,
1979 3671 2124 3727 duo-

470 3763 582 3818 bus
613 3761 836 3817 relictis
867 3759 1027 3827 tiliis,
1065 3759 1250 3816 Barda
1282 3766 1342 3816 et
1370 3761 1583 3818 Leone.

543 3943 832 4000 Caeterum
863 3940 1188 4014 imperator
1214 3941 1573 4002 Simeonem.
1597 3940 1756 4013 quod
1775 3941 1828 3998 is
1855 3940 2130 4014 paciﬁca-

470 4036 694 4090 tionem
708 4033 1016 4098 abnueret,
1025 4049 1266 4104 prorsus
1280 4030 1693 4088 debellandum
1703 4029 2131 4102 delendurrque

471 4129 659 4192 ratus,
693 4122 947 4178 evocatis
969 4121 1360 4177 orientalibus
1391 4120 1748 4178 exercitibus
1775 4137 1843 4176 ac
1872 4119 2135 4176 cohorti-

475 4213 608 4280 bus,
641 4211 942 4268 adornatis
989 4210 1168 4267 etiam
1200 4210 1669 4267 occidentalibus
1699 4209 1936 4281 aliaque
1973 4208 2133 4266 haud

476 4303 686 4374 exigua
715 4299 1229 4358 multitudineeos
1251 4307 1458 4357 contra
1479 4299 1759 4373 Bulgaros
1781 4300 1966 4355 mittit
1985 4299 2132 4355 duce

475 4391 826 4448 Catacalone
851 4397 908 4446 et
929 4391 1144 4446 comite
1163 4391 1299 4446 huic
1316 4389 1516 4446 addito
1533 4388 1860 4444 Theodosio
1885 4389 2133 4460 patricio

473 4480 947 4555 protovestiario.
979 4479 1049 4534 Hi
1080 4479 1342 4536 Simeoni
1373 4479 1600 4536 obviam
1635 4479 1897 4550 profecto
1931 4494 2131 4534 occur-

2236 3219 2402 3278 αἶ)τοῦ
2451 3221 2625 3298 ρἀας
2679 3223 2948 3298 παρέλυσε
2997 3229 3190 3282 τοῦτον
3243 3234 3346 3296 τῆς
3413 3228 3614 3306 ἀρχῆς,
3668 3220 3839 3302 προϐα-

2232 3309 2464 3385 λόμενος
2495 3311 2608 3368 ἀντ’
2651 3311 2816 3369 αὐτοῦ
2867 3313 3196 3371 Κατακαλὼν
3253 3317 3558 3395 μάγιστρον
3601 3321 3685 3374 τὸν
3723 3308 3838 3372 Ἀϐί-

2233 3395 2430 3470 δηλαν.
2459 3400 2576 3456 Ἐπ’
2606 3397 2798 3476 ὀλίγον
2831 3397 2888 3457 δὲ
2916 3400 3200 3478 σχολάσας
3253 3405 3282 3460 ὁ
3331 3405 3645 3482 Nux-596,00;
3680 3421 3839 3478 στρατι-

2233 3489 2365 3563 ηγός
2421 3493 2529 3544 τῶν
2583 3488 2903 3564 Θρᾳκησίων
2977 3487 3374 3566 προϐάλλεται.
3471 3493 3749 3570 Ἀριστείας
3793 3485 3836 3544 δὲ

2231 3575 2448 3640 πολλᾶς
2479 3577 2530 3633 ἐν
2557 3579 2753 3642 πάσαις
2799 3585 2920 3646 ταῖς
2967 3581 3132 3637 αὐτοῦ
3177 3581 3376 3658 ἀρχαῖς
3434 3580 3834 3658 διαπραξάμενος.

2230 3665 2320 3721 καὶ
2352 3664 2540 3722 πολλά
2589 3667 2726 3724 κατά
2779 3669 2888 3724 τῶν
2950 3672 3264 3747 Ἀγαρηνῶν
3323 3672 3415 3728 καὶ
3477 3671 3656 3728 ἄλλων
3703 3667 3834 3725 ἐθνῶι

2234 3755 2436 3826 στήσας
2465 3756 2720 3830 τρόπαια,
2779 3758 3005 3830 τελευτᾷ
3060 3759 3152 3814 τὸν
3217 3759 3335 3837 βίον
3393 3760 3452 3818 ἐν
3507 3763 3644 3840 γήρᾳ
3692 3759 3833 3834 βαθεῖ,

2236 3841 2332 3900 δύο
2364 3843 2564 3907 παῖδας
2593 3845 2910 3904 καταλιπὼν
2945 3845 3156 3924 Βάρδαν
3187 3849 3278 3906 καὶ
3317 3849 3545 3908 Λέοντα.

2305 3936 2364 3989 Ὀ
2393 3932 2451 3990 δὲ
2485 3933 2760 4010 βασιλεὺς.
2821 3939 2899 4010 μή
2961 3937 3290 4009 θελήσαντος
3343 3944 3447 3996 τοῦ
3507 3937 3714 4016 Συμεὼν
3759 3935 3832 3998 τὶς

2237 4021 2468 4086 σπονδὰς
2523 4022 2900 4100 ἐκπληρῶσαι,
2957 4025 3096 4104 ἔγνω
3149 4027 3256 4086 δεῖν
3339 4030 3508 4088 αὐτὸν
3579 4023 3832 4085 καταπολε-

2240 4120 2409 4185 μῆσθι
2465 4112 2556 4169 καὶ
2611 4113 2808 4189 τελείῳ
2862 4115 3154 4194 ἀφανισμῷ
3201 4117 3563 4196 παραδοῦναι.
3632 4109 3828 4192 Διορισά·

2241 4221 2402 4276 μενος
2427 4199 2606 4258 τοίνυν
2642 4201 2816 4258 πάντα
2871 4205 3242 4280 περαιωθῆναι
3295 4207 3364 4262 τὰ
3418 4213 3523 4278 τῆς
3580 4200 3829 4269 Ἀνατολῆς

2233 4292 2482 4369 τάγματα
2535 4314 2595 4350 τε
2649 4294 2740 4349 καὶ
2795 4297 3022 4369 Θεματα,
3089 4299 3503 4372 παρασκευάσας
3557 4295 3612 4356 δὲ
3658 4295 3734 4354 καὶ
3773 4291 3826 4346 τὶ

2237 4387 2433 4441 Δυτικᾶι
2461 4383 2552 4438 καὶ
2582 4381 2754 4440 ἄλλον
2805 4381 2904 4440 οὒκ
2961 4384 3145 4462 ὀλίγον
3207 4385 3364 4459 λαὸν,
3424 4387 3677 4464 ἐκπέμπει
3724 4379 3828 4438 κατὰ

2237 4477 2335 4529 τοῦ
2366 4471 2614 4544 Συμεὼν,
2656 4466 2883 4550 ἔξαρχον
2931 4473 3116 4539 αὐτοῖς
3165 4473 3461 4548 ἐπιστήσας
3504 4477 3591 4534 καὶ
3636 4468 3826 4548 ἡγεμόνι

477 4539 619 4628 runt
647 4571 802 4642 apud
853 4569 1356 4642 Bulgarophytum
1401 4539 1684 4640 «plantam
1717 4567 2124 4640 Bulgaricam),

2237 4563 2329 4619 τὸν
2363 4557 2684 4637 δομέστικον
2713 4566 2822 4618 τῶν
2855 4563 3080 4643 σχολῶν
3113 4563 3476 4639 Κιττακαλὼν⁹
3517 4563 3825 4636 συνεπόμενον

479 4667 539 4716 et
565 4675 764 4733 pugna
793 4658 1112 4715 commissa
1141 4657 1459 4712 vincuntur
1479 4673 1692 4730 magna
1719 4673 1963 4712 suorum
1993 4672 2130 4712 cum

481 4749 670 4814 clade,
704 4749 832 4820 ipso
883 4750 1060 4805 etiam
1108 4747 1557 4820 protovestiario
1613 4748 1863 4820 turpiter
1891 4747 2131 4802 amisso.

479 4836 706 4894 Deinde
737 4854 872 4893 cum
920 4838 1244 4908 imperator
1289 4853 1410 4892 una
1461 4853 1596 4892 cum
1639 4837 1753 4891 Zoa
1801 4835 1862 4890 in
1911 4834 2134 4906 praedio

477 4933 679 5003 ageret
707 4927 865 5000 quod
893 4927 1163 4982 Damiani
1213 4933 1474 4992 vocatur,
1507 4932 1566 4982 et
1607 4919 1960 4982 domesticus
1999 4925 2135 4996 qui-

481 5018 731 5074 busdam
762 5015 896 5072 aliis
947 5015 1433 5088 conspirantibus
1482 5015 1534 5070 ei
1577 5014 1826 5071 insidias
1858 5017 2136 5074 strueret.

482 5111 591 5166 Zoe
623 5122 932 5165 murmura
969 5105 1416 5178 conjuratorum
1466 5103 1774 5160 inaudivit.
1807 5104 2135 5176 Statimque

482 5198 596 5255 Leo
649 5196 939 5253 excitatus
995 5210 1320 5251 conscenso
1372 5193 1606 5266 navigio
1655 5210 1690 5250 a
1746 5193 2029 5248 Fontibus
2073 5191 2136 5248 in

482 5287 770 5362 palatium
830 5285 1085 5357 trajecit.
1141 5287 1224 5341 Ac
1278 5285 1568 5342 Joannem
1625 5283 1868 5354 quidem
1923 5281 2138 5356 vigilite

484 5377 891 5450 drungarium,
921 5375 1081 5447 quod
1111 5374 1184 5430 ab
1235 5391 1304 5430 eo
1337 5373 1721 5447 indiligenter
1755 5377 1912 5428 esset
1939 5378 2138 5428 custo-

485 5464 668 5531 ditus,
743 5467 873 5522 loco
942 5463 1169 5520 movit:
1246 5463 1514 5519 Zautzam
1585 5479 1720 5518 vero
1790 5459 2140 5534 aliquandiu

487 5559 789 5612 aversatus
847 5560 956 5624 est,
1018 5553 1207 5609 donec
1261 5569 1362 5608 eos
1420 5552 1625 5611 1058
1687 5554 1798 5609 Leo
1861 5551 2144 5625 magister

491 5642 840 5716 cognomine
895 5643 1254 5712 Theodaces,
1299 5642 1536 5716 utrique
1594 5643 1844 5715 amicus,
1893 5643 1956 5698 in
2011 5657 2142 5716 gra-

490 5734 638 5795 tiam
661 5731 949 5804 reposuit.

2239 4647 2436 4731 ἔχοντα
2464 4650 2554 4706 καὶ
2593 4650 2684 4708 τὸν
2752 4641 3038 4726 πατρίκιοι)
3099 4652 3388 4711 Θεοδόσιον
3443 4655 3536 4714 καὶ
3588 4641 3824 4730 πρωτοϐε-

2243 4741 2500 4818 πιάριον.
2565 4741 2887 4818 Ἐρχομένῳ
2942 4741 3123 4799 τοίνυν
3176 4747 3256 4819 τῷ
3307 4744 3535 4821 Συμεὼν
3589 4739 3827 4800 συναντῶσι

2241 4830 2377 4886 κατὰ
2402 4831 2466 4886 τὸ
2525 4830 3005 4910 Βουλγαρόιρυγον,
3059 4831 3151 4888 καὶ
3216 4832 3470 4909 πολέμου
3525 4825 3824 4907 κρατηθέντος

2243 4919 2527 4995 τρέπονται
2599 4920 2892 4994 Ῥωμαῖοι,
2969 4920 3060 4975 καὶ
3141 4919 3316 4978 πολὺς
3389 4921 3597 4998 ἐγένετο
3647 4913 3826 4994 φθόροεν

2245 5008 2497 5066 ἀπώλετο
2548 5007 2606 5064 δὲ
2657 5009 2747 5065 καὶ
2803 5009 2965 5072 αὐτὸς
2996 5009 3025 5065 6
3064 5005 3579 5088 πρωτοόεστιάριος,
3632 5002 3826 5080 α’σχρῶς

2243 5103 2357 5155 τοῦ·
2395 5095 2722 5173 δομεστίκου
2764 5099 2881 5172 μετ’
2923 5095 3129 5175 ὀλίγων
3185 5105 3346 5158 τινῶν
3396 5098 3448 5158 ἐν
3503 5104 3579 5172 τῷ
3628 5088 3824 5165 Βουλτα·

2249 5189 2470 5266 ροφῦγῳ
2499 5186 2910 5264 περισωθέντος.
2953 5188 3318 5254 ’Δπελθόντος
3362 5187 3420 5247 δὲ
3470 5191 3565 5246 τοῦ
3607 5179 3823 5264 βασιλέως

2246 5277 2298 5334 ἐν
2325 5285 2442 5340 τοῖς
2475 5275 2796 5352 λεγομένοις
2843 5277 3037 5354 ἀγροῖς
3081 5282 3178 5334 τοῦ
3225 5283 3500 5354 Δαμιανοῢ
3547 5275 3668 5354 μετᾶ
3703 5271 3824 5336 Ζωῆ(

2246 5374 2346 5440 τῆς
2375 5371 2472 5423 τοῦ
2504 5367 2759 5438 Ζαουτεᾶ,
2790 5369 2882 5423 καὶ
2949 5363 3103 5440 δόξαν
3159 5365 3308 5440 αὗτῷ
3369 5374 3544 5444 μεῖναι
3593 5365 3705 5422 ἐκεῖ.
3737 5357 3826 5414 ἔπι-

2248 5455 2458 5528 ϐουλήν
2535 5459 2927 5528 συνεστήσαντο
3009 5459 3127 5514 κατ’
3200 5460 3366 5515 αὐτοῦ
3424 5461 3454 5516 6
3501 5462 3591 5515 τοῦ
3639 5446 3826 5514 Ζαουτζί

2247 5547 2364 5610 υἱὸς
2400 5545 2567 5616 Λέων,
2599 5547 2974 5625 Χριποφόρος
3005 5547 3034 5602 6
3061 5547 3336 5619 Τζάντζης
3375 5549 3468 5604 καί
3511 5565 3638 5607 τινες
3682 5535 3825 5625 ἄλλοι.

2245 5643 2360 5707 Τῆς
2388 5634 2448 5692 δὲ
2493 5641 2649 5707 Ζωῆς
2697 5635 2790 5692 τὸν
2819 5621 3080 5712 ’θόρυϐον
3127 5634 3501 5709 ἐνωτισθεὶσης
3547 5636 3574 5693 6
3625 5621 3825 5712 βασιλὼ(

2249 5723 2533 5798 διυπνίσθη
2593 5725 2678 5802 [Ρ.
2748 5725 2875 5804 598]
2913 5711 3024 5782 καί
3075 5723 3232 5794 εὐθὺς
3285 5727 3338 5784 ἐν
3393 5725 3569 5802 πλοίῳ
3616 5711 3820 5779 είσελοῶν
