4056 6276
301 346 453 410 1119

1425 315 1973 413 msromauu
2010 344 2576 415 commntum.

3532 344 3699 410 H30

297 484 392 536 τοῦ
420 474 670 553 ἄμϐωνος
700 474 888 555 ῥάϐδῳ
943 477 1147 556 παχείᾳ
1174 481 1266 536 καὶ
1296 477 1496 556 ἰσχυρᾷ
1523 476 1741 539 ἔπαισεν
1775 480 1931 539 αὐτὸν

2048 502 2237 559 eoque
2302 486 2423 544 ictu
2501 486 2932 559 imperatorum
3008 484 3302 545 necasset.
3359 480 3476 538 nisi
3544 481 3705 537 inter

297 569 433 624 κατα
483 567 741 642 κεφαλῆς.
809 570 908 626 Καὶ
963 568 1289 633 ἐθανάτωσεν
1335 567 1397 624 ἂν
1455 573 1716 646 παρευοὶ),
1756 571 1800 627 εἷ
1857 572 1933 641 μή

295 660 358 713 τὸ
386 655 551 729 ἄκρον
605 664 703 728 τῆς
759 654 964 734 ῥάϐδου
1018 663 1098 732 τῷ
1154 657 1488 735 αῗωρημένῳ
1541 659 1736 736 λύχνῳ
1765 680 1937 733 προσ-

296 746 583 821 κεκρουκὸς
657 753 756 816 τῆς
842 746 1022 821 βιαίας
1109 748 1303 823 μικρὸν
1388 748 1651 824 ἀνεσχέθη
1709 753 1880 829 φορᾶς
1920 792 1936 817 ,

296 832 532 908 Αἵματος
562 831 619 890 δὲ
648 832 886 912 σιροδροῦ
942 838 1004 891 έκ
1043 843 1145 906 τῆς
1174 841 1275 893 τοῦ
1308 835 1579 912 βασιλέως
1608 835 1937 913 καταῤῥὲον-

289 945 382 986 τος
438 924 682 1005 κεφαλῆς
741 928 955 1002 ταραχή
1005 947 1064 981 τε
1116 926 1208 983 καὶ
1282 928 1427 1005 φυγὴ
1486 934 1596 983 τῶν
1646 927 1933 1004 ἀρχόντων

285 1012 498 1091 ἆγένεεο
534 1059 546 1071 .
599 1012 956 1086 Ἀλέξανδρος
1016 1014 1074 1070 δὲ
1125 1017 1154 1070 6
1208 1020 1307 1071 τοῦ
1368 1012 1638 1090 βασιλέως
1698 1013 1933 1089 ἀδελφὸς

283 1101 436 1157 νόσον
473 1102 825 1177 σκηψάμενος
857 1103 923 1157 οὗ
971 1109 1149 1179 παρῆν
1194 1102 1246 1158 ἐν
1293 1106 1363 1177 τῇ
1395 1101 1617 1176 εἷ’σὸδῳ,
1647 1103 1737 1158 καὶ
1770 1100 1935 1158 δέδω-

284 1211 375 1247 γεν
409 1191 667 1246 ὑπόνοιαν
710 1196 827 1254 τοῖς
857 1189 1094 1251 πολλοῖς
1152 1193 1251 1260 τήν
1309 1191 1570 1263 τοιαύτην
1628 1188 1931 1261 ἒπιϐουλὴν

286 1275 447 1337 αὐτὸς
505 1274 775 1351 συῤῥαψαι
808 1318 823 1333 .
881 1276 944 1333 Ὀ
982 1273 1041 1331 δέ
1087 1277 1179 1332 τὸν
1234 1276 1463 1351 βασιλέα
1508 1276 1721 1347 πλήξας
1768 1297 1931 1332 κατα·

282 1366 495 1441 σχεθείς
562 1365 653 1422 καὶ
710 1366 926 1429 πολλὰς
976 1366 1273 1440 ὑπομείνας
1326 1368 1620 1443 βασάνους,
1668 1366 1782 1423 ἐπεὶ
1819 1390 1932 1441 μη-

284 1450 403 1510 δένα
486 1455 877 1530 καθωμολόγει
955 1455 1263 1524 συνίστορα,
1346 1461 1541 1531 χεῖρας
1615 1455 1707 1511 καὶ
1762 1454 1933 1519 πόδας

284 1543 574 1618 έκτμηθεὶς
632 1544 685 1602 ἰν
740 1549 809 1619 τῇ
867 1550 965 1601 τοῦ
1038 1547 1268 1604 ἱππικοῦ
1351 1544 1553 1617 έκαύθη
1610 1544 1931 1626 Σφενδονῃ.

283 1633 592 1710 Ἐσχόλασε
676 1632 722 1690 δ’
785 1629 970 1691 ἔκτοτε
1024 1638 1116 1691 καὶ
1175 1638 1210 1705 ἡ
1278 1636 1503 1707 τοιαύτη
1556 1634 1881 1711 προέλευσις
1913 1678 1933 1705 ,

283 1719 380 1777 κᾶν
409 1724 438 1779 6
470 1723 786 1803 σοφώτατος
819 1726 1065 1801 μοναχὸς
1115 1725 1359 1797 Μάρκος,
1410 1725 1701 1800 ο’κονόμος
1732 1723 1805 1781 ὢν
1833 1734 1934 1797 τῆς

284 1813 547 1884 τοιαύτης
608 1820 802 1887 μονῆς,
856 1814 885 1869 6
928 1815 991 1869 τὸ
1018 1811 1350 1887 τετραῴδιον
1403 1818 1516 1887 (26)
1561 1819 1658 1871 τοῦ
1690 1815 1931 1891 μεγάλου

285 1896 562 1959 σαϐϐάτου
619 1901 1025 1975 ἀναπληρώσας
1079 1906 1176 1959 τοῦ
1229 1909 1399 1979 κυροῖ)
1460 1910 1690 1979 [Ioc-pi,
1744 1902 1934 1961 πολλᾶ

284 1986 585 2061 κατεδεῆθη
644 1994 743 2046 τοῦ
792 1990 1084 2065 βασιλέως.
1143 1989 1355 2049 Τούτου
1409 1992 1514 2068 γὰρ
1554 1989 1816 2066 δεομένου
1844 1993 1934 2047 καὶ

280 2082 378 2134 τοῦ
438 2077 712 2155 βασιλέως
792 2079 1226 2153 ἀπαναινομένου
1260 2125 1275 2151 ,
1334 2082 1495 2159 φησὶν
1547 2082 1575 2136 6
1636 2082 1881 2157 μοναχός
1917 2124 1930 2139 .

284 2191 313 2219 ι(
347 2169 440 2235 Μὴ
486 2166 711 2243 ὄργῗζου
774 2166 918 2242 μῆδὶ
974 2167 1292 2244 χαλέπαινε,
1328 2172 1410 2242 [Ρ.
1445 2172 1571 2244 600]
1607 2175 1652 2225 ὧ
1684 2170 1929 2247 βασιλεῦ·

270 2254 778 2337 ¹’προγεγραμμένον
824 2257 929 2335 γὰρ
985 2257 1052 2329 ἧν
1112 2263 1299 2323 παθεῖν
1359 2280 1416 2313 σε
1470 2260 1619 2330 παρᾶ
1666 2264 1764 2316 τοῦ
1795 2280 1934 2335 προ-

280 2348 456 2423 φήτου
487 2340 677 2418 Δαϐἒδ,
712 2345 1019 2421 εἰρηκότος,
1048 2349 1187 2402 “Ou
1238 2345 1638 2421 έπονηρεύσατο
1670 2349 1698 2405 6
1728 2347 1928 2424 ἐχθρὸς

275 2432 328 2489 ἓν
388 2438 468 2506 τῷ
538 2433 676 2508 ἆγίῳ
728 2454 847 2504 σου,
900 2433 989 2488 καὶ
1059 2434 1495 2510 ένεκαυχήσάντο
1537 2436 1589 2490 οἱ
1650 2438 1931 2509 μισοῦντές

277 2544 334 2580 σε
363 2524 417 2580 ἐν
452 2524 609 2598 μέσῳ
638 2529 741 2591 τῆς
779 2524 972 2598 ἑορτῆς
1018 2526 1151 2580 coal
1186 2531 1275 2579 Δεῖ
1304 2525 1396 2579 οὖν
1430 2545 1508 2595 σε,
1541 2522 1794 2594 δέσποτα,
1825 2525 1933 2583 ἀπὸ

272 2615 373 2669 τοῦ
400 2619 499 2670 νῦν
532 2613 616 2668 ἐπ’
645 2612 793 2670 ἄλλα
819 2610 944 2669 δέκα
978 2606 1070 2685 ἔτη
1112 2620 1408 2689 κατασχεῖν
1438 2616 1539 2685 τήν
1573 2613 1869 2689 βασιλείαν.
1902 2639 1930 2667 υ

273 2705 345 2761 Ὀ
377 2701 446 2774 δὴ
483 2702 575 2759 καὶ
617 2703 852 2779 γέγονεν’
912 2701 1140 2758 ἀπέθανε
1198 2702 1305 2777 γὰρ
1350 2704 1487 2775 μετᾶ
1538 2701 1666 2759 δέκα
1694 2704 1928 2779 χρόνους

271 2795 391 2849 κατ’
430 2792 605 2861 αὐτὴν
631 2792 731 2861 τήν
760 2792 968 2865 ἡμέραν
998 2790 1051 2847 ἐν
1079 2788 1116 2865 ᾖ
1145 2792 1235 2846 καὶ
1266 2790 1507 2868 ἐπλήγη.

346 2880 604 2957 Ηγάγετο
646 2881 735 2935 καὶ
797 2880 1059 2953 τετάρτην
1117 2886 1347 2955 γυναῖκα
1406 2879 1554 2936 Λέων
1586 2882 1615 2937 6
1650 2880 1926 2958 βασιλεὺς,

272 2971 427 3039 Ζωὴν
457 2970 563 3037 τήν
625 2962 1076 3042 Καρϐωνοψῖναν,
1126 2968 1250 3038 ἤτις
1303 2963 1433 3024 ἐϐίω
1466 2969 1668 3045 χοόνυν
1725 2971 1924 3045 συχνὸν

279 3057 395 3130 μετ’
446 3056 617 3111 αὐτοῦ
663 3055 899 3134 ἁστεφής
956 3058 1088 3127 (27).
1148 3058 1266 3112 Τῶν
1321 3052 1378 3110 δὲ
1437 3055 1755 3132 βουλγάρων
1808 3062 1927 3120 ταῖς

271 3143 497 3221 ἐφόδοις
548 3145 857 3217 Ῥωμαίους
908 3140 1322 3220 ἐπιτριϐόντων,
1372 3147 1423 3200 οἱ
1476 3145 1528 3217 ἐξ
1590 3148 1764 3223 Ἅγαρ
1821 3169 1921 3221 μα-

266 3236 447 3299 θόντες
510 3238 672 3290 τοῦτο
706 3234 903 3290 στόλον
965 3232 1344 3307 ἐξαρτ·5σαντες
1398 3235 1534 3290 κατᾶ
1580 3240 1688 3291 τῶν
1748 3256 1928 3312 παρα·-

260 3323 395 3382 λίων
467 3331 570 3393 τῆς
627 3320 809 3399 ἀρχῆς
886 3322 1177 3397 Ῥωμαίων
1236 3322 1652 3398 ἐκπέμπουσιν,
1700 3324 1924 3397 ἐπιστή-

264 3434 451 3476 σαντες
513 3415 595 3484 τῷ
650 3410 839 3484 στόλῳ
895 3411 1171 3492 ναύαρχον
1227 3412 1431 3468 Λέοντα
1473 3413 1565 3468 τὸν
1640 3410 1926 3480 ’Δτταλέα,

271 3504 372 3574 τὴν
422 3503 770 3575 Χριστιανῶν
825 3498 1226 3575 έξομοσάμενον
1281 3500 1484 3569 πίστιν,
1541 3501 1637 3558 κᾶν
1697 3507 1764 3577 τῇ
1794 3504 1929 3577 Τρι-

268 3590 436 3648 πόλει
470 3592 586 3660 (28)
646 3591 939 3658 οἰκήσαντα
986 3590 1081 3660 κάξ
1113 3589 1279 3659 αὐτῆς
1314 3588 1582 3669 εἴληφότα
1615 3593 1716 3661 τήν
1747 3610 1928 3667 προσ-

270 3681 505 3757 ηγορίαν
562 3680 803 3756 Ἔφθασε
850 3674 907 3733 δὲ
959 3677 1051 3734 τὸν
1114 3677 1341 3755 βασιλέα
1382 3681 1418 3749 ἡ
1467 3678 1590 3755 περὶ
1638 3684 1740 3735 τοῦ
1797 3684 1929 3757 Τρι-

273 3770 520 3827 πολίτου
576 3766 808 3842 ἀγγελία
863 3769 999 3823 κατα
1048 3768 1111 3822 τὸ
1168 3763 1431 3843 ἐμπόριον
1487 3772 1585 3823 τοῦ
1643 3769 1926 3839 Βοαιτίου,

271 3859 449 3916 ἐκεῖσε
524 3856 818 3933 γενόμενον
902 3854 992 3911 έπί
1048 3860 1128 3930 τῷ
1186 3857 1521 3913 ἀνακαινίσαι
1597 3858 1699 3928 τήν
1756 3858 1926 3932 μονὴν

271 3949 659 4029 Χριστοφόρου
719 3942 1223 4023 πρωτοϐεστιαρίου
1296 3948 1481 4007 αὐτοῦ.
1546 3951 1931 4027 Προσετίθεσαν

276 4043 322 4101 δ’
365 4046 417 4101 oi
473 4039 860 4116 ἀγγελιαφόροι
911 4041 987 4105 ὡς
1038 4043 1157 4097 κατ’
1210 4039 1381 4111 αὐτῆς
1436 4040 1554 4118 ἔχει
1609 4044 1709 4111 τήν
1748 4044 1926 4118 ὁρμὴν

277 4141 380 4204 τῆς
440 4127 767 4207 βασιλίδος.
828 4127 1035 4204 Πέμπει
1094 4131 1185 4185 οὖν
1242 4132 1272 4186 6
1323 4129 1579 4207 βασιλεὺς
1639 4132 1930 4189 Εὖστάθιον

271 4223 367 4279 τὸν
435 4224 732 4292 τηνικαῦτα
765 4215 1122 4293 δρουγγάριον
1153 4223 1260 4274 τῶν
1319 4219 1590 4293 πλωΐμων
1650 4221 1784 4293 μετᾶ
1832 4220 1929 4277 τοῦ

270 4309 506 4368 στόλου.
566 4309 626 4370 ’ὸς
679 4309 754 4381 μή
800 4304 1046 4379 δυνηθεῖς
1085 4307 1461 4380 ἀντιτάξασθαι
1510 4314 1592 4379 τῷ
1622 4308 1930 4385 Τριπολίτῃ

276 4398 596 4476 ὓπεστρσὶιρη
655 4396 809 4459 κενός
843 4441 858 4456 .
928 4396 1225 4471 Ἐπόμενος
1291 4395 1349 4453 δὶ
1403 4398 1582 4472 τούτῳ
1642 4399 1671 4454 6
1727 4404 1926 4474 Τριποο

277 4492 444 4561 λίτης
476 4486 725 4557 εἶα-ἦλθεν
760 4486 837 4551 εἷς
893 4484 961 4542 τὰ
1007 4487 1166 4543 στενᾶ
1218 4489 1316 4542 τοῦ
1368 4486 1805 4557 Ἑλλησπόντου,
1836 4491 1928 4545 καὶ

2046 575 2389 633 feriendum
2436 575 2591 631 fuste
2638 575 2701 630 in
2732 589 3085 645 suspensum
3130 572 3385 643 impacto
3417 569 3704 627 candela-

2049 665 2252 742 brum.
2279 665 2619 721 violentiam
2653 666 2805 720 ictus
2834 662 3111 720 nonnihil
3135 662 3483 717 remisisset.
3516 660 3705 716 Pluri-

2045 770 2209 810 mum
2244 755 2484 828 quidem
2516 753 2825 827 sanguinis
2853 769 2925 809 ex
2954 752 3197 809 vulnere
3215 750 3483 817 efﬂuxit;
3510 751 3699 806 inter-

2045 860 2161 915 que
2189 861 2466 916 proceres
2497 844 2922 900 tumultuatum
2956 847 3013 898 et
3043 842 3179 914 fuga
3207 841 3361 896 facta
3390 844 3498 896 est.
3520 839 3602 894 Ab
3627 857 3694 896 ea

2044 950 2264 1006 pompa
2295 934 2500 990 IOBI
2540 939 2665 989 tum
2699 932 2892 989 abfuit
2926 930 3278 997 Alexander,
3320 930 3697 1001 imperatoris

2042 1023 2248 1087 frater,
2307 1023 2615 1081 adversam
2680 1021 3082 1079 valetudinem
3145 1026 3438 1077 causatus.
3506 1019 3695 1084 Quare

2045 1113 2205 1184 apud
2262 1113 2484 1169 multos
2541 1112 2801 1184 suspicio
2849 1128 2912 1167 se
2962 1111 3284 1167 insinuarit
3328 1109 3522 1181 ipsum
3571 1122 3701 1163 esse

2042 1203 2399 1260 insidiarum
2421 1208 2750 1261 auctorem.
2769 1201 2882 1257 Sed
2906 1216 3254 1274 pereusssor
3273 1199 3701 1271 deprehensus,

2041 1290 2379 1364 multosque
2435 1307 2755 1364 perpessus
2830 1290 3151 1353 cruciatus,
3202 1305 3336 1344 cum
3393 1287 3698 1343 neminem

2040 1381 2324 1438 facinoris
2354 1381 2656 1437 conscium
2701 1380 3007 1444 fateretur,
3054 1377 3375 1450 amputatis
3423 1375 3699 1432 manibus

2042 1482 2103 1532 et
2131 1476 2382 1547 pedibus
2402 1477 2463 1533 in
2478 1476 2684 1533 Funda
2699 1476 2849 1532 Circi
2881 1481 3177 1532 crematus
3202 1478 3291 1529 est
3342 1474 3423 1528 Ex
3456 1489 3524 1529 eo
3546 1476 3695 1529 tem-

2039 1584 2183 1639 pore
2215 1584 2435 1640 pompa
2474 1568 2588 1624 ista
2636 1567 2900 1623 cessavit
2938 1567 3009 1622 Et
3053 1563 3291 1637 quidem
3333 1562 3698 1636 sapientissi-

2040 1672 2173 1712 mus
2198 1657 2528 1713 monachus
2563 1655 2820 1722 Marcus,
2846 1656 2977 1727 ejus
3006 1652 3355 1712 monasterii
3385 1651 3697 1724 dispensa-

2041 1754 2157 1807 tor.
2191 1750 2291 1821 qui
2325 1749 2686 1806 tetraodium
2708 1749 2904 1822 magni
2938 1746 3167 1804 sabbati
3198 1743 3698 1817 complevitquod

2042 1838 2223 1894 habet
2251 1840 2386 1911 Cyri
2405 1841 2654 1905 Cosmm,
2685 1839 2889 1895 multis
2910 1837 3331 1909 imperatorem
3351 1834 3701 1906 deprecatus

2040 1933 2147 1983 est.
2180 1930 2251 1984 Et
2293 1945 2362 1985 eo
2405 1933 2728 1986 renuente:
2774 1951 2802 1980 ι(
2846 1926 3003 1992 Noli,
3031 1925 3244 1998 inquit.
3279 1923 3391 1980 hoc
3434 1922 3700 1995 iniquius

2039 2013 2194 2073 ferre
2219 2023 2323 2075 aut
2362 2017 2559 2084 irasci,
2592 2035 2626 2073 ο
2658 2018 3001 2089 imperator.
3032 2016 3179 2072 Nam
3218 2020 3414 2070 vastes
3446 2011 3697 2069 Davidus

2039 2105 2150 2161 hoc
2180 2107 2289 2163 tibi
2336 2108 2566 2165 adversi
2611 2113 2963 2163 eventurum
3003 2103 3295 2178 praedixit,
3327 2103 3439 2159 hoc
3484 2117 3693 2158 versu:

2037 2196 2258 2260 Quanta
2306 2198 2641 2268 malignam:
2688 2203 2767 2254 est
2825 2196 3087 2251 inimicus
3145 2195 3204 2249 in
3255 2198 3445 2248 sanrto
3494 2199 3608 2255 tuo,
3644 2196 3696 2244 et

2040 2289 2273 2363 gloriati
2319 2293 2446 2342 sunt
2488 2288 2588 2359 qui
2641 2285 2879 2342 oderunt
2927 2290 2977 2340 te
3022 2286 3081 2338 in
3122 2283 3301 2338 medio
3328 2278 3699 2338 solemnitalis

2038 2388 2152 2436 tum
2198 2377 2295 2434 “‘2
2344 2378 2549 2448 Itaque
2606 2380 2841 2449 oportet
2895 2371 3107 2429 exinde
3167 2376 3223 2427 te
3284 2370 3435 2427 alios
3492 2368 3699 2424 decem

2045 2485 2235 2526 annos
2262 2468 2581 2538 imperare.
2617 2488 2645 2515 ››
2674 2465 2793 2520 Ηοο
2823 2461 3097 2518 monachi
3125 2458 3471 2515 vaticinium
3503 2458 3694 2512 exitus

2033 2575 2239 2617 verum
2297 2554 2599 2613 ostendit:
2651 2553 2855 2610 decem
2910 2553 3069 2608 enim
3101 2556 3237 2623 post
3263 2549 3458 2617 annis,
3492 2547 3692 2604 eadem

2035 2665 2153 2721 qua
2185 2649 2337 2704 ictus
2367 2646 2564 2704 fuerat
2601 2643 2719 2711 die,
2753 2658 2924 2699 suum
2957 2640 3105 2697 obiit
3138 2639 3320 2696 diem.

2103 2894 2381 2959 Quartam
2415 2888 2631 2946 deinde
2671 2901 2918 2944 uxorem
2959 2884 3128 2941 duxit
3177 2883 3309 2947 Leo,
3341 2882 3511 2937 Zoem
3546 2882 3685 2936 Car-

2030 2981 2446 3053 bonopsinam,
2480 2995 2613 3050 quas
2658 2994 2765 3049 per
2794 2975 3047 3031 multum
3103 2971 3389 3044 temporis
3439 2988 3573 3026 cum
3614 2986 3684 3024 eo

2030 3072 2178 3127 vixit
2243 3075 2565 3141 antequam
2620 3072 3026 3123 coronaretur.
3059 3064 3203 3119 Cum
3268 3076 3403 3116 vero
3453 3053 3684 3125 Bulgari

2034 3158 2475 3217 incursionibus
2502 3174 2628 3214 rem
2674 3155 3000 3211 Romanam
3056 3156 3399 3207 attererent.
3434 3147 3686 3221 Agareni

2038 3266 2109 3305 ea
2136 3248 2445 3305 occasione
2475 3251 2756 3317 percepta
2781 3242 3028 3299 classem
3060 3240 3445 3297 adornarunt.
3472 3244 3531 3293 et
3551 3252 3691 3292 con-

2039 3344 2132 3394 tra
2172 3336 2528 3394 maritimam
2561 3336 2963 3390 Romanorum
2995 3331 3286 3387 ditionem
3338 3328 3686 3394 emiserunt,

2039 3425 2187 3483 duce
2220 3426 2412 3482 Leone
2441 3422 2714 3489 .Attaleo,
2764 3421 2865 3493 qui
2916 3419 3312 3475 Christianam
3360 3419 3691 3489 ejuraverat

2039 3515 2413 3588 religionem.
2451 3511 2650 3568 I002
2684 3516 2742 3566 et
2771 3509 2912 3580 quia
2939 3507 3159 3580 Tripoli
3194 3505 3518 3563 habitabat.
3552 3503 3690 3560 inde

2039 3603 2352 3676 Tripolites
2369 3599 2801 3673 appellebatur.
2818 3596 2960 3669 Ejus
2990 3595 3384 3668 expeditionis
3415 3594 3690 3648 nuntium

2041 3698 2271 3748 mature
2288 3689 2518 3760 accepit
2539 3688 2883 3760 imperator.
2905 3684 3004 3756 qui
3033 3689 3155 3739 tum
3184 3682 3340 3755 apud
3357 3681 3690 3753 emporium

2042 3782 2248 3838 Boaatii
2280 3785 2429 3844 erat,
2461 3777 2792 3835 dedicanda
2822 3773 3234 3847 Christophori
3259 3770 3691 3845 protovestiarii

2042 3877 2405 3937 monasterio
2449 3877 2735 3933 intentus.
2775 3876 2844 3930 Et
2872 3871 3203 3929 abdebatur
3229 3870 3342 3926 hoc
3372 3886 3407 3926 a
3444 3868 3691 3937 nuntiis,

2042 3986 2078 4026 a
2106 3967 2387 4041 Tripolita
2417 3966 2607 4038 ipsam
2639 3965 2757 4036 peti
2788 3962 3018 4035 Cpolin.
3060 3960 3292 4016 Emittit
3323 3975 3460 4032 ergo
3492 3959 3696 4012 Eusta-

2045 4058 2262 4123 thium,
2292 4054 2681 4126 drungarium
2737 4052 2823 4109 rei
2869 4049 3116 4119 navalis,
3149 4065 3284 4105 cum
3329 4048 3516 4104 classe
3584 4045 3694 4111 Qui

2042 4161 2257 4218 pugnas
2302 4161 2439 4201 cum
2482 4141 2765 4215 Tripolita
2812 4137 3230 4197 commitendm
3280 4138 3473 4208 impar
3516 4152 3579 4190 re
3609 4135 3696 4190 in-

2042 4234 2197 4290 fecta
2240 4233 2438 4289 rediit.
2489 4233 2755 4303 Eumque
2806 4230 3111 4284 insecutus
3158 4225 3443 4297 Tripolita
3491 4224 3692 4279 fauces

2045 4321 2413 4394 Hellesponti
2473 4319 2711 4375 intravit
2758 4324 2816 4374 et
2858 4331 3049 4387 usque
3103 4314 3177 4371 ad
3226 4314 3463 4369 Parium
3507 4311 3689 4366 venit.

2045 4412 2231 4482 Hujus
2253 4410 2337 4466 rei
2370 4408 2658 4465 indicium
2690 4404 3034 4479 imperatori
3064 4418 3375 4460 maerorem
3409 4399 3690 4473 pertuba-

2046 4500 2391 4571 tionemque
2422 4497 2606 4554 animi
2654 4512 2887 4569 gravem
2934 4493 3152 4550 attulit.
3184 4493 3387 4562 Itaque
3432 4489 3691 4544 Himerio

282 4581 582 4656 ωέχριτοῦ
615 4575 816 4651 Παρίου
871 4571 1192 4633 κατέλαϐεν.
1250 4576 1422 4650 Ὅπερ
1471 4580 1550 4649 τῷ
1585 4574 1803 4651 βασιλεῖ
1832 4577 1931 4656 ἀγ.

2044 4588 2500 4645 secretariorum
2543 4585 2828 4659 primario
2869 4583 3122 4639 classem
3166 4582 3447 4638 adversus
3476 4579 3690 4651 Tripo-

277 4680 470 4755 γελθὶν
529 4677 608 4739 εἰς
667 4673 911 4753 μεγάλην
969 4668 1222 4730 ἐνέϐαλεν
1274 4674 1503 4747 ἀθυμίαν
1543 4675 1932 4752 καὶταραχὴν,

284 4769 323 4838 ἰ
338 4768 511 4843 μερίῳ
554 4771 688 4844 γοῦν
742 4771 823 4839 τῷ
868 4769 1355 4841 πρωτοασθκρῆτις
1413 4765 1511 4835 τήν
1562 4766 1816 4837 ναυτικὴν
1848 4763 1935 4844 έγ-

360 4892 408 4928 “
436 4891 594 4949 Psal.
624 4907 822 4959 Lxxm,
856 4890 907 4946 1.

2044 4678 2191 4734 liten
2225 4676 2557 4734 ducendam
2600 4674 2938 4732 committit.
2968 4672 3021 4728 Is
3054 4670 3324 4744 Abydum
3373 4674 3686 4741 praeterve-

2044 4774 2197 4838 ctus,
2227 4770 2418 4843 £gmo
2449 4766 2600 4823 mari
2634 4781 2901 4831 emenso,
2936 4762 3011 4819 ad
3043 4760 3381 4818 Strobelum
3412 4756 3653 4833 appellit
3679 4774 3693 4825 ;

1500 4988 1859 5046 XYLANDBI
1903 4991 1993 5047 ET
2028 4991 2246 5048 GOARI
2282 4990 2506 5048 NOTAE.

365 5118 477 5189 (26)
509 5110 889 5189 Tetraodium
932 5108 1160 5169 videtur
1190 5112 1445 5189 hymnus
1476 5115 1936 5189 quatuorparti;

289 5183 405 5245 bu's
435 5183 538 5244 seu
570 5183 934 5258 carminibus
964 5183 1248 5258 constans
1271 5183 1614 5258 fuisse.Sed
1636 5183 1787 5258 quid
1809 5187 1936 5243 ilud

291 5260 427 5331 Cyri
449 5262 672 5331 Cosmm
707 5258 803 5322 sit,
834 5255 1090 5331 viderint
1109 5256 1241 5331 abi.
1280 5256 1499 5331 Psalmi
1532 5255 1709 5314 verba
1729 5273 1801 5313 ex
1822 5259 1938 5313 usi-

289 5328 416 5388 tata
465 5329 738 5385 versione
789 5328 1057 5401 apposui.
1108 5328 1245 5383 XvL.
1279 5359 1347 5369 --
1376 5329 1640 5401 Hymnus
1683 5336 1937 5401 quatuor

287 5403 422 5459 odis
447 5407 727 5458 constans
750 5399 993 5470 sabbato
1031 5415 1242 5470 magno
1270 5399 1599 5456 cantandus
1622 5401 1681 5456 in
1702 5399 1934 5456 Triodio

248 5492 253 5495 ·
282 5473 440 5531 libro
458 5481 635 5529 totum
658 5469 1407 5543 Quadragesimteofﬁcium
1429 5472 1937 5543 continente,qua—

286 5544 366 5601 lis
423 5546 501 5602 sit
555 5540 943 5615 agnoscitur;
971 5540 1150 5615 Κυροᾷ
1182 5542 1529 5615 diminutive
1562 5560 1666 5615 pro
1724 5540 1933 5615 κυρίου·

287 5633 397 5689 vox
428 5618 658 5689 integra
688 5611 1064 5689 clarioribus;
1085 5611 1433 5689 diminutiva
1454 5611 1620 5689 κυρός
1648 5611 1939 5689 inferiori-

288 5688 427 5763 bus,
454 5683 913 5763 nap'humilibus
943 5683 1303 5744 conceditur.
1335 5683 1579 5746 Cosmas
1608 5686 1707 5744 hic
1742 5686 1935 5746 Maiu-

2042 5115 2268 5173 mensis
2315 5113 2430 5171 fuit
2475 5112 2811 5186 episcopus,
2862 5108 3207 5167 Damasceni
3260 5111 3586 5186 prmceptor
3633 5111 3694 5162 et

2043 5186 2308 5260 plurium
2340 5180 2643 5260 sacrorum
2678 5180 3033 5260 hymnorum
3065 5180 3272 5260 auctor
3309 5180 3510 5260 βολῇ.

2116 5259 2230 5328 (27)
2261 5256 2561 5313 Secundus
2583 5249 2802 5328 leviore
2826 5254 3176 5325 paenitentia
3206 5249 3692 5328 mult_ant.tertias

2045 5323 2224 5401 etiam
2261 5328 2511 5401 graviori
2544 5323 2890 5401 subjiciunt.
2926 5333 3171 5401 quartas
3200 5323 3444 5401 omnino
3485 5337 3688 5401 repro:

2043 5400 2191 5457 bant
2220 5391 2294 5457 ac
2323 5400 2614 5455 damnant
2642 5391 2880 5468 nuptias
2913 5391 3119 5452 G'ra‘ci.
3166 5401 3300 5468 tam
3340 5394 3414 5468 ob
3460 5391 3584 5468 re_rn
3616 5391 3688 5448 ad

2045 5465 2772 5544 coronam_Augustarum
2816 5484 2981 5523 more
3030 5466 3468 5544 suscipiendam
3514 5465 3687 5544 Zoem

2045 5545 2201 5600 hanc
2227 5537 2733 5611 Carbonépsinam
2783 5554 3092 5610 nunquam
3134 5537 3368 5594 admitti
3398 5552 3574 5611 passa
3600 5540 3692 5591 est

2047 5615 2365 5671 Orientalis
2396 5613 2675 5671 Ecclesia.
2708 5613 2884 5669 Goxn.

2115 5688 2228 5761 (28)
2255 5686 2458 5762 Syria.
2485 5687 2663 5744 Gon.
