4056 6276
468 356 637 423 ’1151

1841 361 2154 426 GEORGII
2196 363 2538 430 CEDRENI

3681 375 3807 436 “52

477 486 616 551 inde
633 494 706 552 ad
728 495 990 551 Imbrum
1018 493 1296 567 applicat.
1321 496 1392 552 Ac
1424 494 1804 552 Samothraca
1827 501 2103 569 superata

2241 497 2490 572 χειρίσας
2521 496 2748 575 δύναμιν
2807 503 2942 558 κατᾶ
2976 507 3077 560 τοῦ
3140 503 3464 580 Τριπολίτου
3516 503 3802 576 ἀπέστειλεν,

478 585 679 641 hostes
710 585 879 641 Thasi
905 602 1039 642 cum
1070 587 1320 642 sentiret
1340 601 1518 642 naves
1541 586 1600 641 in
1633 587 1886 641 statione
1911 587 2132 642 habere

482 674 863 731 multitudine
887 691 932 729 el
966 675 1268 732 alacritate
1292 676 1414 732 suis
1449 675 1895 748 superiores,ne
1927 693 2132 749 appro-

477 764 769 836 pinquare
815 765 1058 836 quidem
1111 764 1183 820 lis
1214 781 1392 820 ausus
1423 771 1531 820 est.
1578 765 1889 838 'l‘ripolites
1931 773 2130 822 autem

480 859 636 908 retro
659 870 899 910 aversus
922 853 1399 910 Thessalonicam
1415 861 1734 927 expugnat,
1758 854 2129 926 deprehenso

479 941 542 998 in
574 958 643 998 ea
674 944 852 999 etiam
899 943 1088 1000 Leone
1137 945 1436 1016 praefecto,
1469 945 1561 1000 cui
1601 945 1990 1000 Chatzilacius
2021 962 2128 1000 co-

478 1039 865 1104 gnomentum
892 1051 905 1101 ;
940 1034 1313 1106 multumque
1345 1033 1426 1088 ibi
1459 1034 1764 1101 sanguinis
1785 1036 1946 1101 facit,
1979 1035 2130 1089 mul-

478 1127 689 1193 tosque
714 1125 972 1194 captivos
1004 1122 1261 1177 abducit.
1298 1123 1470 1178 Forte
1499 1123 1736 1194 quidam
1773 1123 1844 1179 de
1882 1124 2124 1179 cubicu-

478 1210 663 1278 lariis,
699 1214 942 1268 nomine
973 1212 1436 1285 Rhodophyllus,
1469 1213 1821 1269 necessariae
1845 1215 1926 1268 rei
1952 1230 2129 1270 causa

481 1298 542 1354 in
589 1300 851 1356 Siciliam
888 1301 1101 1357 missus
1137 1318 1271 1357 cum
1306 1303 1406 1356 100
1438 1302 1565 1356 auri
1598 1301 1785 1367 libris,
1821 1303 1881 1357 in
1913 1302 2126 1358 itinere

481 1390 688 1444 morbo
751 1398 1057 1461 correptus
1128 1391 1604 1447 Thessalonicam
1666 1407 1727 1446 se
1795 1392 2127 1446 contulerat

479 1479 683 1534 1063
717 1479 961 1534 curandi
993 1480 1257 1552 corporis
1287 1497 1483 1536 causa.
1530 1483 1673 1535 Eum
1718 1479 2001 1552 Tripolita
2044 1479 2122 1534 ibi

480 1573 606 1623 tum
646 1574 906 1640 captum,
939 1569 1068 1640 ejus
1113 1569 1240 1624 auri
1273 1585 1451 1625 causa
1480 1568 1583 1624 diu
1617 1573 1857 1635 tortum,
1890 1585 2024 1625 cum
2059 1585 2121 1624 se

482 1657 805 1728 quidquam
837 1659 1053 1715 habere
1082 1665 1448 1731 pernegaret.
1481 1659 1728 1714 necavit.
1762 1661 1832 1714 Et
1860 1676 1993 1714 vero
2025 1675 2124 1714 au-

477 1763 609 1802 rum
643 1747 703 1802 in
734 1747 946 1803 itinere
979 1748 1421 1821 Rhodophyllus
1450 1749 1793 1820 reliquerat,
1826 1748 2004 1820 idque
2037 1750 2121 1805 Si-

2238 587 2298 648 ὃς
2327 583 2561 644 Ἀϐυδον
2593 587 2824 646 διελθὼν
2840 593 2926 647 καὶ
2959 592 3022 648 τὸ
3056 593 3278 669 Α”γαῖον
3307 597 3527 670 πέλαγος
3559 587 3814 669 Στροεήλῳ

2235 678 2620 752 προσορμίζει,
2655 680 2771 736 εἶτα
2829 682 3073 754 καταίρει
3130 685 3267 755 πρός
3316 680 3812 759 Ἰμὸρον.ΣαμοΘρᾲο

2236 784 2336 833 κῆν
2368 761 2424 820 δὲ
2454 762 2645 831 διαϐὰς
2676 766 2942 826 κατέλαϐε
2968 771 3098 832 τοὺς
3129 770 3426 846 πολεμίους
3472 770 3818 846 ναυλοχοῦντας

2235 853 2286 907 ὲν
2317 854 2490 926 Θάσῳ.
2526 856 2681 927 Ηλῆν
2736 856 2942 930 πλήθει
2999 881 3056 916 τε
3085 862 3175 916 καὶ
3205 862 3478 937 προθυμίᾳ
3509 861 3819 936 ὑπερέχοντας

2234 942 2428 1006 αὐτοὺς
2461 941 2594 1000 ἱόὼν
2624 944 2750 1003 οὐδὲ
2805 946 3108 1018 πλησιάσαι
3163 950 3379 1012 τούτοις
3431 949 3750 1022 τετόλμηκεν.
3775 951 3819 1002 ⁸0

2235 1028 2292 1086 δὶ
2347 1033 2692 1108 Τριπολίτης
2788 1037 3197 1112 ὀπισθόρμῆτος
3282 1041 3514 1116 γεγονὼς
3589 1038 3819 1096 καὶκατὰ

2235 1121 2633 1196 Θεσσαλονίκην
2689 1127 2977 1204 γενόμενος
3023 1130 3228 1201 ταύτην
3280 1127 3646 1204 ἐπολιόρκησε.
3690 1149 3813 1184 κατα·

2233 1210 2518 1286 σχείὶέντος
2572 1214 2661 1269 καὶ
2720 1216 2950 1280 Λέοντος
3007 1222 3104 1274 τοῦ
3163 1223 3470 1296 στρατηγοῦ
3517 1217 3566 1272 ἐν
3613 1218 3747 1290 uim],
3779 1218 3815 1290 ᾧ

2233 1299 2596 1370 Χατζιλόκιος
2651 1306 2712 1360 τὸ
2761 1303 3071 1377 ἐπώνυμον.
3135 1305 3378 1381 Ἐγένετο
3434 1305 3491 1362 ὂὶ
3520 1306 3662 1381 χύσις
3684 1307 3818 1376 αἱμά-

2229 1410 2336 1474 των
2367 1389 2554 1460 πολλῆ
2583 1394 2668 1448 καὶ
2706 1395 3085 1470 αἱχμαλωσία.
3116 1395 3488 1474 Ῥοδόιρυλλος
3522 1394 3576 1450 δέ
3616 1415 3688 1456 τις
3718 1415 3819 1449 κου-

2229 1472 2590 1554 ϐικουλὰριος
2646 1502 2784 1538 κατα
2839 1504 2956 1539 τινα
3001 1484 3192 1560 χεείαν
3254 1472 3306 1539 ἐν
3344 1484 3564 1555 Σικελέα
3599 1483 3815 1559 πεμξθεῖς

2229 1567 2365 1640 μετὰ
2423 1569 2656 1644 χρυσίου
2725 1577 2924 1647 Λιτρῶν
2987 1574 3196 1641 ἑκατὸν,
3253 1575 3400 1647 νόσῳ
3463 1573 3740 1647 περιπεσὼν
3780 1571 3822 1627 ἰν

2226 1657 2590 1735 Θεσσαλονίκῃ
2669 1660 2916 1730 εἷο-ἦλθεν
2959 1661 3041 1742 ἐφ’
3096 1665 3144 1736 ᾧ
3203 1661 3494 1735 ἐπιμελίας
3544 1662 3816 1732 ἀξιωθῆναι.

2225 1748 2422 1824 Ὀνπερ
2480 1751 2770 1830 κατασχὼν
2836 1753 2864 1806 ὁ
2918 1753 3257 1827 Τριπολίτης
3325 1753 3416 1808 καὶ
3471 1750 3647 1807 πολλὰ
3691 1751 3825 1824 βασα·

478 1854 653 1894 meon
685 1841 1038 1894 secretarius
1068 1855 1137 1894 ea
1167 1841 1465 1895 transiens
1510 1840 1848 1895 sustulerat.
1894 1840 1996 1895 Hic
2023 1839 2112 1894 Si-

2224 1835 2372 1898 νίσας
2402 1835 2491 1892 διὰ
2527 1839 2589 1894 τὸ
2639 1839 2864 1914 χρυσίον
2898 1839 3182 1897 ἀπέκτεινε
3233 1838 3407 1914 μηδὶν
3467 1839 3609 1916 ἔχειν
3645 1840 3833 1914 ἴσχυρι-

478 1943 652 1982 meon
682 1928 1026 1999 Tripolitam
1068 1928 1232 1984 urbis
1263 1930 1627 1984 eversionem
1660 1931 1859 1986 animo
1893 1929 2116 1999 agitan-

477 2020 596 2071 tem
627 2017 892 2072 hortatus
923 2023 1012 2073 est
1050 2024 1114 2073 ut
1157 2019 1382 2074 excidio
1431 2019 1754 2075 abstineret
1792 2036 1980 2091 eoque
2010 2036 2120 2074 no-

474 2107 636 2163 mine
666 2124 877 2163 aurum
927 2107 1074 2163 illud
1119 2107 1450 2180 acciperet;
1499 2126 1566 2165 ac
1610 2108 1918 2181 persuasit.
1952 2107 2117 2174 Quod

475 2196 766 2252 Simeonis
809 2199 1029 2253 factum
1079 2197 1160 2253 ita
1207 2205 1436 2270 gratum
1483 2199 1594 2254 fuit
1642 2197 2006 2270 imperatori,
2053 2202 2119 2252 ut

473 2302 606 2340 eum
641 2287 871 2358 patricii
917 2303 984 2341 ac
1023 2288 1329 2342 secretarii
1361 2288 1628 2359 primarii
1664 2288 1947 2360 dignitate
1985 2287 2115 2342 ideo

471 2383 888 2431 remuneratus
919 2377 1013 2430 sit.
1041 2376 1357 2440 Himerius,
1390 2377 1623 2446 cognito
1646 2394 1680 2432 a
1700 2376 2115 2432 Thcssalonica

470 2463 824 2520 Sarracenos
874 2465 1209 2534 recessisse,
1263 2466 1652 2537 insequendis
1700 2467 1772 2520 iis
1821 2481 1884 2520 se
1923 2469 2109 2536 parat.

471 2555 686 2610 Verum
717 2554 773 2609 hi
816 2555 890 2610 ad
938 2556 1168 2610 Cretam
1201 2555 1527 2626 appellunt,
1562 2554 1895 2626 praequue
1949 2561 2112 2625 parte

471 2645 848 2701 Cretensibus
881 2645 1016 2701 data
1037 2644 1365 2702 incolumes
1397 2645 1636 2701 domum
1659 2644 1931 2712 redeunt,
1961 2645 2111 2699 otio-

471 2750 602 2790 sum
635 2736 835 2791 Lemni
869 2736 1278 2807 relinquentes
1313 2735 1658 2793 Himerium.

471 2815 675 2891 δίωξιν.
708 2824 769 2878 Θὶ
800 2822 857 2878 δὲ
878 2827 945 2898 τῇ
1007 2825 1192 2898 Κρήτῃ
1248 2825 1632 2899 προσῖσχουσι,
1686 2822 1775 2879 καὶ
1837 2821 2140 2898 ἀπᾶμοιραν
2197 2817 2376 2885 δόντες
2430 2826 2547 2884 τοῖς
2619 2823 2788 2897 Κρησί
2826 2825 2924 2887 τῆς
2984 2819 3132 2885 λείας
3163 2817 3428 2886 ἀϐλαϐεῖς
3462 2819 3646 2877 οἴκαδε
3682 2818 3841 2875 ἀπενό-

467 2933 684 2983 στῆσαν,
718 2915 988 2990 ἄπρακτον
1023 2913 1074 2968 ἐν
1106 2917 1312 2988 Λήμνῳ
1343 2913 1732 2977 καταλιπνέντες
1759 2914 1850 2968 τὸν
1881 2914 2139 2986 Ἰμέῖιον.

536 3005 870 3062 Secundum
890 3007 1011 3060 haec
1036 3006 1357 3077 imperator
1383 3005 1530 3060 duos
1553 3005 1906 3061 fortissimos
1929 3003 2108 3060 duces

464 3096 520 3150 in
557 3096 853 3152 Orientem
877 3095 1114 3163 emittit,
1140 3096 1510 3151 Eustathium
1536 3095 1736 3166 stirpis
1760 3099 2106 3167 Argyrorum

464 3191 520 3240 et
551 3184 956 3241 Andronicum
988 3201 1202 3258 genere
1239 3185 1478 3240 Ducam.
1517 3185 1581 3238 Hi
1617 3186 1832 3240 multas
1863 3184 1934 3238 de
1965 3187 2110 3256 Aga-

462 3275 624 3331 renis
654 3283 1034 3347 reportarunt
1063 3276 1338 3331 victorias
1392 3281 1679 3331 tiaratorum
1713 3276 2017 3336 Samonas.
2051 3277 2101 3330 is

2232 1925 2480 2000 ζὸμενονο
2533 1933 2698 1984 τοῦτο
2756 1931 2860 2005 γὰρ
2917 1928 3078 2010 ἔτυχε
3143 1929 3466 1987 καταλιπὼν
3521 1930 3572 1983 ἐν
3628 1933 3690 2002 τῇ
3725 1925 3830 1998 ὁδῷ,

2227 2015 2358 2092 ὅπερ
2411 2019 2637 2092 Συμεὼν
2689 2020 2989 2094 ἆσηκρῆτις
3035 2019 3396 2096 διερχᾶμενος
3443 2019 3698 2075 ἀνείλετο.
3753 2017 3833 2074 Καὶ

2224 2111 2321 2161 τοῦ
2352 2107 2690 2180 Τριπολίτου
2735 2107 3098 2183 βουληθέντος
3159 2110 3528 2184 καταστρέψαι
3559 2109 3652 2176 τήν
3678 2105 3832 2176 πόλιν,

2227 2197 2255 2252 6
2288 2197 2514 2269 Συμεὼν
2576 2192 2762 2253 λαϐεῖν
2815 2199 2977 2254 αὐτὸν
3039 2198 3265 2273 χρυσίον
3322 2198 3564 2270 ἐμήνυσε
3625 2196 3706 2252 καὶ
3754 2200 3832 2259 τῆς

2225 2291 2600 2362 καταστροφῆς
2657 2285 3042 2361 ἀποσχέσθαι.
3092 2291 3176 2361 [Ρ.
3210 2289 3337 2361 601]
3386 2289 3460 2346 ’Ὀ
3517 2286 3605 2342 καὶ
3658 2285 3834 2361 γέγονε,

2221 2374 2310 2428 καὶ
2371 2368 2556 2430 λαϐὼν
2612 2374 2675 2429 τὸ
2733 2376 2965 2453 χρυσίον
2999 2377 3028 2431 6
3077 2374 3426 2448 Τριπολίτης
3483 2374 3827 2444 ὑπενόστησεν.

2223 2459 2652 2536 Ἀποδεξάμενος
2681 2461 2738 2518 δὲ
2793 2467 2883 2521 τὸν
2939 2472 3151 2540 Συρεῶν
3205 2470 3302 2522 τοῦ
3359 2461 3836 2542 ἔργουόβασελευς

2219 2551 2504 2626 πατρίκιον
2562 2553 2651 2608 καὶ
2731 2558 3223 2630 πρωτοασῆκρῆτιν
3305 2559 3502 2610 τοῦτον
3558 2553 3837 2626 τετίμηκε.

2221 2641 2531 2716 Πυθόμενος
2589 2639 2647 2698 δὲ
2697 2645 2797 2711 τῆν
2855 2648 2963 2698 τῶν
3025 2642 3358 2718 Σαρακηνῶν
3437 2644 3772 2719 ἀποστροφήν
3818 2641 3838 2694 6

2218 2731 2493 2806 ναύαρχος
2519 2731 2754 2806 Ἱμέριος
2802 2732 2966 2807 πρὸς
2996 2733 3094 2801 τῆν
3155 2734 3272 2788 κατ’
3326 2733 3510 2788 αὐτῶν
3545 2729 3838 2788 διανίσταται

2287 3001 2344 3055 Ὀ
2409 2997 2466 3056 δὲ
2527 3000 2782 3077 βασιλεὺς
2861 3001 3000 3077 πρὸς
3066 3003 3168 3071 τῆν
3219 2999 3294 3058 ἓω
3355 2999 3455 3058 δύο
3513 3000 3838 3076 γενναιοτάτω

2216 3090 2481 3164 ἐκπέμπει
2539 3091 2849 3166 στρατηγὼ,
2908 3089 3205 3148 Εὐστάθίον
3262 3111 3321 3146 τε
3375 3096 3477 3147 τοῦ
3517 3091 3699 3168 γένους
3751 3092 3834 3144 τῶν

2218 3181 2497 3257 Ἀργυρῶν
2554 3177 2917 3254 καταδὸμενον
2967 3180 3057 3236 καὶ
3111 3177 3455 3254 Ἀνδρόνικον
3517 3183 3610 3237 τόν
3661 3179 3718 3236 ἐς
3758 3182 3836 3233 τοῦ

2217 3270 2438 3340 Δουκὸς,
2472 3271 2670 3334 οἵτινες
2707 3267 2892 3325 πολλὰ
2950 3271 3186 3344 τρόπαια
3233 3268 3535 3341 ἐστήσαντο
3591 3269 3719 3325 κατὰ
3745 3272 3831 3323 τῶν

458 3381 635 3436 quem
655 3367 900 3422 insidias
920 3367 1262 3438 imperatori
1296 3364 1588 3420 detexisse
1611 3365 1942 3430 docuimus,
1966 3381 2099 3421 cum

2223 3363 2541 3436 Αγαρηνῶν.
2583 3363 2850 3432 Σαμῶνᾶς
2905 3357 2963 3414 δὶ
3020 3360 3048 3413 6
3103 3361 3202 3429 τὴν
3261 3355 3606 3416 ἐπιϐουλοςν
3640 3379 3830 3430 κατλμη

2257 3449 2270 3464 ,
2468 3454 2494 3464 ..
2595 3451 2623 3464 ..
2723 3447 2742 3464 ς
2789 3453 2810 3464 ..
2943 3447 2966 3464 ρ.
3145 3451 3157 3464 ,
3510 3452 3522 3464 .
3799 3449 3820 3460 ..

463 3461 619 3509 esset
647 3455 804 3526 apud
824 3456 981 3509 hunc
1013 3455 1073 3509 in
1099 3471 1330 3509 summo
1356 3457 1601 3523 honore,
1627 3456 1915 3510 simulans
1949 3472 2011 3510 se
2033 3455 2106 3510 ad

462 3543 890 3599 monasterium
923 3559 1094 3599 suum
1127 3543 1309 3606 exire,
1334 3543 1594 3616 profugit
1613 3560 1747 3598 cum
1781 3544 2034 3614 pecunia
2052 3549 2110 3598 et

465 3632 620 3704 quis,
653 3649 721 3689 ac
757 3632 1179 3705 dispositorum
1203 3649 1308 3706 per
1331 3633 1594 3697 singulas
1616 3632 1898 3688 stationes
1918 3631 2107 3704 publi-

463 3737 668 3777 corum
701 3739 990 3794 equorum
1040 3740 1250 3779 nervos
1294 3723 1517 3779 incidit.
1559 3723 1667 3778 Leo
1718 3722 1896 3794 igitur
1927 3722 2111 3777 mittit

464 3811 1434 3884 quieuminsequantur,Basiliurn
1460 3812 1718 3868 sodalitii
1744 3812 2106 3884 praefectum,

461 3901 813 3974 cognomine
845 3902 1314 3973 Camaterum(id
1346 3901 1822 3958 estlaboriosumi
1843 3908 1901 3957 et
1927 3903 2108 3957 Geor-

463 3989 624 4060 gium
658 3990 862 4045 1064
909 3990 1228 4046 Crenitam.
1258 3990 1573 4046 Samonam
1614 3993 1742 4063 jam
1777 3989 1964 4062 Halyn
1995 3989 2106 4045 ilu-

461 4078 618 4134 vium
637 4085 1045 4137 transeuntem
1068 4082 1432 4154 Nicephorus
1449 4081 1724 4136 Caminas
1755 4080 2109 4153 drungarius

461 4167 873 4240 deprehendit,
907 4187 975 4226 ac
1027 4171 1230 4227 multis
1274 4177 1637 4243 precantem,
1688 4170 1878 4228 multa
1930 4171 2108 4225 etiam

457 4258 613 4316 dona
630 4266 692 4315 ut
709 4260 1557 4333 dimittereturpromittentem
1573 4260 2110 4316 detinet.Samonas

460 4364 595 4403 cum
624 4349 969 4406 missionem
999 4367 1120 4406 non
1150 4350 1516 4424 impetraret,
1549 4351 1864 4424 prmtendit
1901 4367 1962 4404 se
1994 4349 2107 4404 voti

461 4454 637 4494 causa
665 4439 738 4495 ad
787 4440 1169 4496 Sirachanam
1214 4458 1448 4496 crucem
1480 4441 1794 4513 proﬁcisci.
1829 4439 1939 4494 Sed
1971 4455 2108 4494 eum

460 4528 883 4584 Constantinus
933 4528 1250 4585 Andronici
1290 4531 1462 4584 Ducas
1497 4529 1653 4584 illius
1685 4527 2108 4601 superveniens

463 4633 663 4674 secum
706 4618 915 4689 Cpolin
965 4617 1227 4674 abducit.
1283 4618 1394 4674 Leo
1435 4619 1751 4674 Samonam
1796 4618 1857 4674 in
1908 4616 2108 4672 Bardaa

459 4703 704 4759 Ctesaris
731 4704 906 4760 domo
926 4704 988 4760 in
1011 4703 1277 4760 custodio
1300 4705 1788 4777 asservarijubet.
1811 4707 2104 4762 Constan-

459 4791 607 4856 tino,
648 4808 718 4846 ex
759 4808 874 4863 quo
913 4792 1197 4848 didicerat
1244 4798 1412 4850 extra
1458 4793 1922 4849 controversiam
1972 4807 2102 4848 esse

457 4881 614 4953 quod
647 4881 932 4937 Samonas
965 4881 1024 4936 in
1056 4881 1390 4936 Melitenam
1424 4882 1762 4952 tranfugere
1806 4880 2098 4936 intendis-

453 4977 563 5037 set,
596 4969 840 5028 mandat
869 4971 952 5026 uti
985 4970 1096 5026 hoc
1134 4970 1192 5026 in
1229 4976 1441 5026 senatu
1479 4969 1832 5036 dissimulet,
1869 4974 1926 5025 et
1965 4985 2100 5026 eum

452 5060 755 5118 Siracham
784 5061 899 5116 voti
933 5077 1111 5117 causa
1130 5059 1422 5133 proficisci
1456 5059 1713 5116 voluisse
1733 5059 1891 5116 dicat
1919 5075 1932 5113 :
1961 5075 2100 5114 nam

449 5152 679 5208 veniam
698 5152 1008 5207 Samonam
1023 5151 1307 5222 consequi
1325 5149 1872 5207 volebat.Postridie
1890 5153 2100 5204 senatu

449 5242 734 5299 advocato
769 5241 1224 5298 Constantinum
1256 5241 1318 5296 in
1353 5239 1614 5296 medium
1646 5239 1905 5309 adducit,
1931 5239 2101 5310 jura-

449 5334 693 5404 tumque
715 5348 823 5404 per
852 5332 1038 5388 Deum
1063 5337 1121 5386 et
1141 5329 1514 5402 imperatoris
1543 5329 1720 5386 vitam
1755 5330 2098 5401 interrogat.

2216 3449 2371 3512 νῦσας
2433 3454 2507 3522 νῷ
2594 3447 2856 3525 βασιλεῖ,
2938 3447 3304 3527 διαφερόντως
3376 3452 3694 3523 τιαώμενες
3768 3449 3830 3518 τῷ

2225 3537 2448 3612 βσιλεῖ.
2530 3538 2762 3608 ἰξελθεῖν
2835 3537 2888 3593 ἐν
2943 3542 3012 3613 τῇ
3083 3539 3252 3596 αὐτοῦ
3340 3544 3493 3615 μ’»νῇ
3542 3535 3823 3619 προφασισέ

2221 3646 2383 3699 μενος
2411 3629 2558 3704 φυγῇ
2606 3627 2882 3702 ἐχρήσατο
2933 3629 3045 3699 ἅμα
3083 3631 3337 3702 χρήμασι
3367 3631 3467 3684 καὶ
3523 3629 3609 3684 καὶ
3655 3629 3820 3686 ἵπποις

2216 3715 2342 3777 τοὺς
2399 3711 2450 3769 ἓν
2517 3715 2726 3788 ἑκάστῳ
2783 3721 3009 3789 σταθμῷ
3093 3711 3396 3790 δημοσίους
3496 3717 3692 3779 ἳππους
3756 3716 3834 3788 ἆγ-

2217 3807 2540 3860 κυΛοκοπῶν
2597 3807 2706 3877 (29)
2750 3849 2765 3864 .
2821 3803 3176 3862 Ἀποστέλλει
3257 3807 3350 3860 οὖν
3384 3850 3398 3873 ,
3492 3808 3522 3862 6
3618 3801 3833 3881 βασιλευς

2216 3890 2542 3963 καταδιῶεαι
2654 3893 2812 3948 αὐτὸν
2921 3891 3208 3951 Βασιλειον
3301 3895 3688 3971 ἒταιρειάρχην
3761 3891 3833 3945 τὸν

2221 3983 2560 4058 Καματηρὸν
2645 3982 2733 4036 καὶ
2829 3982 2920 4036 τὸν
3008 3980 3278 4056 Κρηνίτην
3359 3984 3655 4061 Γεώργιον.
3717 3975 3828 4044 Ἤδη

2220 4067 2277 4125 δὲ
2331 4072 2424 4125 τὸν
2479 4067 2646 4127 Ἀλυν
2702 4067 3045 4146 διαπερῶντα
3103 4070 3196 4125 τὸν
3255 4077 3535 4145 Σαμωνᾶν
3600 4061 3829 4126 κατέλαϐε

2220 4161 2531 4240 Νικηφόρυς
2589 4157 2945 4236 δρουγγάριος
3028 4161 3056 4215 6
3125 4161 3395 4234 Καμινᾶς,
3456 4162 3548 4216 καὶ
3606 4162 3829 4231 κατέσχεν

2220 4250 2522 4306 ἶκετεοόοντα
2567 4248 2752 4305 πολλὰ
2803 4249 2890 4304 καὶ
2941 4249 3380 4325 ὕπισχνούμενον
3447 4248 3656 4309 δώσειν.
3712 4243 3834 4305 Ἐπεί

2221 4337 2278 4396 δὲ
2335 4338 2433 4395 οὐκ
2479 4333 2708 4410 ἔπειθεν,
2771 4337 2847 4400 εἷς
2904 4340 2997 4394 τὸν
3054 4337 3106 4394 ἐν
3159 4344 3240 4412 τῷ
3302 4345 3514 4416 Σιρακᾷ
3555 4335 3834 4415 καταφεῦγει

2220 4431 2447 4505 σταυρὸν
2516 4427 2686 4504 εὐχῆς
2745 4428 2909 4502 χάριν
2983 4426 3305 4499 ἐληλνθέναι
3365 4425 3830 4510 προφασισίμενυς.

2218 4516 2429 4582 Ἐλθὼν
2509 4517 2601 4572 οὗν
2661 4519 3063 4579 Κωνσταντῖνος
3123 4518 3151 4572 6
3207 4520 3305 4572 τοῦ
3363 4517 3716 4593 Ἀνδρονίκου
3755 4515 3831 4566 τοῦ

2219 4607 2422 4670 Δουκὸς
2451 4606 2566 4670 υἱὸς
2597 4606 2686 4660 καὶ
2741 4610 2934 4662 τοῦτον
2963 4601 3251 4662 ἀναλαϐὼν
3312 4603 3366 4661 ἐν
3423 4610 3494 4680 σῇ
3555 4606 3725 4671 πόλει,
3751 4601 3829 4657 ὐπ-

2218 4693 2491 4771 ἑστρεψεν.
2525 4693 2892 4753 Εἱσελθόντων
2944 4693 3000 4751 δὲ
3039 4693 3090 4751 ὲν
3149 4699 3218 4771 τῇ
3274 4692 3828 4756 κωνσταντινουπόλει,

2136 4759 2182 4822 D
2210 4759 2434 4860 tav'p‘év
2467 4782 2522 4840 ἐν
2553 4783 2622 4859 τῇ
2667 4788 2764 4840 τοῦ
2794 4787 3066 4860 Καίσαρος
3096 4759 3217 4841 τοῢΓ
3253 4783 3431 4860 Βάρδα
3486 4785 3632 4858 οἱκίᾳ
3657 4780 3830 4860 φυλατ-

2210 4876 2389 4930 τεσθαι
2447 4872 2766 4947 προσέταξεν
2823 4875 2851 4928 6
2913 4874 3187 4949 βασιλεὺς,
3251 4875 3638 4947 Κωνσταντὶνῳ
3692 4869 3744 4928 δὲ
3769 4869 3830 4938 τῷ

2212 4963 2373 5020 Δουκὶ
2407 5009 2424 5035 ,
2478 4962 2696 5037 ἐπείπερ
2755 4961 3194 5041 ἐπληροιρορήθη
3257 4966 3332 5029 ὡς
3389 4971 3509 5028 ταῖς
3574 4961 3826 5034 ἀληθείαις

2208 5053 2562 5131 προσφεύγωι
2589 5053 2656 5122 ἧν
2714 5051 2765 5108 ἐν
2826 5053 3108 5129 Μελιτηνῇ
3141 5057 3170 5111 6
3203 5061 3492 5130 Σάμωνᾶς,
3523 5051 3826 5133 παρήγγειλε

2214 5144 2288 5216 μὴ
2321 5148 2481 5199 τοῦτο
2511 5141 2743 5198 ἐνώπιον
2779 5151 2882 5215 τῆς
2916 5144 3225 5219 συγκλήτου
3274 5145 3467 5214 εἶπεῖν,
3500 5145 3630 5202 ἀλλ’
3665 5145 3740 5200 ὅτι
3764 5141 3826 5208 τῷ

2209 5236 2425 5309 Σιραχᾷ
2451 5231 2611 5308 χάριν
2667 5232 2839 5310 εὐχῆς
2897 5233 3082 5308 ἀπῄει·
3144 5228 3407 5291 ἐϐούλετο
3456 5236 3562 5312 γὰρ
3612 5230 3826 5308 συγγνώα

2213 5344 2324 5396 μης
2364 5326 2556 5378 τοῦτον
2596 5328 2803 5398 τυχεῖν.
2854 5323 3058 5380 Ἐωθεν
3108 5321 3167 5380 Si
3217 5323 3717 5401 προσκαλεσάμενος
3741 5318 3821 5386 τήν

1679 5429 1993 5484 XYLADRI
2032 5427 2118 5482 ET
2156 5423 2373 5480 GOARI
2410 5423 2633 5479 ΝΟΤᾹΞ.

538 5528 630 5598 29)
668 5530 887 5600 Nempe
915 5535 982 5585 ut
1013 5529 1102 5585 sui
1149 5527 1504 5600 insequendi
1537 5533 1716 5600 atque
1746 5545 1817 5584 ex
1849 5528 1982 5595 fuga
2013 5544 2108 5583 re-

448 5600 722 5654 trahendi
745 5601 1226 5656 commoditatem
1249 5601 1625 5671 imperatoris
1650 5601 1936 5656 ministris
1958 5617 2100 5671 prmo

447 5671 690 5744 riperet.
721 5671 860 5726 XvL.
893 5701 962 5712 ——-
992 5673 1171 5744 Magis
1199 5671 1423 5744 arridet
1452 5672 1621 5728 uncis
1647 5673 1738 5728 vel
1758 5672 1932 5729 ferris
1965 5687 2102 5728 acu-

445 5739 524 5800 tii
551 5739 737 5814 pedes
765 5747 827 5801 et
850 5739 1112 5814 ungules'
1126 5742 1460 5817 perforasse
1481 5759 1661 5820 quam
1681 5759 1892 5804 nervos
1922 5759 2100 5819 equo-

2217 5537 2350 5604 rum
2386 5521 2722 5610 isamolnam
2754 5522 3149 5610 ,prazcidisse;
3198 5523 3392 5609 fugam
3450 5525 3608 5582 enirn
3663 5523 3817 5610 latere

2209 5593 2504 5722 Eupiebat,
2537 5600 2596 5650 et
2617 5612 2722 5651 vox
2743 5593 3107 5670 ἀῇκυλοκοπῶ
3136 5614 3171 5656 a
3200 5593 3480 5656 scissione
3512 5605 3602 5655 est
3629 5597 3814 5653 aliena.

2257 5682 2387 5723 om.
