4056 6276
465 419 619 485 1155

464 665 658 714 suum,
687 646 844 718 quod
865 663 1042 717 prope
1066 645 1268 702 fanum
1295 647 1710 717 Apostolorum
1743 649 2109 718 condiderat,

466 739 884 808 imperatorem
915 736 1196 802 invitavit,
1219 742 1283 790 ut
1307 736 1662 792 dedicationi
1699 740 1826 810 ejus
1859 745 1914 793 et
1935 755 2112 809 pran-

466 827 562 882 dio
594 828 924 882 interesset.
953 826 1034 879 lbi
1064 827 1258 880 subito
1279 827 1598 881 vehemens
1621 829 1850 882 Africus
1875 835 2112 883 exortus

462 917 649 972 multa
695 916 994 971 concussit
1041 915 1292 970 mditicia
1348 917 1740 988 hominesque
1799 919 2108 982 exterruit,

458 1006 606 1063 adeo
637 1013 702 1060 ut
729 1023 943 1060 omnes
973 1004 1248 1061 domibus
1280 1005 1503 1060 relictis
1534 1006 1641 1059 sub
1688 1005 1851 1061 dium
1899 1008 2107 1078 profu-

456 1097 666 1170 gerint.
708 1095 901 1149 Imber
929 1101 1128 1149 autem
1152 1095 1393 1149 obortus
1427 1111 1554 1149 eam
1590 1095 1912 1165 procellam
1943 1097 2107 1150 seda-

453 1191 554 1244 vit.
602 1193 822 1245 Rursus
878 1187 1066 1242 classe
1124 1189 1526 1256 Agarenorum
1571 1192 1776 1240 contra
1807 1187 2102 1240 Romanos

455 1285 746 1352 provecta,
783 1293 902 1330 sum
946 1275 1487 1345 classi‘imperator
1535 1274 1863 1329 Himerium
1909 1274 2100 1329 dromi

451 1367 810 1440 logothetam
845 1365 1112 1436 praeficit,
1157 1364 1329 1433 eique
1376 1362 1648 1434 adjungit
1699 1362 2100 1417 Andronicum

455 1458 696 1512 Ducam.
731 1455 832 1509 Hic
866 1453 1170 1518 Samonas,
1203 1453 1301 1523 qui
1353 1452 1509 1523 quod
1539 1469 1572 1507 a
1600 1453 1982 1506 Constantino
2027 1468 2098 1507 ex

450 1547 604 1618 fuga.
635 1551 704 1600 ut
733 1543 1211 1607 monstravimus,
1246 1549 1536 1597 retractus
1567 1541 1778 1608 fuerat,
1813 1541 2094 1611 implaca-

449 1635 568 1690 bile
600 1636 660 1689 in
692 1636 881 1689 Ducas
912 1632 1113 1688 odium
1137 1631 1396 1704 gerebat,
1423 1629 1740 1701 quemdam
1774 1630 2096 1685 Andronici

450 1724 833 1779 familiarium
867 1722 1172 1789 subornat,
1207 1721 1378 1791 eique
1413 1719 1732 1790 persuadet
1757 1724 1822 1773 ut
1864 1719 2094 1774 occulte

449 1813 857 1870 Andronicum
892 1827 995 1882 per
1045 1810 1271 1864 litteras
1321 1814 1558 1864 moneat
1607 1825 1680 1863 ne
1729 1808 1924 1862 navim
1951 1824 2096 1862 con-

449 1902 730 1959 srendat:
777 1918 916 1955 nam
950 1901 1391 1969 imperatorem,
1423 1915 1457 1953 a
1485 1899 1742 1953 Samona
1780 1913 1848 1952 eo
1896 1903 2063 1968 petra

448 1991 896 2047 ctum.Himerio
921 1990 1104 2059 ipsius
1121 1987 1454 2043 exczecandi
1474 1987 1817 2042 mandatum
1837 1985 2093 2053 dedisse,

446 2088 505 2137 et
535 2080 909 2136 Andronicus
943 2078 1155 2132 litteris
1195 2078 1265 2131 iis
1297 2076 1554 2148 acceptis
1589 2075 1782 2130 noluit
1817 2091 1952 2130 cum
2001 2075 2094 2129 Hi-

443 2169 630 2226 merio
665 2169 723 2222 in
748 2168 971 2222 bellum
997 2165 1099 2219 ire.
1130 2166 1422 2220 Himerius
1446 2165 1643 2234 itaque
1667 2164 1830 2218 solus
1853 2169 2092 2219 coactus

445 2267 533 2314 est
579 2263 744 2312 sexta
794 2255 1064 2310 Octobris
1102 2253 1195 2307 die
1247 2271 1381 2307 cum
1431 2253 1702 2308 hostibus
1750 2252 2092 2324 confligere,

445 2363 666 2416 eosque
697 2344 910 2399 devicit
941 2348 999 2398 et
1029 2342 1342 2397 interfecit.
1371 2343 1494 2406 Quo
1517 2341 1772 2413 cognito.
1806 2340 2094 2396 Androni-

444 2454 547 2494 cus
578 2435 910 2505 desperatis
945 2433 1067 2486 suis
1109 2430 1284 2486 rebus
1316 2447 1383 2485 ac
1414 2429 1761 2491 convasatis,
1795 2445 1929 2483 cum
1977 2445 2089 2481 ne-

438 2523 718 2581 cessariis
751 2539 816 2576 ac
847 2522 1029 2575 servis
1062 2520 1184 2573 suis
1216 2519 1525 2574 castellum
1550 2517 1850 2588 quoddam
1884 2518 2083 2572 I061

443 2612 749 2684 occupavit
780 2625 958 2681 supra
981 2607 1244 2662 Iconium
1277 2607 1479 2666 situm,
1513 2605 1787 2660 Cabalam
1823 2605 2086 2670 nomine,

439 2708 497 2758 et
537 2701 610 2757 ad
656 2700 1046 2756 defectionem
1078 2695 1381 2767 spectavit.
1417 2697 1490 2750 At
1533 2695 1820 2750 Samonas
1851 2699 2088 2763 arrepta

434 2791 743 2849 occasione
779 2805 898 2844 non
923 2787 1098 2842 desiit
1126 2786 1544 2856 imperatorem
1569 2783 1764 2837 verbis
1787 2783 2085 2838 concitare

432 2887 614 2951 atque
646 2880 920 2934 irritare:
970 2893 1030 2931 se
1081 2875 1305 2930 dudum
1363 2874 1625 2928 sensisse
1677 2872 2087 2928 Andronicum

434 2970 828 3026 defectionem
879 2965 1192 3038 parturire,
1226 2970 1284 3018 et
1314 2979 1442 3017 esse
1473 2963 1602 3033 ejus
1647 2961 1885 3014 conatui
1930 2967 2088 3015 ante-

434 3057 814 3114 vertendum:
840 3057 1261 3126 imperatorem
1284 3050 1619 3107 cunctando
1643 3049 1927 3120 optimam
1952 3050 2084 3120 ejus

437 3149 521 3204 rei
555 3147 924 3202 occasionem
971 3141 1287 3207 aimisisse,
1321 3145 1496 3209 athe
1523 3139 1604 3193 ita
1643 3137 1875 3193 hostem
1907 3154 1938 3191 e
1968 3154 2084 3192 ma-

434 3237 608 3293 nibus
640 3234 912 3289 evasisse.
948 3231 1059 3287 Sed
1109 3229 1193 3284 vel
1229 3229 1313 3282 sic
1343 3227 1569 3298 aliquid
1614 3226 1972 3292 conandum,
2006 3243 2080 3281 ne

434 3326 592 3396 quod
625 3324 694 3378 ab
725 3339 792 3377 eo
817 3320 1134 3390 accipiatur
1159 3292 1464 3371 damnum:
1501 3317 1617 3369 Hoc
1640 3317 1808 3384 quasi
1834 3315 2076 3369 stimulo
2114 3292 2155 3359 (ἶ

429 3415 711 3470 incitatus
744 3412 853 3464 Leo
896 3407 1204 3461 lberitzam
1236 3406 1551 3475 Gregoram
1603 3404 1940 3458 scholarum
1971 3404 2078 3457 do-

428 3500 742 3558 mesticum
762 3503 820 3550 et
838 3493 1157 3548 Andronici
1179 3491 1419 3545 afﬁnem
1437 3506 1568 3544 cum
1591 3490 1780 3542 valido
1816 3493 2075 3544 exercitu

429 3594 634 3646 contra
669 3583 1076 3641 Andronicum
1121 3579 1356 3635 emittit.
1408 3578 1784 3633 Andronicus
1831 3577 1928 3631 ubi
1964 3579 2074 3632 hoc

430 3679 687 3742 rescivit,
731 3683 790 3731 et
847 3673 1151 3729 Nicolaum
1201 3669 1621 3742 patriarcbam.
1662 3684 1779 3738 quo
1821 3667 2074 3722 maxime

430 3778 559 3828 erat
587 3770 789 3834 frctus,
823 3763 1076 3820 ecclesia
1115 3763 1368 3832 cjectum
1403 3775 1553 3822 esse,
1605 3757 1824 3812 Gabala
1871 3757 2078 3812 relicta

428 3861 503 3917 ad
533 3862 830 3928 Agarenos
864 3871 996 3910 cum
1032 3851 1310 3907 omnibus
1342 3849 1465 3902 suis
1493 3847 1784 3918 profugit;
1821 3863 2076 3918 eumque

425 3963 807 4006 amermunes
838 3943 1169 4000 honorifice
1194 3939 1511 3995 admodum
1546 3938 1793 4008 accepit.
1823 3939 2078 4009 Impera-

424 4047 516 4096 tor
548 4055 721 4111 porro
770 4041 1056 4106 reputans
1103 4037 1392 4103 quantum
1440 4030 1553 4083 isto
1602 4029 1820 4083 amisso
1863 4027 2077 4083 ducem

427 4129 726 4186 amisisset
757 4131 815 4181 et
846 4124 1077 4196 qualem
1102 4127 1260 4176 esset
1289 4119 1601 4174 habiturus
1633 4118 2074 4185 hostem,animi

429 4217 775 4291 angebatur.
808 4221 866 4269 et
887 4210 1184 4283 quomodo
1216 4225 1352 4264 eum
1383 4207 1694 4262 reduceret
1723 4206 1794 4261 ad
1827 4223 1966 4262 suos
1987 4224 2080 4262 co-

426 4309 672 4382 gitabat.
713 4304 1062 4362 Scribuntur
1113 4299 1352 4355 tandem
1399 4298 1609 4352 litterae
1660 4295 2075 4368 imperatoriae,

429 4398 646 4471 quibus
694 4393 1028 4450 Andronico
1059 4395 1117 4446 et
1147 4389 1505 4444 offensarum
1546 4387 1814 4441 omnium
1859 4385 2076 4441 oblivio

433 4494 490 4542 et
521 4486 745 4542 reditus
791 4483 1032 4538 domum
1067 4485 1125 4533 et
1153 4477 1406 4548 pristina
1454 4474 1710 4546 dignitas
1759 4480 1935 4544 atque
1958 4475 2078 4530 for-

431 4581 591 4633 tuna;
615 4581 672 4630 et
707 4574 1023 4628 innumera
1070 4567 1227 4622 dona
1275 4582 1342 4620 ac
1389 4561 1680 4618 beneficia
1724 4563 2074 4619 offeruntur.

1817 425 2134 490 GEORGII
2176 426 2511 493 CEDRENI

531 559 702 616 Junio
737 572 939 612 mense
972 556 1396 612 Constantinus
1421 555 1557 613 Afer
1583 556 1644 613 in
1674 559 2104 615 monasterium
2140 562 2189 627 Α

3685 436 3811 512 1156

2292 558 2504 632 ’ῐουνίῳ
2565 559 2621 618 δὲ
2705 563 2836 634 μηνὶ
2902 562 3256 639 προσεκλήθη
3309 563 3454 621 Λέων
3508 567 3536 621 6
3602 565 3814 639 βασιλεὺς

2215 653 2360 724 παρὰ
2419 652 2818 709 Κωνσταντίνου
2862 652 2958 708 τοῦ
3020 650 3184 716 Λιϐὸς
3242 654 3317 714 είς
3372 656 3470 721 τήν
3528 675 3812 730 καινουργη-

2215 741 2390 795 θεῖσαν
2423 745 2546 817 παρ’
2578 743 2742 797 αὖτοῦ
2782 744 2958 813 μονὴν
2999 738 3176 818 ἔγγιον
3221 749 3325 798 τῶν
3356 744 3554 818 Ἀγίων
3583 745 3811 800 Ἀποστό·

2215 827 2350 891 λων,
2387 828 2468 908 ἐφ’
2521 830 2566 902 ᾧ
2624 831 2690 884 τὰ
2746 828 2984 904 ἐγκαὲνια
3034 830 3333 888 ἐπιτελέσαι
3394 831 3484 885 καὶ
3543 831 3812 903 ἀριστῆσαι.

2211 917 2492 993 Ἑξαῖφνης
2550 917 2639 973 οὖν
2709 912 2956 973 ἕπνευσεν
3015 921 3210 992 ἄνεμος
3278 919 3375 994 λῖψ
3451 919 3670 998 σφοδρὸς
3738 922 3811 975 καὶ

2215 1005 2504 1062 συνέσεισεν
2561 1004 2857 1079 οἷκοδομὶς
2915 1005 3154 1077 πολλὰς,
3207 1009 3296 1063 καὶ
3355 1008 3662 1082 συνετάραξε
3709 1009 3810 1072 τοὺς

2213 1096 2528 1170 ἀνθρώπους
2585 1097 2674 1152 καὶ
2731 1093 3082 1176 ἐξεφόϐησεν,
3147 1099 3222 1161 ὡς
3277 1098 3480 1160 πάντας
3529 1099 3724 1176 φεύγειν
3766 1099 3810 1154 ἐκ

2209 1190 2317 1239 τῶν
2351 1184 2543 1240 οἶκιῶν
2576 1185 2650 1247 εἰς
2679 1186 2745 1241 τὰ
2774 1186 3026 1259 ὕπαιθρα.
3086 1182 3334 1260 Ὄμϐρος
3363 1185 3412 1241 δ’
3469 1187 3806 1261 ἐπιγενόμενος

2208 1268 2399 1344 ἔστησε
2460 1277 2558 1341 τὴν
2625 1274 2884 1345 tom-3th
2959 1273 3246 1349 καταιγίδα
3283 1320 3296 1332 .
3361 1277 3576 1332 Στόλου
3633 1273 3682 1331 δὲ
3724 1282 3812 1331 τῶν

2209 1363 2526 1437 Ἀγαρηνῶν
2579 1365 2715 1420 κατᾶ
2773 1364 3060 1438 Ῥωμαίων
3121 1365 3450 1437 ἐξελθόντος,
3513 1367 3542 1420 6
3592 1365 3812 1440 βασιλεὺς

2205 1452 2439 1525 Ἱμέριον
2485 1454 2576 1508 τὸν
2637 1451 2932 1528 λογοθέτην
2987 1458 3084 1508 τοῦ
3139 1452 3348 1531 δρόμου
3407 1455 3709 1530 ἀρχηγὲτην
3733 1460 3810 1508 τοῦ

2202 1544 2516 1613 Ῥωμαῖκοῦ
2572 1544 2868 1612 κατέστησε
2925 1543 3143 1600 στόλου.
3232 1546 3585 1624 Προσετέχθη
3649 1541 3702 1599 δὲ
3746 1546 3819 1599 καὶ

2205 1626 2546 1702 Ἀνδρόνικος
2575 1631 2604 1684 6
2635 1630 2765 1700 Δοὺξ
2807 1628 3164 1695 συνεισελθεῖν
3220 1631 3368 1703 αὐτῷ
3427 1632 3521 1686 καὶ
3577 1631 3817 1706 ἀγωνίσα-

2204 1719 2325 1772 σθαι
2381 1720 2516 1773 κατὰ
2570 1722 2678 1774 τῶν
2736 1721 3074 1794 ’Λγαρηνῶν,
3131 1721 3188 1773 Ὀ
3246 1717 3303 1775 δὲ
3337 1727 3609 1793 Σαμωνᾶς
3633 1724 3816 1783 τῷτῶν

2202 1812 2420 1862 Δουκῶν
2450 1808 2590 1882 γένει
2631 1807 3041 1870 ἀκατάλλακτος
3091 1807 3166 1862 ὢν
3218 1808 3420 1884 ἐχθρὸς
3467 1807 3558 1864 δια
3584 1811 3676 1876 τὴν
3701 1810 3824 1881 παρὰ

2200 1899 2296 1950 τοῦ
2375 1896 2771 1952 Κωνσταντίνου
2847 1897 3195 1972 κατάσχεσιν,
3283 1899 3504 1960 ὑποθείς
3586 1919 3686 1952 τινι
3735 1903 3820 1951 τῶν

2205 1983 2558 2058 Ἀνδρονίκου
2618 1984 2794 2062 φίλων
2853 1981 3031 2041 ἔπεισε
3084 1986 3286 2059 γράψαι
3347 1985 3630 2061 λαθραίως
3686 1988 3753 2058 μή
3781 1985 3822 2040 ἐν

2198 2081 2314 2136 τοῖς
2373 2075 2592 2138 πλοίοις
2670 2074 2956 2144 εἰσελθεῖν,
3013 2079 3110 2130 τοῦ
3178 2075 3422 2149 Ἱμερίου
3487 2073 3826 2152 παρέγγελμα

2197 2158 2420 2241 ἔχοντος
2454 2161 2514 2218 ἐκ
2551 2161 2816 2238 βασιλέως
2851 2158 3102 2236 ὑποϐολῇ
3133 2168 3230 2219 τοῦ
3282 2171 3531 2236 Σαμωνᾶ
3573 2161 3820 2240 ἐκτυρλῶ-

2198 2272 2285 2305 σαι
2341 2252 2495 2306 αὖνόν
2532 2297 2545 2310 .
2601 2257 2686 2313 Ὡς
2746 2250 2834 2305 οὖν
2888 2248 3102 2322 ἐδέξατὸ
3161 2253 3396 2327 γράμμα
3431 2297 3447 2323 ,
3531 2254 3631 2309 οὐκ
3684 2251 3820 2320 ἤθελε

2195 2345 2273 2412 τῷ
2321 2341 2538 2413 Ἱμερίῳ
2596 2339 2972 2403 συνεισελθεῖν.
3036 2342 3128 2396 Διὸ
3178 2341 3267 2396 καὶ
3319 2343 3488 2415 μόνος
3532 2343 3818 2416 ἠναγκάσθη

2193 2429 2330 2482 κατὰ
2361 2429 2458 2498 τήν
2511 2433 2554 2491 ς’
2607 2433 2704 2482 τοῦ
2764 2423 3102 2502 Ὀκτωϐρίου
3159 2430 3330 2502 μηνὸς
3387 2427 3697 2503 συμϐαλεῖν
3724 2435 3820 2490 τοῖς

2193 2515 2435 2591 ἐχθροῖς.
2499 2517 2599 2574 Καὶ
2657 2513 2955 2590 συμϐαλὼν
3011 2516 3271 2592 ἐτρέψατο
3329 2519 3472 2574 κατὰ
3528 2520 3721 2594 κράτος
3749 2517 3823 2572 καὶ

2192 2606 2436 2682 ἠφάνισε.
2487 2608 2571 2679 [Ρ.
2631 2609 2756 2678 603]
2809 2609 2984 2662 Τοῦτο
3043 2608 3229 2680 μαθὼν
3287 2609 3315 2663 ὀ
3351 2607 3704 2684 Ἀνδρόνικος
3752 2610 3825 2661 καὶ

2190 2701 2306 2758 τοῖς
2365 2695 2519 2757 ὅλοις
2551 2695 2884 2770 ἀπεγνωκὼς
2945 2698 3414 2770 συσκευασάμενος
3483 2698 3602 2771 ἅμα
3661 2717 3828 2771 συγγε-

2187 2785 2296 2839 νέσι
2328 2784 2415 2839 καὶ
2449 2782 2670 2845 δούλοις
2700 2785 2870 2839 αὐτοῦ
2903 2783 3152 2849 ἀπελθὼν
3185 2785 3417 2862 κατέσχε
3479 2809 3536 2842 τι
3588 2785 3824 2860 φρούριον

2189 2877 2391 2931 ἄνωθει
2441 2879 2537 2931 τοῦ
2587 2877 2816 2933 Ἰκονίου
2851 2873 3213 2948 διακειμενον,
3263 2878 3293 2932 ὂ
3327 2872 3594 2934 Καϐἁλαν
3627 2877 3821 2948 ὠνόμα-

2191 2970 2302 3034 ζον,
2355 2965 2444 3019 καὶ
2504 2964 2579 3026 είς
2637 2965 2968 3019 ἀποστασίαν
3025 2959 3270 3039 ἔϐλεψιν.
3333 2965 3448 3022 Οὐκ
3506 2966 3640 3022 ἀνίει
3707 2962 3750 3019 δ’
3799 2965 3821 3016 ὁ

2187 3059 2450 3125 Σαμωνᾶς
2507 3054 2761 3128 ἀφορμῆς
2822 3050 3153 3126 δραξάμενος
3227 3055 3320 3109 καὶ
3372 3056 3688 3130 παροξῦνων
3743 3053 3821 3106 καὶ

2184 3144 2561 3218 συνταράσσων
2589 3144 2680 3198 τὸν
2717 3143 2962 3218 βασιλέα,
2996 3144 3087 3198 καὶ
3123 3143 3327 3220 λέγων,
3363 3144 3436 3207 ὡς
3492 3145 3632 3221 Ἐγὼ
3664 3141 3818 3198 πάλαί

2183 3235 2592 3304 κατανενοήκειν
2642 3234 2728 3287 νόν
2817 3231 3148 3294 ἄνθιωπιιν.
3212 3233 3300 3288 καί
3372 3234 3449 3296 ὡς
3502 3233 3814 3290 ἀποστασίαν

2189 3319 2368 3376 ὡδίνει
2400 3323 2486 3376 καὶ
2540 3323 2614 3384 ὡς
2645 3323 2756 3396 χρὴ
2793 3316 3227 3396 προκαναλαϐεῖν
3281 3323 3376 3384 τὰς
3432 3323 3615 3396 ὁρμὰς
3655 3321 3820 3376 αὑτοῦ.

2187 3411 2340 3467 Ἐπεὶ
2387 3409 2444 3465 δέ
2500 3415 2568 3482 τῇ
2623 3413 2690 3483 σῇ
2744 3409 3032 3483 μελλήσει,
3068 3411 3112 3464 ὦ
3147 3410 3394 3485 βασιλεῦ,
3452 3417 3705 3487 παρεῖται
3736 3409 3818 3480 μὲν

2190 3501 2219 3554 6
2276 3497 2588 3568 ἐπιτήδειος
2670 3500 2758 3553 καὶ
2847 3499 3040 3573 ῥᾷστος
3130 3501 3221 3553 καὶ
3296 3499 3479 3576 ᾤχετο
3542 3501 3602 3556 ἐκ
3658 3501 3814 3572 μέσων

2190 3590 2350 3660 ἡμῶν
2380 3593 2488 3643 τῶν
2514 3594 2714 3662 χειρῶν
2750 3589 2778 3642 6
2808 3587 3076 3662 πολέμιος
3102 3590 3193 3643 τὸν
3250 3587 3505 3662 δεύτερον
3535 3589 3630 3646 κᾶν
3661 3587 3813 3643 πλοῦν

2189 3677 2470 3750 ποιητέον,
2507 3681 2581 3753 μή
2623 3679 2712 3734 καὶ
2774 3681 2914 3752 λάθῃ
2973 3676 3170 3753 δράσας
3229 3699 3280 3733 τι
3315 3677 3532 3750 μᾶλλον
3566 3680 3598 3748 ἧ
3633 3678 3814 3741 παθών.

2189 3767 2418 3832 Τούτοις
2473 3774 2590 3831 τοῖς
2637 3767 2829 3845 λόγοις
2889 3767 3070 3842 ὥσπερ
3127 3768 3236 3823 τινὶ
3289 3767 3569 3842 πλήκτρῳ
3601 3765 3813 3842 νυγεῖςὸ

2195 3856 2447 3932 βασιλεὺς
2501 3859 2596 3912 τὸν
2653 3852 2963 3930 Ἰϐηρίτζην
3022 3862 3329 3931 Γρηγορᾶν,
3362 3854 3692 3928 δομέστικον
3722 3859 3811 3908 τῶν

2191 3945 2414 4021 σχολῶν
2445 3946 2534 4000 καὶ
2568 3943 2833 4014 κηδεστήν
2886 3943 3236 4020 Ἀνδρονίκου
3289 3945 3656 4020 τυγχάνοντα,
3702 3942 3811 4015 μετά

2191 4031 2472 4106 δυνάμεως
2502 4032 2694 4106 ἀνδρᾶς
2744 4032 3072 4088 ἀποστέλλει
3102 4035 3216 4089 κατ’
3255 4030 3633 4107 ’Δνδρονίκου.
3665 4033 3809 4101 Ὅπερ

2195 4122 2378 4195 μαθὼν
2432 4120 2654 4188 ἐκεῖνος,
2698 4122 2790 4176 καὶ
2839 4122 2915 4185 ὡς
2953 4123 2980 4176 6
3019 4121 3370 4196 πατριάρχης
3429 4120 3703 4182 Νικόλαος
3733 4163 3746 4184 ,
3773 4117 3809 4188 ᾧ

2189 4212 2256 4266 τὰ
2286 4209 2473 4266 πολλᾶ
2520 4209 2754 4285 ἐθαρῥει,
2787 4205 3054 4280 ἐξεϐλήθη
3112 4213 3212 4275 τῆς
3270 4209 3571 4278 ἐκκλησίας
3610 4206 3812 4265 καταλιο

2191 4299 2308 4355 πὼν
2357 4301 2456 4368 τὴν
2523 4295 2775 4354 Καϐαλαν
2843 4299 3061 4354 πανοικῖ
3139 4301 3448 4376 προσὲφυγε
3504 4306 3620 4361 τοῖς
3673 4300 3812 4370 Ἀγα-

2194 4394 2401 4464 ρηνοῖς·
2453 4390 2511 4444 ὅν
2562 4389 2590 4443 6
2642 4387 3040 4462 ἁμερμουμνῆς
3085 4387 3320 4460 ἓντίμως
3375 4388 3463 4442 καὶ
3501 4385 3814 4464 μεγαλοπρε-

2191 4482 2308 4538 πῶς
2367 4474 2600 4550 ἐδέξατο.
2656 4476 3147 4550 Ἀναλογισάμενος
3203 4473 3252 4531 δ’
3308 4478 3337 4532 6
3391 4475 3644 4553 βασιλεὺς
3706 4473 3806 4527 οἷον

2192 4565 2444 4622 ἀπώλεσε
2499 4565 2800 4640 στρατηγὸν
2829 4564 2919 4620 καὶ
2961 4565 3078 4620 οἷον
3107 4562 3242 4636 ἕξειν
3273 4563 3549 4639 πολέμιον
3581 4561 3808 4639 ἔμελλεν,

427 4669 523 4721 Eas
554 4679 725 4720 cereo
770 4659 1012 4714 inclusm
1062 4657 1384 4710 Sarraceno
1417 4652 1675 4720 cuidam,
1707 4669 1738 4706 e
1779 4652 2076 4722 praetoria-

2197 4654 2441 4732 ἤσχαλλε
2499 4655 2591 4710 καὶ
2637 4651 2922 4729 ἐδυσφόρει
2970 4654 3060 4709 καὶ
3106 4655 3310 4729 τρόπον
3370 4653 3548 4726 ἐζήτει
3615 4658 3722 4712 πῶς
3757 4650 3804 4703 ἄν

429 4754 522 4812 nis
554 4751 798 4821 captivis
829 4748 902 4813 ad
935 4761 1235 4802 summum
1269 4743 1526 4799 favorem
1545 4740 1852 4812 producto,
1885 4742 1946 4796 in
1981 4741 2078 4812 Sy.

426 4844 577 4900 riam
602 4837 940 4896 Andronico
973 4833 1331 4906 perfereedae
1355 4831 1689 4886 traduntur.
1723 4829 1928 4884 1008
1956 4830 2080 4885 Dis-

426 4934 736 4990 cedentem
783 4928 1172 4982 Sarracenum
1206 4921 1493 4976 Samonas
1525 4917 1773 4973 seorsim
1820 4917 2078 4988 compel-

425 5025 576 5080 lans.
604 5044 632 5072 «
659 5019 804 5083 Scis,
835 5017 938 5084 ait,
973 5013 1113 5086 quid
1148 5010 1390 5084 portes?
1412 5031 1439 5058 »ι
1464 5024 1658 5064 ceram
1681 5007 2075 5061 innuens.Ne-

423 5113 606 5186 ganti,
642 5132 670 5160 «
703 5110 868 5175 Cera,
901 5103 1115 5175 inquit.
1149 5116 1326 5172 quam
1367 5105 1582 5171 gestas,
1615 5096 1798 5167 Syriaa
1829 5101 1919 5151 est
1949 5095 2075 5150 exi-

425 5204 569 5258 tium
598 5219 611 5268 ;
647 5207 705 5256 et
733 5205 818 5263 tu,
853 5197 900 5251 si
934 5211 1050 5265 qua
1082 5192 1186 5246 tibi
1230 5189 1425 5262 gentis
1455 5193 1513 5242 et
1564 5186 1833 5242 eamdem
1879 5193 2076 5241 tecum

422 5291 772 5364 religionem
817 5285 1142 5342 colentium
1175 5286 1266 5335 est
1306 5293 1468 5341 cura,
1503 5292 1633 5332 eam
1665 5275 1835 5330 veziri
1863 5275 1924 5329 in
1956 5291 2074 5330 ma-

425 5397 536 5436 nus
570 5379 732 5435 trade
780 5399 806 5427 »
839 5373 1294 5432 Promittentem
1328 5370 1409 5423 ita
1429 5368 1723 5423 facturum
1748 5365 1920 5421 donis
1950 5384 2078 5438 pre-

427 5471 596 5526 tiosis
629 5467 940 5541 magniﬁce
991 5471 1082 5520 est
1132 5458 1458 5518 demeritas
1531 5459 1678 5528 Ergo
1710 5457 2076 5515 Carracenus

2187 4745 2345 4800 αὐτὸν
2405 4750 2524 4808 τοῖς
2576 4743 2878 4818 Ῥωμαίοις
2935 4743 3390 4813 ἐπανασώσηται.
3447 4741 3683 4819 Ἐγένετο
3731 4738 3806 4794 οὖν

2184 4833 2416 4906 γράμμα
2477 4829 2759 4906 βασιλικὸν
2809 4830 2982 4885 πᾶσάν
3029 4851 3086 4886 τε
3113 4829 3421 4903 ἀμνηστίαν
3466 4832 3611 4903 αὗτῷ
3652 4830 3807 4884 κακῶν

2187 4920 2576 4994 χαριζόμενον,
2625 4920 2723 4987 τὴν
2777 4917 2962 4974 οἶκαδέ
3010 4940 3068 4974 τε
3126 4919 3458 4996 ἐπιστροφήν
3518 4914 3800 4992 ἐπιτρέπον,

2185 5008 2274 5062 καὶ
2330 5010 2430 5078 τήν
2482 5009 2747 5083 προτέραν
2797 5007 3092 5083 εὐημερίαν
3137 5009 3671 5086 καθυπισχνούμενον
3724 5001 3800 5058 καὶ

2190 5097 2382 5170 μυρίας
2415 5095 2586 5159 ἄλλας
2642 5093 2845 5171 δωρεᾶς
2901 5096 2990 5151 καὶ
3051 5095 3373 5174 εὐεργεσίας·
3435 5100 3562 5173 ὅπερ
3617 5095 3800 5165 ἐλίεαν-

2184 5208 2273 5250 τες
2330 5191 2487 5261 κηρῷ
2547 5183 2792 5258 λαμπάδι
2851 5187 3200 5261 προσεοικότι
3281 5184 3490 5242 διδοῦσί
3558 5207 3659 5243 τινι
3707 5186 3796 5236 τῶν

2188 5281 2522 5350 Σαρακηνῶν
2555 5275 2662 5329 ἀπὸ
2709 5279 2808 5330 τοῦ
2858 5275 3198 5348 πραιτωρίου
3248 5278 3360 5349 (34)
3393 5272 3699 5346 ἐκϐληθέντι
3725 5268 3801 5326 καὶ

2190 5363 2622 5438 μεγαλοπρεπῶς
2674 5362 3126 5443 φιλοφρονηθέντι
3158 5408 3172 5433 ,
3224 5363 3611 5440 ἐπισκήψαντες
3658 5358 3803 5417 ἄπελ-

2186 5455 2297 5510 θεῖν
2330 5453 2381 5508 ἐν
2444 5451 2614 5527 Συρίᾳ
2679 5453 2769 5508 καὶ
2827 5451 3127 5530 ἐγχειρίσαι
3178 5455 3340 5508 τοῦτο
3370 5449 3800 5528 τῷἊνδρονίκῳ.

1595 5574 1957 5631 XYLANDBI
1996 5577 2082 5631 ET
2123 5574 2337 5630 GUARI
2379 5573 2600 5629 NOTAE.

491 5675 605 5750 (34)
638 5674 764 5744 Quo
792 5671 881 5732 rei
923 5671 987 5732 in
1042 5666 1383 5728 carceribus
1430 5681 1543 5724 nec
1597 5679 1719 5724 non
1769 5661 2044 5722 Saraceni
2076 5663 2154 5722 ob
2183 5661 2500 5740 profanam
2559 5661 2906 5734 religionem
2963 5661 3404 5746 detinebantur,
3458 5665 3521 5718 ut
3569 5655 3790 5732 jamjam

419 5763 691 5831 unrth
715 5763 942 5828 metor.
987 5759 1165 5822 Gon.
