4054 6286
266 405 338 468 11
347 404 427 464 5'1

1360 402 1920 470 HISTORIARUM
1960 402 2507 473 GOHPENDIUM.

3511 426 3679 491 1158‘

276 535 613 600 Ἀπελθόντα
635 540 764 613 γοῦν
791 537 885 594 τὸν
913 534 1231 612 Σαρακηνὸν
1281 531 1736 613 προσλαϐομενος
1798 533 1900 629 ῗδίς

2025 539 2295 598 confecto
2326 541 2539 600 itinere
2567 546 2756 603 veziro
2785 564 3022 606 cereum
3065 552 3285 621 tradit;
3316 555 3484 629 isque
3535 575 3672 617 cera

274 627 304 683 6
337 631 624 699 Σαμωνᾶς,
656 652 685 680 ‹‹
717 625 890 688 υἴδας
923 629 953 683 6'
981 630 1271 704 κατέχειςς
1305 653 1333 681 υ
1364 628 1576 702 ἠρώτα,
1607 629 1699 684 τὸν
1753 627 1924 701 κηρὸν

273 715 641 788 αἷνξάμενος.
673 717 915 791 Ἀγνοεῖν
944 715 990 772 δ’
1022 717 1223 772 ἐκείνου
1254 720 1543 797 φήσαντος.
1577 740 1604 769 α
1634 718 1694 779 Ὀ
1742 714 1919 785 δοθείς

273 824 357 859 σοι
411 805 604 878 κηρὸς,
670 806 716 860 ὦ
782 803 963 877 φίλος,
1031 805 1157 884 ἔφη,
1214 809 1314 874 τῆς
1389 805 1586 881 Συρίας
1680 804 1820 861 ἐστὶν
1884 808 1919 876 ἠ

273 891 541 949 ἀπώλειαι
574 893 664 948 καὶ
704 892 757 948 εἷ’
817 915 872 948 τι
923 893 1066 970 κήδῃ
1124 899 1222 950 τοῦ
1279 892 1467 957 ἔθνους
1519 898 1622 950 τοῦ
1678 900 1775 949 σοῦ
1830 897 1921 949 καὶ

271 987 380 1037 τῶν
415 981 755 1056 ὁμοπίστων,
803 985 963 1059 χερσὶ
1017 986 1251 1040 κατάθου
1305 989 1468 1039 τοῦτο
1523 989 1621 1039 τοῦ
1660 985 1856 1058 οὐζῆρ,
1890 1007 1920 1037 ››

269 1072 431 1127 Ὥστε
460 1069 520 1127 δὶ
557 1069 586 1126 δ
616 1079 876 1142 ακονῆσαι
932 1078 1050 1130 τοῖς
1106 1073 1195 1129 ὑπ’
1248 1072 1415 1128 αὐτοῦ
1470 1072 1919 1148 παραγγελθεῖσι,

2033 639 2260 688 remota
2289 634 2518 692 litteras
2550 637 2820 695 inventas
2851 641 3011 714 legit,
3041 650 3098 699 et
3125 656 3403 720 percepta
3434 659 3674 709 senten-

2031 721 2112 775 tia
2142 738 2268 777 rem
2298 740 2727 783 amermumnay
2759 730 3070 802 signiﬁcat.
3109 736 3414 809 Extemplo
3445 742 3678 798 Andro-

2030 810 2202 866 nicus
2232 829 2364 874 cum
2401 815 2523 871 suis
2564 817 2625 871 in
2676 835 2973 876 carcerem
3027 824 3362 897 conjicitur,
3415 830 3512 885 ubi
3575 832 3676 889 diu

2029 916 2275 973 magnas
2307 903 2706 962 toleraverunt
2755 910 3076 978 miserias;
3126 932 3378 985 quarum
3430 921 3673 991 quidam

2030 991 2410 1061 impatientes
2441 993 2616 1049 {idem
2644 998 3037 1057 Christianam
3087 1002 3524 1074 abjuraverunt.
3553 1013 3676 1068 An-

2029 1078 2311 1136 dronicus
2344 1082 2402 1137 in
2435 1099 2669 1140 carcere
2702 1089 2895 1158 periit.

265 1162 356 1218 καὶ
417 1160 618 1237 δώροις
675 1162 838 1217 αὐτὸν
892 1161 1167 1239 γεγίσοοις
1234 1160 1557 1225 πολυτελῶς
1633 1161 2127 1240 ἐφιλοφρονήσατο.
2213 1169 2491 1226 Ἀπελθὼν
2573 1174 2667 1228 οὖν
2739 1176 2767 1231 6
2857 1181 3175 1251 Σαρακηνὸς
3248 1181 3543 1261 ἐνεχείρισε
3593 1196 3673 1265 τῷ

2940 1248 2947 1251 .
3068 1248 3074 1250 ι
3336 1248 3374 1261 ,υ
3426 1248 3435 1261 .
3644 1248 3655 1265 .

267 1253 441 1328 οὗζήρ
499 1255 591 1308 τὸν
644 1252 835 1329 κηρόν·
893 1248 950 1308 ὄν
1002 1253 1245 1309 καθελὼν
1305 1252 1506 1316 ἰκεῖνος
1571 1252 1663 1309 καί
1714 1253 1778 1309 τὸ
1833 1256 2185 1331 γραμμάτιον
2241 1257 2430 1333 εὑρὼν,
2478 1264 2568 1318 καὶ
2625 1265 2718 1320 τὸν
2773 1265 2825 1321 ἓν
2877 1268 3055 1342 τούτῳ
3111 1272 3358 1345 κείμετον
3417 1276 3673 1352 ἀναλεξά-

271 1362 432 1415 μενος
499 1346 649 1412 νοῦν,
706 1340 1016 1420 ἀπήγγειλε
1070 1346 1150 1414 τῷ
1206 1342 1594 1418 ἀμερμουμνῇ.
1657 1343 1755 1399 Καὶ
1813 1342 1970 1408 εὐθὺς
2026 1344 2373 1422 Ἀνδρόνικον
2427 1350 2517 1406 καὶ
2573 1353 2705 1416 τοὺς
2782 1355 2875 1412 σὺν
2954 1359 3105 1433 αὑτῷ
3174 1364 3238 1419 τὸ
3297 1362 3674 1445 δεσμωτήριον

268 1428 584 1488 ὑπεδέχετο.
618 1431 739 1486 Ἐπὶ
789 1430 937 1487 πολὺ
977 1429 1070 1487 οῦν
1117 1431 1581 1508 κακουχούμενοι,
1632 1432 1723 1488 καὶ
1783 1434 1861 1505 μή
1892 1433 2291 1539 ιἱιῐςρέροντεςητιίι
2349 1437 2413 1539 ἐκ
2475 1442 2884 1539 τῆςῌφυλακῆς
2943 1446 3190 1526 λυπηρὰ,
3248 1453 3674 1539 ἠναγκάσθηιράν

260 1540 407 1582 τινες
436 1521 537 1590 τὴν
568 1519 771 1575 οἰκείαν
802 1518 1161 1594 ἐξομόσασθαι
1202 1520 1404 1577 πίστιν.
1443 1522 1503 1580 Ὀ
1538 1523 1632 1595 μὲν
1667 1521 1758 1576 οὖν
1789 1519 2133 1598 Ἀνδρόνικος
2161 1525 2306 1583 οὕτω
2327 1530 2415 1583 καὶ
2447 1532 2540 1585 τὸν
2572 1518 2699 1606 βίον
2729 1534 3008 1592 κατέλυσε.

336 1612 743 1671 Κωνσταντῖνος
785 1606 844 1665 δὲ
899 1610 928 1665 6
983 1610 1180 1666 τούτου
1240 1610 1358 1672 υἱὸς
1418 1610 1528 1686 πρὸ
1579 1615 1678 1667 τοῦ
1735 1617 1911 1675 θανεῖν

260 1695 495 1766 ἐκεῖνον,
581 1694 786 1767 είδήσει
850 1698 942 1753 καὶ
995 1702 1092 1753 τοῦ
1163 1699 1387 1774 πατρὸς,
1449 1701 1911 1772 συσκευασάμενος

269 1785 408 1859 μετὰ
436 1786 527 1841 καί
555 1791 716 1841 τινῶν
775 1785 962 1842 ἄλλων
1018 1792 1127 1842 τῶν
1186 1787 1310 1862 περὶ
1367 1788 1530 1843 αὑτὸν
1586 1788 1913 1866 (ἐτύγχανον

263 1876 374 1953 γὰρ
407 1875 596 1950 ουχνοί
622 1877 737 1946 μετ’
785 1874 948 1930 αὑτοῦ
997 1874 1072 1931 ἔτι
1124 1875 1176 1931 ἐν
1234 1880 1303 1952 τῇ
1363 1882 1573 1957 φρουρᾷ
1627 1876 1912 1954 ἐγκαθειρ-

259 1963 459 2038 γμένοι
492 1966 573 2038 [Ρ.
609 1965 734 2037 604]
786 1960 876 2018 διὰ
902 1962 965 2019 τὸ
1022 1964 1096 2035 μή
1154 1965 1381 2034 θελῆσαι
1433 1967 1499 2021 τὸ
1546 1965 1745 2021 οἰκεῖον
1806 1967 1907 2021 ἀπ-

261 2053 486 2126 ώμοτον
525 2051 704 2107 θέσθαι
754 2048 937 2126 σέϐας)
991 2053 1059 2108 τὰ
1113 2049 1288 2128 δεσμὰ
1354 2051 1733 2130 διαρρήξαντες
1774 2055 1913 2131 ἐξέρ-

252 2171 454 2228 χονται
483 2158 585 2221 τῆς
623 2150 892 2229 φυλακῆς,
940 2153 1028 2207 καὶ
1071 2150 1335 2224 καλωδίῳ
1391 2152 1611 2216 ἑαυτοὺς
1662 2157 1906 2229 καθιμήο

255 2261 448 2303 σαντες
478 2238 661 2297 ἵππων
710 2260 770 2297 τε
828 2241 1228 2315 εὐπορήσαντες
1268 2238 1683 2311 ἀπεδίδρασκον.
1728 2251 1908 2318 Στρα-

251 2336 474 2386 τιωτῶν
508 2328 566 2386 δὶ
594 2332 942 2409 πεμφθέντων
1001 2328 1078 2392 είς
1131 2332 1230 2398 τήν
1284 2331 1608 2411 κατάσχεσιν
1673 2332 1906 2404 τούτων,

250 2422 348 2474 νῦν
406 2419 501 2493 μὶν
565 2417 989 2498 ὑποστρέφοντες
1071 2417 1160 2473 καὶ
1243 2417 1635 2493 πολεμοῦντες,
1719 2419 1808 2475 νῦν
1850 2419 1907 2477 δὲ

253 2509 490 2585 χρυσίον
524 2509 861 2586 ῥιπτοῦντες,
909 2508 1339 2579 ἀπεσκευάζοντο
1393 2510 1523 2572 τοὺς
1583 2507 1905 2579 διώκοντας,

247 2599 344 2654 καὶ
379 2596 556 2660 οὕτως
607 2596 830 2672 τ’σχυσαν
889 2592 1144 2664 ἐπιϐῆναι
1203 2601 1308 2652 τῶν
1366 2598 1529 2673 ὁρίων
1586 2599 1902 2672 Ῥωμαίων.

247 2687 413 2762 Ταχὺ
459 2687 553 2760 μὲν
613 2685 705 2741 οῦν
770 2687 799 2741 6
856 2684 1111 2760 βασιλεὺς
1163 2686 1255 2741 τὸν
1317 2692 1713 2743 Κωνσταντῖνον
1775 2709 1906 2760 μετ-

244 2778 564 2850 επέμψατο,
592 2776 683 2829 καὶ
714 2775 789 2837 ὡς
834 2774 997 2831 αὑτὸν
1040 2775 1252 2850 ἀγαγὼν
1305 2772 1508 2849 δώροις
1555 2776 1716 2832 αὐτὸν
1765 2797 1903 2832 παν-

247 2864 435 2925 τοίοις
466 2864 556 2919 καὶ
587 2864 712 2925 τοὺς
743 2863 866 2938 περὶ
909 2863 1069 2918 αὑτὸν
1113 2862 1611 2938 ἐφιλοφρονήσατο.
1666 2865 1900 2941 υληρω-

241 2953 448 3022 θείσης
481 2948 536 3007 δὲ
565 2958 666 3021 τῆς
697 2950 964 3028 ἐντυχίας.
998 2952 1049 3006 ἐν
1077 2957 1157 3024 τῷ
1208 2950 1431 3024 μέλλειν
1468 2952 1576 3009 ἀπὸ
1621 2957 1719 3009 τοῦ
1771 2973 1903 3030 χρυ-

245 3038 610 3114 σοτρικλίνου
669 3040 856 3113 ἐξιέναι
914 3041 1007 3097 τὸν
1089 3046 1488 3096 Κωνσταντίθον
1552 3040 1746 3115 (ἐκεῖσε
1798 3044 1899 3120 γὰρ

237 3128 555 3199 ἰποιῆσατο
586 3132 689 3199 τήν
747 3129 912 3184 αὑτοῦ
962 3127 1138 3205 δοχὴν
1166 3130 1196 3184 6
1233 3127 1511 3206 βασιλεὺς)
1569 3131 1901 3207 ὑποστρέψαι

233 3217 511 3282 κελεύσας
568 3218 751 3287 αὑτὸν,
808 3217 1109 3282 ἐνατενίσας
1160 3219 1299 3292 πρὸς
1363 3220 1460 3282 τὰς
1519 3218 1904 3295 ἰστηλωμένας

225 3308 448 3363 ἄνωθεν
478 3314 579 3376 τῆς
614 3284 798 3379 πύλης
829 3306 1040 3370 εἰκόνας
1071 3312 1167 3363 τοῦ
1199 3309 1433 3383 Χριστοῦ
1478 3310 1566 3364 καὶ
1618 3316 1720 3380 τῆς
1767 3318 1899 3367 Θεο-
1932 3284 1974 3350 C

227 3399 494 3473 μήτορος
551 3398 580 3452 6
637 3395 913 3473 βασιλεὺς,
972 3395 1100 3452 τάδε
1151 3398 1288 3470 πρὸς
1337 3398 1429 3453 τὸν
1490 3402 1893 3456 Κωνσταντῖνον

215 3485 472 3562 sip-tinet:
507 3510 535 3538 ιι
572 3487 663 3557 Μή
698 3506 757 3540 σε
784 3484 1069 3551 πλανάτω,
1100 3486 1146 3541 ὦ
1182 3488 1565 3551 Κωνσταντῖνε,
1603 3488 1667 3544 τὸ
1696 3487 1890 3562 ὄνομα,

211 3573 368 3650 μηδὲ
400 3571 498 3630 διὰ
526 3577 688 3630 τοῦτο
721 3572 842 3628 θ’ίου
896 3573 1178 3647 κατάρξειν
1223 3574 1540 3646 ¹Ρωμαίων⁶
1575 3578 1610 3646 ἡ
1647 3576 1897 3653 βασιλεία

216 3665 331 3740 γαρ
363 3668 454 3735 τῷ
484 3662 603 3735 ἐμῷ
641 3664 743 3734 οἱῷ
795 3663 1184 3735 Κωνσταντίνῳ
1235 3662 1294 3718 ἐκ
1344 3668 1479 3720 Θεοῦ
1524 3667 1894 3741 τεταμίευται,

220 3752 322 3808 καὶ
354 3752 532 3808 τοῦτό
568 3772 665 3827 μοι
713 3749 885 3821 δῆλον
945 3752 1164 3829 γέγονεν
1221 3752 1282 3807 ὲκ
1324 3751 1679 3828 προῤῥτςσεων
1733 3756 1891 3811 θείων

208 3839 444 3914 ἀνδρῶν
496 3839 588 3894 καὶ
638 3843 877 3915 προορᾷν
916 3839 985 3895 τὰ
1043 3837 1325 3914 μέλλοντα
1381 3838 1472 3895 διὰ
1521 3842 1892 3914 καθαρότητος

213 3928 624 4002 κτησαμένων.
682 3930 926 4001 Ἔμμενε
979 3932 1109 4004 γοῦν
1164 3932 1235 4003 τῇ
1309 3925 1526 4004 δοθείσῃ
1581 3951 1665 3985 σοι
1722 3935 1889 4006 τάξει,

203 4020 305 4075 καὶ
345 4021 431 4093 μή
469 4018 745 4096 φαντάζου
773 4020 840 4072 τὰ
881 4018 1013 4093 ὑπὲρ
1068 4018 1313 4075 σεαυτόν.
1368 4019 1439 4076 ’Ἢ
1492 4021 1598 4093 μήν
1650 4016 1760 4085 ἴσθι
1807 4023 1883 4085 ὡς

201 4111 668 4183 τυραννήσαντος
698 4111 732 4177 ὴ
765 4108 975 4188 κεφαλή
1012 4129 1131 4175 σου,
1164 4109 1418 4183 σώματος
1441 4107 1590 4185 ἄτερ,
1616 4108 1705 4166 διὰ
1723 4110 1888 4182 τῆσδε

205 4176 318 4269 τῆός
351 4176 553 4267 πύλης
581 4176 964 4254 ε’ῗσελεύσέται.
1003 4222 1032 4250 ››
1090 4199 1156 4256 Ὀ
1209 4199 1295 4252 καὶ
1361 4198 1580 4275 γέγονεν
1641 4199 1884 4277 ὕστερονο

214 4288 366 4360 μετὰ
422 4287 661 4352 θάνατον
716 4286 820 4365 γὰρ
872 4289 971 4342 τοῦ
1028 4287 1255 4349 Λέοντος
1312 4289 1649 4361 τυραννήσας
1713 4291 1743 4345 ὁ
1802 4294 2207 4374 Κῳνσταντῖνος
2267 4299 2496 4373 ἀνηρὲοη
2557 4301 2611 4359 ἐν
2668 4309 2745 4376 τῷ
2798 4311 2894 4363 τοῦ
2951 4310 3167 4385 γενικοῦ
3235 4315 3489 4393 σεκρέτῳ,

2097 1616 2282 1672 Filius
2311 1624 2508 1676 autem
2541 1623 2719 1694 hujus
2750 1626 3194 1702 Constantinus,
3225 1633 3351 1691 vivo
3395 1637 3585 1696 adhuc
3617 1648 3676 1697 et

2025 1706 2262 1761 conscio
2290 1715 2476 1779 patre,
2509 1727 2574 1765 re
2625 1729 2760 1769 cum
2820 1716 3178 1787 quibusdam
3241 1724 3372 1781 aliis
3430 1731 3674 1801 captivis

2025 1796 2387 1867 (complures
2428 1800 2586 1855 enim
2635 1802 2697 1857 in
2747 1821 2983 1862 carcere
3032 1826 3151 1865 una
3205 1812 3420 1870 inclusi
3482 1826 3670 1887 erant,

2026 1885 2182 1953 quod
2203 1885 2545 1957 religionem
2565 1907 2761 1947 veram
2777 1895 3027 1965 prodere
3049 1899 3299 1972 nollent)
3323 1885 3673 1978 composita,

2024 1972 2214 2044 ruptis
2240 1975 2491 2032 vinculis
2520 1995 2628 2050 per
2667 1980 2870 2038 funem
2922 2003 2988 2039 cx
3035 2004 3271 2045 carcere
3327 1992 3554 2066 delapsi
3613 2015 3674 2071 et

2024 2076 2210 2130 equos
2241 2065 2396 2118 nacti
2430 2067 2834 2141 profugerunt.
2869 2073 3199 2148 Militesque
3232 2080 3331 2150 qui
3365 2065 3479 2137 eos,
3508 2065 3670 2141 com;

2022 2150 2384 2220 prehensum
2414 2154 2579 2211 missi
2612 2157 3101 2231 insequebantur,
3126 2182 3285 2224 nunc
3306 2170 3663 2230 obvertendo

2022 2254 2087 2293 se
2117 2246 2175 2294 et
2206 2240 2563 2313 dimicando,
2597 2264 2753 2305 nunc
2784 2266 2993 2307 aurum
3020 2254 3081 2309 in
3113 2272 3228 2327 quo
3258 2260 3591 2334 colligendo
3624 2266 3665 2321 ii

2021 2336 2455 2400 occuparentur
2482 2336 2854 2407 projiciendo
2884 2343 3131 2412 amoliti,
3163 2348 3238 2403 ad
3268 2347 3419 2406 ﬁnes
3450 2353 3668 2410 Roma-

2023 2432 2236 2473 norum
2268 2429 2600 2479 evaserunt.
2634 2427 2962 2498 Imperator
2990 2433 3444 2494 Constantinum
3476 2447 3536 2495 et
3564 2445 3665 2513 qui

2020 2506 2226 2561 1000
2259 2525 2389 2563 cum
2424 2510 2553 2582 ipso
2578 2521 2748 2570 erant
2777 2518 2977 2573 statim
2997 2521 3071 2576 ad
3102 2540 3164 2578 se
3189 2533 3358 2582 vocat
3377 2528 3667 2603 donisque

2018 2594 2196 2649 variis
2226 2596 2457 2664 aftlcit;
2506 2605 2565 2655 et
2592 2618 2628 2657 a
2658 2604 2848 2674 primo
2902 2623 3245 2683 congressu,
3296 2633 3430 2672 cum
3483 2635 3664 2677 aureo

2020 2683 2281 2739 triclinio
2340 2694 2496 2743 esset
2534 2690 2797 2748 exiturus
2859 2696 3287 2757 Constantinus
3345 2705 3445 2773 (ibi
3506 2710 3664 2766 enim

2018 2793 2153 2834 eum
2187 2791 2499 2853 exceperat
2529 2788 2790 2845 convivio
2811 2792 2969 2861 Leot,
3001 2805 3233 2854 revocat
3255 2816 3388 2857 eum
3413 2803 3665 2876 impera-

2016 2874 2149 2935 tor;
2181 2880 2358 2944 atque
2390 2877 2578 2933 oculis
2610 2879 2671 2934 in
2705 2881 2995 2955 imagines
3026 2886 3240 2945 Christi
3274 2900 3333 2947 et
3373 2874 3660 2968 Deiparm,

2016 2976 2149 3031 quin
2172 2978 2426 3035 superne
2452 2975 2621 3024 erant
2650 2971 2972 3035 collocata).
3007 2976 3238 3036 deﬁxis.
3274 2983 3357 3038 sic
3406 2988 3653 3045 atl‘atur:

2015 3229 2115 3284 ris.
2152 3231 2385 3289 Etenim
2430 3236 2553 3290 tilio
2596 3253 2729 3294 meo
2780 3240 3169 3304 Constantino
3224 3251 3280 3305 id
3340 3229 3656 3325 imperium

2006 3317 2290 3377 divinitus
2342 3331 2432 3378 est
2462 3325 2844 3393 destinatum,
2878 3334 3034 3403 quod
3067 3353 3171 3409 ego
3195 3343 3456 3412 comperi
3509 3364 3650 3418 prai-

2007 3410 2372 3468 dictionibus
2429 3415 2760 3474 divinorum
2849 3422 3159 3482 hominum
3228 3432 3496 3490 castitate
3547 3453 3655 3494 sua

2006 3498 2340 3556 futurorum
2371 3507 2809 3575 praescientiam
2840 3518 3170 3570 nactorum.
3210 3517 3654 3596 Locum'itaque

2006 3592 2174 3643 tuum
2215 3596 2373 3654 tene,
2407 3608 2601 3665 neque
2631 3602 2689 3651 te
2722 3601 3031 3669 superiora
3070 3608 3468 3666 somniaveris.
3492 3615 3651 3672 Alio-

2005 3676 2107 3745 qui
2140 3678 2285 3731 scito
2318 3684 2509 3735 tuum.
2544 3682 2591 3735 si
2624 3686 3001 3755 tyrannidem
3035 3692 3422 3766 at‘t‘ectaveris,
3477 3707 3653 3774 caput

2003 3772 2217 3821 trunco
2251 3768 2455 3823 relicto
2489 3786 2594 3840 per
2621 3772 2775 3829 hanc
2805 3783 3034 3846 portam
3068 3780 3298 3839 illatum
3331 3786 3423 3842 iri.
3451 3809 3479 3838 »
3529 3791 3649 3848 Hoc

2002 3853 2243 3924 quidem
2296 3864 2507 3913 eventu
2560 3866 2650 3915 est
2706 3864 3144 3924 confirmatum.
3206 3873 3429 3931 Mortuo
3488 3880 3647 3939 enim

1998 3942 2212 4006 Leone.
2247 3945 2671 4004 Constantinus
2703 3967 2835 4007 cum
2870 3955 3179 4013 invasisset
3209 3960 3549 4035 imperium,
3584 3970 3645 4028 in

1998 4032 2198 4088 Genici
2232 4040 2459 4090 secreto
2491 4038 2878 4099 obtruncatus
2909 4051 3019 4111 est,
3078 4032 3370 4123 caputque
3418 4032 3553 4112 tabo
3587 4065 3647 4116 et

1996 4136 2205 4177 cruore
2247 4123 2481 4180 stillans
2510 4143 2616 4199 per
2645 4127 2860 4185 dictam
2891 4140 3122 4205 portam
3153 4138 3213 4195 in
3244 4141 3461 4214 regiam
3496 4147 3645 4204 alla-

1998 4213 2147 4265 tum.

3549 4324 3637 4380 καὶ

205 4375 306 4436 διὰ
339 4381 451 4447 τῆς
487 4378 749 4452 ῥηθείσης
778 4376 958 4445 πύλης
982 4376 1168 4453 λύθρῳ
1198 4376 1289 4432 καὶ
1317 4376 1512 4451 αἳματι
1540 4381 1843 4455 σταζομὶνη
1883 4387 1920 4455 ἡ
1949 4387 2145 4443 τούτου
2173 4388 2384 4469 κεφαλή
2416 4391 2648 4469 εἰσήχθη
2682 4375 2760 4460 είς
2787 4399 2855 4453 τὲ
2886 4375 3156 4475 βασίλεια.

276 4514 345 4574 Ὁ
380 4511 447 4570 δὲ
479 4510 739 4590 βασιλεὺς
791 4510 882 4569 διά
926 4533 1047 4569 τινα
1103 4513 1358 4568 ὑπόνοιαν
1416 4513 1716 4571 Εὑπάθιον
1778 4516 1881 4590 μά.

194 4624 446 4682 γιστρον
521 4602 614 4657 τὸν
676 4603 977 4678 ’Δργυροῦν
1035 4601 1350 4674 μετεκίνησε
1393 4608 1494 4671 τῆς
1546 4602 1729 4680 ἀρχῆς
1790 4607 1878 4678 (ἦν

193 4669 311 4769 γὰρ
342 4669 870 4767 ’δρουργάριοςλέῆὲ
934 4669 1171 4767 βίγλας),
1223 4669 1282 4753 δέ
1321 4691 1411 4746 καὶ
1453 4669 1878 4751 ήάπιῶνᾚνκᾶιέε

190 4781 499 4858 φαρμάκῳ
555 4779 938 4855 κατεργασθεὶς
1023 4777 1359 4850 ἐτελεύτησε,
1445 4778 1619 4835 πολὺν
1706 4781 1870 4838 πόθον

196 4870 378 4928 αὐτοῦ
442 4873 529 4941 τῷ
571 4890 629 4926 τε
694 4874 909 4946 στρατῷ
990 4868 1078 4924 καὶ
1134 4872 1214 4940 τῷ
1280 4866 1463 4943 στόλῳ
1540 4868 1876 4942 καταλιπὼν,

198 4959 610 5037 μεμνημένοις
674 4963 784 5014 τῶν
866 4955 1367 5035 ἀνδραγαθημάτων
1423 4958 1608 5017 αὑτοῦ.
1676 4962 1877 5042 Ἐτάφη

190 5047 254 5105 δὲ
280 5052 439 5107 κατὰ
470 5049 539 5104 τὸ
571 5048 874 5122 Χαρσιανὸν
904 5047 955 5103 ἐν
992 5051 1060 5123 τῇ
1105 5051 1247 5121 μονῇ
1276 5053 1377 5115 τῆς
1419 5047 1603 5122 Ἀγίας
1658 5050 1882 5123 Ἐλιζά-

202 5133 333 5208 ϐετ,
372 5134 448 5208 ἦν
520 5134 667 5192 Λέων
721 5137 749 5193 6
809 5136 1026 5199 nium:
1107 5135 1270 5192 αὑτοῦ
1324 5135 1760 5214 ἐκαινούργησεν,
1819 5141 1878 5205 ὅς

179 5230 280 5286 καὶ
317 5230 387 5286 τὸ
420 5232 541 5285 τῶν
593 5228 876 5303 Ἀργυρῶν
934 5227 1173 5293 ἐπίθετον
1223 5225 1579 5301 ἐκληρώσατο
1636 5236 1876 5306 πρῶτος⁹

192 5316 314 5377 εἴτε
360 5315 463 5375 δια
528 5317 872 5393 καθαρότητα
913 5317 1058 5393 βίου,
1122 5314 1229 5372 εἶ’τε
1284 5316 1376 5372 καὶ
1436 5314 1505 5372 δι’
1563 5317 1878 5394 εὐπρέπειαν

188 5407 276 5462 σώ
330 5424 504 5468 ατος.
543 5402 651 5460 εἶ’τε
707 5405 798 5460 καὶ
855 5401 946 5460 δά
998 5424 1115 5459 τινα
1153 5404 1353 5479 τρόπον
1400 5410 1502 5473 τῆς
1556 5405 1721 5462 αὐτοῦ
1767 5431 1878 5485 γεν-

197 5497 550 5565 ναιότητος·
608 5497 864 5549 τοσοῦτον
934 5494 1037 5570 γὰρ
1094 5499 1288 5561 περιῆν
1362 5493 1391 5547 6
1428 5492 1568 5570 ἀνὴρ
1622 5500 1729 5550 τῶν
1788 5495 1876 5555 ἐπὶ

178 5593 299 5648 eo}
336 5582 595 5660 Μιχαὴλ
637 5581 935 5662 γενομένων
986 5581 1288 5659 ἀνθρώπων
1336 5581 1472 5637 ὥστε
1522 5584 1690 5659 μόνος
1742 5589 1875 5661 μετὰ

173 5683 300 5741 1ιῶν
338 5676 649 5748 οἰκογενῶν
703 5672 1098 5752 συνερρήγνυτο
1141 5677 1260 5735 τοῖς
1314 5669 1373 5727 ἐκ
1427 5675 1704 5752 Τεφρικῆς
1753 5684 1873 5739 ua.

2063 4526 2357 4611 Praeterea
2369 4529 2481 4585 Leo
2505 4533 2877 4592 Eustathium
2890 4540 3236 4612 magistrum
3251 4544 3638 4620 drungarium

1988 4602 2479 4687 vigilim‘munere
2510 4638 2617 4677 suo
2648 4627 2868 4681 amovit
2894 4628 2969 4683 ob
3000 4632 3318 4700 quamdam
3349 4640 3640 4710 suspicio-

1992 4717 2129 4758 nem
2160 4721 2172 4769 ;
2207 4705 2377 4777 isque
2409 4707 2651 4766 domum
2682 4729 2849 4771 suam
2872 4716 3171 4790 digressus
3194 4740 3415 4781 veneno
3437 4729 3633 4800 periit,

1993 4808 2207 4864 magno
2241 4795 2329 4850 sui
2364 4796 2660 4855 desiderio
2720 4806 3004 4863 exercitui
3062 4810 3357 4884 classique
3402 4818 3634 4889 relicto,

1993 4882 2279 4952 praeclara
2310 4885 2438 4957 ejus
2468 4887 2734 4946 facinora
2763 4888 3051 4953 memoria
3079 4901 3500 4961 recolentibus.
3533 4908 3631 4963 Se-

1992 4971 2194 5040 pultus
2252 4979 2342 5028 est
2394 4976 2550 5047 apud
2608 4979 2998 5040 Charsianum
3056 4987 3118 5043 in
3177 4994 3537 5051 monasterio
3577 4996 3633 5052 S.

1991 5058 2324 5119 Elisabette.
2360 5064 2517 5134 quod
2546 5082 2763 5123 novum
2789 5083 2930 5127 avus
2968 5074 3099 5145 ejus
3122 5077 3233 5133 Leo
3264 5081 3631 5142 condiderat.

1989 5146 2093 5203 Hic
2128 5149 2334 5204 I070
2366 5151 2476 5207 Leo
2507 5154 2734 5225 primus
2761 5160 3143 5232 Argyrorum,
3181 5165 3242 5221 id
3281 5176 3392 5237 est,
3421 5188 3635 5246 argen-

1986 5240 2241 5302 teorum,
2283 5255 2608 5309 cognomen
2656 5247 2897 5304 familiai
2948 5267 3069 5307 sua;
3113 5254 3317 5312 intulit
3388 5260 3506 5317 sive
3553 5263 3628 5319 ob

1986 5324 2118 5378 vita;
2152 5326 2489 5395 puritatem.
2525 5331 2643 5387 sive
2674 5334 2748 5389 ob
2779 5335 3054 5396 decorem
3085 5347 3371 5414 corporis,
3413 5350 3534 5406 sive
3555 5353 3628 5409 ob

1987 5412 2279 5470 illustrem
2308 5416 2742 5491 fortitudinem,
2775 5443 2893 5498 qua
2948 5428 2997 5483 is
3029 5412 3288 5503 mquales
3318 5454 3456 5495 suos
3488 5442 3632 5512 (cla-

1986 5505 2107 5560 ruit
2134 5510 2333 5562 autem
2364 5508 2647 5569 Michaelo
2679 5514 3034 5588 imperante)
3062 5523 3209 5579 adeo
3242 5505 3539 5599 superavit
3564 5541 3630 5590 ut

1985 5594 2144 5650 solus
2176 5610 2310 5652 cum
2343 5599 2536 5655 vernis
2566 5603 2691 5659 suis
2723 5606 3076 5667 Manichaeos
3116 5614 3539 5687 Tephricenses
3570 5629 3629 5679 et

1988 5683 2347 5742 Melitenzeos
2404 5690 2706 5764 Agarenos
2769 5694 3013 5758 adortus
3086 5701 3148 5760 in
3194 5683 3403 5780 iugem
3452 5710 3629 5771 facile
