4054 6286
437 375 601 441 είεο

1783 365 2109 435 GEORGII
2148 366 2500 445 CEDBENI

3670 375 3814 443 ιιεε

442 510 788 587 oonjeeerit,
805 507 1187 582 nominisque
1206 507 1382 567 etiam
1405 507 1535 584 ejus
1551 507 1777 567 mentio
1796 512 2087 567 terrorem

2203 502 2558 581 νιχαίοιςκαὶ
2585 510 2704 571 τοῖς
2733 505 2795 565 ἑκ
2836 506 3157 582 Μελιτηνῆς
3200 513 3530 590 Αγαρηνοῖς,
3577 509 3665 568 καὶ
3699 509 3817 569 τοῦ-

441 601 714 662 hostibus
745 600 1083 661 incnsserit.

512 765 803 820 Craterum
823 767 1132 836 pactorum
1163 779 1343 820 causa
1371 779 1406 818 a
1434 764 1612 818 Tarso
1634 766 1693 819 et
1713 761 1988 817 Melitena
2011 761 2086 816 ad

441 854 700 912 Leonem
730 853 898 909 missi
922 859 1216 909 venerunt
1259 853 1467 925 Cpolin
1513 838 1835 909 Abelbaces
1878 855 1937 907 et
1984 851 2088 908 Sa-

440 962 636 1003 monm
668 948 854 1017 pater.
906 945 1064 1010 Qnos
1116 943 1430 1018 magnifico
1489 942 1718 1016 excepit
1765 943 2090 1014 imperator

443 1033 707 1091 convivio
738 1032 800 1088 in
832 1034 1168 1103 Magnanra,
1203 1032 1515 1106 splendide
1546 1033 1856 1088 instructa.
1907 1032 2089 1086 Exor-

443 1128 604 1186 navit
633 1133 693 1182 et
720 1128 990 1199 Magnum
1017 1124 1324 1196 Templum
1381 1124 1714 1197 magnifice,
1764 1122 2090 1197 legatisque

444 1215 800 1274 introductis
832 1213 1034 1270 omnia
1062 1213 1241 1269 etiam
1284 1229 1421 1270 vasa
1469 1211 1546 1269 ad
1602 1211 1862 1269 divinam
1910 1211 2090 1285 perti-

446 1306 652 1365 nentia
691 1304 990 1377 liturgiam
1043 1302 1487 1359 demonstravit.
1534 1302 1599 1358 Id
1647 1301 1889 1374 quidem
1936 1306 2092 1357 statu

449 1394 783 1452 Christiano
814 1392 1122 1465 indignum
1170 1391 1302 1458 fuit,
1351 1390 1681 1464 peregrinis
1728 1389 2090 1457 hominibus,

449 1483 643 1556 iisque
674 1500 709 1539 a
737 1498 872 1537 vera
900 1481 1185 1554 religione
1215 1480 1450 1549 alienis,
1481 1496 1551 1537 ea
1596 1478 1910 1536 ostendere
1961 1495 2091 1551 qua)

447 1591 525 1632 ne
554 1590 590 1630 a
614 1573 729 1646 piis
750 1571 992 1645 quidem
1013 1577 1071 1627 et
1087 1571 1330 1644 integrae
1352 1570 1483 1627 vita:
1505 1568 1851 1626 hominibus
1871 1575 2095 1625 temere

447 1665 720 1720 visuntur
770 1663 841 1717 Et
869 1661 1136 1717 Samonm
1166 1666 1337 1732 pater
1363 1677 1498 1716 cum
1530 1659 1756 1715 videret
1805 1665 2094 1732 quantum

450 1754 732 1829 potentias
762 1757 939 1824 atque
971 1751 1216 1807 honoris
1250 1750 1408 1823 apud
1466 1751 1888 1823 imperatorem
1938 1749 2095 1806 (ilius

2195 613 2325 657 τους
2357 591 2559 669 ῥᾳδίως
2609 597 2882 673 ἐτρέπετο.
2946 600 3051 658 Καὶ
3107 601 3170 656 τὸ
3226 600 3397 677 ὄνομα
3454 601 3617 657 αὐτοῦ
3667 598 3815 675 μόνον

2197 684 2576 762 φημιζόμενον
2607 680 2884 765 φόϐητρον
2917 687 2985 758 ἧν
3016 694 3149 745 πᾶσι
3177 694 3293 753 τοῖς
3320 688 3660 753 ἀντιπάλοις.

2272 773 2444 847 Χάριν
2492 771 2554 831 δὲ
2605 773 2876 852 ἀλλαγίου
2927 777 3320 858 ἐκπεμφθέντες
3366 779 3472 836 ἀπό
3520 800 3578 836 τε
3626 782 3820 855 Ταρσοῦ

2198 861 2291 918 καὶ
2323 861 2640 935 Μελιτηνῆς
2694 865 2722 921 δ
2776 886 2836 922 τε
2874 862 3221 940 Ἀϐελϐάκης
3278 868 3484 931 ἐκεῖνος
3534 869 3623 924 καὶ
3667 869 3694 924 ὁ
3735 872 3819 926 τοῦ

2200 956 2439 1024 Σαμωνᾶ
2495 954 2677 1028 πατὴρ
2733 951 3041 1012 κατέλαϐον
3097 957 3198 1028 τήν
3268 956 3679 1034 βασιλεύουσαν.
3730 958 3820 1015 Καὶ

2198 1040 2426 1104 τούτους
2449 1042 2478 1097 ὁ
2512 1041 2771 1118 βασιλεὺς
2802 1041 3037 1116 ,ἐδέξατο
3090 1045 3339 1122 μεγάλην
3392 1044 3569 1123 δοχῆν
3612 1048 3821 1118 ποιήσας

2201 1130 2292 1186 καὶ
2347 1131 2541 1206 κόσμῳ
2596 1131 2796 1206 πολλῷ
2851 1136 2953 1206 τὴν
3007 1136 3334 1213 Μαγναύραν
3408 1139 3817 1210 κατακοσμήσας.

2201 1217 2594 1278 Ἐκαλλώπισε
2623 1219 2682 1278 δὲ
2708 1223 2800 1279 καὶ
2829 1226 2929 1293 τὴν
2963 1225 3222 1304 Μεγάλην
3253 1225 3586 1299 Ἐκκλησίαν
3615 1238 3826 1284 πολύτε-

2204 1307 2336 1373 λῶς.
2370 1312 2457 1385 [Ρ.
2492 1313 2620 1385 605]
2646 1311 2738 1368 καὶ
2789 1313 3051 1393 εῗσήγαγε
3102 1315 3333 1380 τούτους
3389 1315 3585 1389 ἐκεῖσε,
3637 1316 3721 1371 καὶ
3767 1317 3827 1372 τὰ

2201 1398 2360 1472 τίμια
2424 1396 2693 1472 ὑπέδειξεν
2751 1403 2959 1459 ἅπαντα
3013 1403 3106 1461 καὶ
3174 1406 3243 1462 τὰ
3292 1408 3367 1480 τῇ
3459 1404 3577 1477 θείᾳ
3628 1403 3826 1481 λατρεία

2206 1487 2628 1568 λειτουργοῦντα
2680 1491 2868 1562 σκεύη.
2955 1495 3130 1551 Τοῦτο
3215 1491 3273 1551 δε
3329 1494 3544 1566 ἀνάξιον
3596 1494 3661 1564 ἦν
3713 1496 3828 1569 Χρι-

2207 1587 2487 1651 στιανικῆς
2540 1583 2936 1655 καταστάσεως,
2993 1583 3337 1667 ἄλλοφύλοις
3397 1587 3699 1662 ἀνθρώποις
3748 1583 3827 1640 καὶ

2205 1666 2565 1734 ἀλλοπίσεοις
2595 1669 2820 1730 ἐκθεατα
2850 1677 2961 1747 (35)
2990 1666 3166 1731 ποιεῖν
3197 1676 3263 1732 τὰ
3309 1675 3404 1732 καὶ
3452 1682 3570 1740 τοῖς
3625 1676 3697 1749 μὴ
3740 1695 3829 1730 κα-

2209 1759 2322 1824 λῶς
2352 1761 2567 1835 βιοῦσιν
2598 1756 2868 1817 εὖσεὸἑσιν
2918 1761 3231 1839 ἀνθρώποις
3279 1764 3507 1830 ἀθέατα.
3557 1765 3616 1823 Ὁ
3653 1760 3708 1819 δὲ
3744 1767 3829 1819 τοῦ

449 1844 766 1907 obtineret,
800 1857 936 1898 cum
970 1841 1092 1896 ﬁlio
1123 1856 1365 1897 manere
1394 1839 1582 1895 voluit
1609 1838 1803 1911 patria
1823 1838 2093 1894 Melitena

2206 1854 2438 1923 Σαμωνᾶ
2466 1851 2648 1926 πατὴρ
2675 1853 2774 1922 τήν
2808 1838 3137 1928 παρρησίαν,
3169 1854 3236 1926 ἢν
3270 1855 3299 1909 ὁ
3332 1853 3537 1910 τούτου
3567 1853 3678 1916 υἱὸς
3718 1850 3831 1929 ἔσχε

448 1931 703 1988 deSerta.
739 1931 952 1985 Verum
982 1930 1269 1986 Samonas
1301 1928 1361 1984 id
1388 1945 1598 2000 passus
1629 1944 1748 1984 nou
1792 1932 1904 1996 est,
1952 1928 2092 1984 hor-

448 2024 607 2078 tatus
632 2024 862 2092 patrem
889 2025 955 2075 ut
985 2018 1228 2074 domum
1261 2017 1483 2074 rediret
1510 2023 1570 2074 et
1597 2018 1661 2073 in
1681 2033 1789 2073 sua
1806 2016 2093 2087 religione

448 2113 875 2183 perseveraret,
922 2123 990 2163 ac
1047 2124 1113 2164 ee
1170 2124 1406 2179 quoque
1455 2111 1844 2179 exspectaret.
1902 2107 2095 2178 prima

447 2215 684 2271 quoque
706 2198 1016 2254 occasione
1039 2196 1279 2253 domum
1302 2197 1658 2254 rediturum.
1688 2198 1859 2253 Festo
1888 2199 2094 2253 Pente-

448 2294 626 2345 costm
657 2287 856 2343 1071
921 2286 1015 2342 die
1074 2286 1399 2359 imperator
1453 2286 1643 2343 {ilium
1711 2302 1885 2343 suum
1939 2288 2091 2342 Con-

447 2376 775 2434 stantinum
799 2392 979 2448 opera
999 2374 1300 2448 Euthymii
1319 2375 1672 2447 patriarchas
1687 2375 2004 2431 coronavit.
2021 2377 2095 2432 At

447 2483 585 2522 vero
613 2467 914 2528 Samonas,
962 2470 1030 2522 ut
1074 2469 1398 2537 Augustam
1442 2463 1869 2530 demereretur,
1919 2479 2092 2520 suum

450 2554 793 2612 ministrum
846 2555 1301 2610 Constantinum
1361 2553 1605 2609 natione
1654 2552 2092 2625 Paphlagonem

457 2643 798 2701 eunuchum
840 2643 893 2698 ei
920 2660 1026 2715 pro
1057 2642 1279 2700 famulo
1329 2642 1526 2697 tradit.
1574 2643 1627 2697 Is
1673 2640 2095 2698 Constantinus

453 2734 517 2791 in
546 2738 774 2789 tantam
806 2733 965 2788 venit
1019 2736 1291 2805 Augustas
1341 2737 1401 2787 et
1440 2730 1652 2787 Leonis
1705 2731 1975 2805 gratiam,
2029 2736 2097 2787 ut

452 2825 579 2897 ipse
602 2823 780 2880 etiam
809 2824 1095 2880 Samonas
1127 2822 1348 2879 invidia
1375 2827 1684 2896 correptus
1712 2821 1868 2896 apud
1908 2823 2094 2895 impe-

453 2921 712 2971 ratorem
744 2931 879 2971 eum
910 2913 1212 2979 detulerit,
1241 2913 1410 2984 quasi
1440 2930 1575 2969 cum
1604 2913 1940 2987 Augustalis
1970 2929 2096 2968 rem

454 3004 716 3061 haberet.
754 3004 856 3061 Cui
888 3002 1289 3059 criminationi
1331 3001 1581 3059 credens
1609 3002 1745 3071 Leo,
1769 3002 2100 3060 Constanti-

456 3112 601 3151 num
629 3094 900 3151 monachi
933 3097 995 3149 in
1017 3109 1244 3150 morem
1277 3091 1511 3149 tonderi
1549 3092 1744 3163 jubet,
1779 3099 1836 3147 et
1864 3092 1937 3149 ab
1970 3092 2097 3165 ipso

454 3184 709 3241 Samona
751 3182 812 3238 in
868 3182 1090 3238 Tarasii
1150 3181 1574 3237 monasterium
1629 3179 1862 3236 deduci.
1918 3180 2098 3237 Paulo

445 3277 581 3344 post
593 3278 790 3328 autem
814 3277 1041 3326 mutata
1066 3269 1363 3326 sententia
1383 3269 1647 3342 recipere
1666 3284 1800 3325 eum
1822 3271 2092 3341 cupiens,

449 3361 717 3431 ejusdem
751 3360 1021 3415 Samonzn
1052 3375 1234 3430 opera
1264 3374 1398 3413 eum
1430 3358 1492 3412 in
1517 3358 1946 3414 monasterium
1970 3360 2093 3432 Spi-

445 3466 647 3507 rarum
682 3448 1001 3504 transtulit.
1028 3449 1425 3519 Egressusque
1442 3446 1516 3501 ad
1539 3447 1919 3519 Damatryum
1948 3455 2007 3503 et
2028 3449 2091 3504 in

446 3538 718 3593 Samonaa
740 3552 992 3608 pransus
1015 3534 1539 3602 monasterio,cum
1555 3533 1787 3605 videret
1804 3537 2090 3595 Constan-

443 3626 658 3692 tinum,
691 3624 849 3681 illico
885 3623 1186 3681 mandavit
1218 3628 1280 3679 ut
1317 3623 1595 3680 monachi
1644 3622 1854 3681 habitu
1882 3630 2092 3682 exutus

444 3715 600 3774 civili
632 3715 845 3771 vestitu
877 3714 1258 3781 amiciretur;
1289 3719 1348 3769 et
1374 3711 1530 3786 apud
1589 3729 1727 3769 eum
1774 3715 2093 3774 convivaris

443 3806 724 3881 poculum
754 3806 807 3861 ei
840 3821 1013 3861 suum
1046 3803 1171 3860 dari
1195 3803 1398 3875 jussit.
1426 3819 1748 3875 secumque
1788 3804 2092 3863 hominem

441 3896 503 3953 in
533 3894 820 3967 palatium
854 3893 1106 3951 reduxit.
1140 3894 1428 3949 Samonas
1457 3892 1661 3949 videns
1718 3894 2094 3964 imperatoris

441 3985 505 4041 iu
537 3986 988 4041 Constantinum
1023 3999 1286 4039 amorem
1319 3998 1606 4050 crescere,
1656 3985 1986 4055 composita
2028 4002 2094 4042 re

441 4089 576 4130 cum
639 4074 877 4146 Megisto
938 4071 1229 4129 Cretonita
1285 4076 1344 4127 et
1399 4071 1685 4128 Michaelo
1740 4072 2092 4144 Tzirithone,

440 4162 714 4221 libellum
749 4162 1033 4219 conviciis
1066 4162 1126 4216 in
1156 4162 1414 4217 Leonem
1444 4160 1778 4218 innumeris
1808 4163 2093 4221 refertum

446 4271 627 4327 Opera
656 4254 866 4311 scribae
907 4253 1000 4310 sui
1022 4252 1620 4310 ConstantiniRhodii
1643 4253 1903 4321 conficit,
1934 4272 2096 4312 eum-

447 4360 564 4415 que
597 4344 799 4399 ποτε
832 4342 1242 4416 consignatum
1274 4342 1336 4396 in
1365 4342 1657 4398 Mitatorio
1704 4342 1927 4414 abjicit.
1978 4345 2094 4400 Im-

446 4439 688 4508 perator
715 4432 948 4505 publice
983 4432 1044 4488 in
1076 4433 1345 4504 Magnum
1376 4431 1686 4503 Templum
1725 4449 2092 4504 progressus,

446 4539 585 4580 cum
613 4523 676 4580 in
716 4522 1074 4578 Mitatorium
1105 4521 1383 4581 venisset.
1418 4536 1535 4592 quo
1558 4520 1688 4576 loco
1718 4521 2090 4593 precabatur,

2197 1940 2333 2010 πρὸς
2386 1940 2614 2016 βασιλέα
2668 1940 2760 1995 καὶ
2826 1943 2930 2011 τήν
2986 1944 3158 2015 τιμὴν
3214 1943 3553 2016 θεασάμενος
3608 1941 3693 1999 καὶ
3742 1942 3830 2010 τὴν

2198 2025 2378 2101 δόξαν,
2416 2027 2706 2105 ᾖρετίσατο
2764 2035 2995 2086 συνεῖναι
3051 2036 3132 2105 τῷ
3192 2033 3317 2104 υἱῷ,
3386 2029 3695 2102 Μελιτηνὴν
3743 2031 3829 2099 τὴν

2197 2117 2429 2196 πατρίδα
2460 2119 2930 2196 ἀπαρνησάμενος.
2987 2126 3256 2196 Σαμευνᾶς
3310 2119 3372 2179 δὲ
3421 2120 3487 2178 οὗ
3536 2121 3831 2196 συνεχώρει,

2197 2207 2427 2284 παρῄνει
2457 2204 2517 2264 δὲ
2575 2206 2790 2283 μᾶλλον
2849 2208 2924 2271 εἰς
2981 2210 3049 2266 τὰ
3106 2209 3280 2266 οἰκεῖα
3339 2211 3705 2279 ὗπονοστῆσαι
3749 2207 3828 2265 καὶ

2195 2303 2297 2366 τῆς
2329 2294 2466 2359 ἰδίας
2491 2293 2714 2379 ἔχεσθαί
2743 2296 3000 2368 πίστεως,
3044 2298 3374 2374 προσμένειν
3427 2297 3488 2356 δὲ
3531 2300 3622 2355 καὶ
3666 2298 3826 2365 αὐτὸν,

2199 2386 2246 2444 εἶ
2284 2390 2476 2461 καιροῦ
2533 2385 2789 2457 λάϐοιτο,
2848 2386 3024 2444 ἐκεῖσε
3060 2390 3325 2466 γενέσθαι.
3378 2393 3496 2461 Τῆς
3545 2386 3603 2447 δὲ
3655 2390 3824 2464 ἑορτῆς

2200 2474 2494 2547 ἐπιστάσης
2544 2474 2597 2531 ἐν
2653 2474 2690 2551 ᾖ
2744 2476 2809 2532 τὸ
2879 2479 3095 2552 Πνεῦμα
3150 2478 3215 2535 τὸ
3273 2477 3436 2554 ἃγιον
3492 2477 3545 2535 ἐν
3603 2477 3825 2553 πυρίναις

2197 2563 2473 2641 γλώσσαις
2525 2569 2644 2629 τοῖς
2724 2564 3060 2630 ἀποστόλοις
3146 2566 3456 2643 ἰφοίτησεν,
3515 2563 3699 2642 ἔστεψε
3753 2565 3829 2621 τὸν

2201 2655 2405 2712 οἰκεῖον
2436 2655 2549 2711 υἱὸν
2583 2658 2995 2714 Κωνσταντῖνον
3043 2658 3073 2714 ὁ
3128 2657 3390 2733 βασιλεὺς
3438 2656 3532 2715 διὰ
3576 2655 3832 2732 Εὐθυμίοο

2200 2752 2298 2804 τοῦ
2347 2747 2722 2825 πατριάρχου.
2794 2745 3053 2804 Σπεύδων
3104 2746 3163 2805 δὶ
3201 2751 3230 2806 ὁ
3291 2755 3564 2824 Σαμωνᾶς
3618 2749 3715 2818 τήν
3752 2752 3834 2818 τῆς

2208 2834 2491 2912 βασιλίδος
2522 2835 2660 2912 πρὸς
2717 2837 2907 2892 ἑαυτὸν
2964 2836 3357 2895 ἐπισπάσασθαι
3422 2839 3655 2908 εὔνοιαν,
3705 2844 3833 2893 Κων-

2204 2931 2478 2983 σταντῑνον
2534 2926 2629 2982 τὸν
2681 2925 2878 2982 ἑαυτοῦ
2937 2926 3215 3002 ὑπηρέτην
3273 2926 3538 3003 ἐκτομίαν
3590 2929 3712 2984 ὄντα
3755 2922 3831 2980 καὶ

2204 3022 2305 3085 τῆς
2336 3019 2448 3070 τῶν
2482 3012 2853 3095 Παφλαγόνων
2905 3016 3232 3090 ὁρμώμενον
3288 3018 3487 3092 χώρας
3526 3020 3593 3092 τῇ
3640 3013 3831 3093 Αὐγού-

2207 3126 2308 3181 στῃ
2337 3104 2606 3180 παρέσχεν
2639 3103 2952 3178 ὑπηρετεῖν.
2985 3107 3259 3162 Τοσοῦτον
3291 3103 3352 3163 δὲ
3392 3107 3554 3170 οὗτος
3590 3105 3827 3179 ἠγαπήθη

2136 3227 2181 3297 c
2209 3194 2340 3269 παρ’
2368 3192 2538 3263 αὐτῆς
2567 3191 2657 3249 καὶ
2686 3191 2921 3256 Λέοντος
2968 3198 3065 3251 τοῦ
3108 3193 3381 3271 βασιλέως
3431 3196 3509 3260 ὡς
3555 3195 3641 3251 καὶ
3686 3191 3825 3249 αὐτὸν

2244 3284 2258 3297 .
2335 3290 2369 3297 --
2537 3287 2564 3297 ..
2633 3280 2658 3297 ρ.
2783 3282 2829 3297 -.
3059 3283 3073 3297 .
3209 3284 3259 3297 ,.
3509 3286 3521 3297 .
3577 3281 3601 3297 μ
3660 3280 3680 3297 .
3751 3279 3773 3297 ι

2206 3284 2298 3340 τὸν
2333 3287 2595 3358 Σαμωνᾶν
2629 3280 2918 3359 διερεθίσαι
2975 3283 3114 3357 πρὸς
3159 3284 3386 3362 φθόνον,
3434 3286 3526 3341 καὶ
3571 3279 3828 3340 διαλοιδο-

2199 3379 2409 3450 ρεῖσοαι
2438 3372 2588 3444 αὖτῷ
2635 3372 2771 3446 πρὸς
2821 3370 3053 3447 βασιλέα
3105 3374 3180 3436 ὡς
3228 3377 3298 3447 τῇ
3361 3374 3648 3451 Αὐγούστῃ
3700 3371 3824 3444 τάχα

2198 3461 2585 3532 πλησιάζοντι·
2632 3459 2789 3537 ὅπερ,
2822 3462 2898 3524 ὡς
2922 3460 3127 3532 ἀληθὶς
3156 3461 3477 3530 πιστεύσας,
3525 3459 3823 3520 ἀποστείλας

2199 3550 2478 3623 ἀπέκειρεν
2518 3549 2682 3606 αὐτὰν
2717 3551 2960 3629 μοναχὸν
2993 3551 3045 3607 ἐν
3089 3556 3159 3627 τῇ
3189 3557 3289 3608 τοῦ
3335 3554 3534 3630 Ἀγίου
3576 3549 3821 3626 Ταρασίου

2201 3644 2345 3714 μονῇ
2378 3638 2449 3695 δι’
2481 3637 2646 3695 αὐτοῦ
2674 3643 2773 3696 τοῦ
2831 3645 3089 3711 Σαμωνᾶ.
3142 3642 3273 3700 Μετ’
3325 3641 3521 3720 ὀλίγον
3574 3639 3630 3697 δὲ
3678 3636 3820 3696 πάλιν

2202 3730 2496 3805 μεταγνοὺς
2533 3729 2624 3785 καὶ
2680 3726 3018 3806 προσλαϐεῖν
3071 3735 3266 3788 τοῦτον
3324 3730 3530 3789 ἐθέλων
3585 3731 3821 3805 μετήγαγε

2200 3817 2270 3876 δι’
2298 3817 2463 3876 αὐτοῦ
2506 3823 2603 3875 τοῦ
2658 3825 2895 3893 Σαμωνᾶ
2937 3818 3014 3882 είς
3050 3822 3150 3890 τήν
3204 3824 3379 3894 μονὴν
3427 3827 3537 3880 τῶν
3582 3823 3818 3892 Σπειριῖη.

2200 3908 2292 3965 Ἔν
2331 3911 2411 3980 τῷ
2458 3907 2740 3983 Δαματρῦϊ
2787 3907 2879 3962 οὗν
2924 3906 3158 3983 ἐξελθὼν
3193 3910 3222 3964 ὁ
3256 3908 3520 3986 βασιλεὺς
3561 3909 3646 3965 καὶ
3682 3905 3727 3963 ἐν
3758 3906 3815 3977 τῇ

2196 4000 2294 4053 τοῦ
2345 4001 2585 4067 Σαρωνᾶ
2641 3997 2936 4070 ἀριστήσας
2971 4001 3132 4071 μονῇ,
3182 3999 3271 4053 καὶ
3322 4001 3647 4073 θεασάμενος
3686 3998 3816 4054 Κων-

2200 4088 2496 4153 σταντῖνον,
2529 4081 2726 4146 εὐθέως
2781 4080 3183 4155 διεκελεύσατο,
3234 4086 3323 4142 καὶ
3374 4084 3639 4144 ἀπέδυσαν
3682 4081 3816 4139 αὐτὸν

2198 4173 2265 4228 τὰ
2292 4176 2390 4228 τοῦ
2441 4174 2713 4245 μονήρους
2778 4172 2898 4247 βίου
2956 4177 3133 4251 ἆμφια
3185 4173 3276 4231 καὶ
3333 4171 3579 4232 ἒνὲδυσαν
3638 4170 3814 4236 πολὺ

2201 4261 2478 4343 κοσμικήν
2539 4262 2673 4332 (36).
2734 4262 2840 4318 Καὶ
2917 4261 3304 4341 εὐωχούμενός
3384 4285 3451 4321 τε
3525 4263 3643 4338 παρ’
3693 4256 3814 4328 αὗτῷ

2201 4349 2425 4421 δοθῆναί
2459 4351 2514 4407 οἱ
2545 4349 2794 4407 ἱκὲλευσε
2846 4352 2909 4408 τὸ
2956 4354 3222 4428 ποτήριον
3279 4352 3332 4409 ἐν
3378 4359 3464 4427 τῷ
3498 4354 3705 4431 ἀρίστῳ,
3737 4343 3811 4403 καὶ

2205 4440 2594 4520 εἰσερχόμενος
2652 4438 2706 4494 ἐν
2760 4444 2839 4511 τῷ
2894 4439 3148 4516 παλατίῳ
3197 4441 3479 4523 ἐφείλκετο
3547 4441 3629 4499 καὶ
3678 4434 3810 4494 αὐτὸν

2208 4531 2324 4604 μετ’
2357 4528 2544 4584 αὐτοῦ.
2591 4528 2764 4605 Ὁρῶν
2823 4526 2882 4584 δὲ
2935 4529 3024 4585 καὶ
3083 4531 3113 4587 ὁ
3169 4536 3437 4605 Σαμωνᾶς
3488 4523 3807 4603 αὐξανομένην

447 4613 721 4670 libellum
753 4611 980 4668 invenit
1010 4625 1081 4666 ac
1107 4610 1264 4681 legit.
1300 4610 1381 4664 Ea
1410 4625 1505 4665 res
1558 4625 1659 4665 eos
1706 4610 1807 4682 qui
1850 4612 2093 4670 aderant

2206 4618 2306 4685 τήν
2338 4617 2473 4690 πρὸς
2522 4616 2615 4672 τὸν
2673 4623 3075 4677 Κωνσταντῖνον
3131 4623 3231 4677 τοῦ
3299 4620 3570 4698 βασιλέως
3629 4615 3806 4692 ἀγάπην

441 4702 506 4758 in
562 4716 835 4767 magnam
887 4698 1146 4770 conjecit
1201 4696 1688 4764 sollicitudinem,
1748 4704 1926 4772 atque
1980 4701 2094 4774 ipsi

448 4790 628 4847 etiam
659 4789 841 4844 Leoni
895 4804 1098 4844 curam
1155 4786 1352 4842 attulit
1406 4791 1709 4844 auctorem
1764 4790 2092 4860 quaerendi.

451 4879 570 4935 Sub
603 4875 760 4934 idem
795 4880 1027 4948 tempus
1056 4876 1212 4931 lunas
1242 4875 1508 4931 defectus
1538 4875 1832 4933 maximus
1858 4877 1985 4934 fuit.
2027 4882 2099 4936 Et

449 4968 564 5025 Leo
624 4965 1074 5040 Synnadensem
1151 4962 1612 5036 metropolitam.
1672 4965 2096 5026 Pantaleonem

448 5058 714 5114 nomine.
749 5054 1150 5113 astronomica
1177 5052 1473 5109 imbutum
1503 5051 1753 5110 scientia
1771 5055 2000 5123 accivit,
2032 5063 2100 5114 ut

448 5163 519 5203 ex
546 5164 617 5205 eo
661 5146 911 5218 deliquii
967 5145 1099 5217 ejus
1156 5143 1291 5215 quis
1349 5141 1581 5198 futurus
1638 5148 1797 5199 esset
1852 5145 2097 5204 effectus

447 5241 833 5311 cognosceret
859 5237 1003 5292 Eum
1026 5233 1101 5290 ad
1115 5249 1312 5305 regem
1327 5232 1649 5289 intrantem
1665 5233 1951 5291 Samonas
1965 5253 2100 5309 per-

450 5332 722 5383 contatus
751 5329 843 5382 est
870 5323 1109 5380 cuinam
1141 5320 1386 5376 adversa
1431 5319 1947 5392 portenderentur.
1983 5325 2096 5381 Re-

2206 4699 2511 4776 ἐπιϐουλὴν
2569 4706 2686 4762 κατ’
2745 4706 2909 4763 αὐτοῦ
2960 4709 3174 4784 ῥάπτει,
3230 4706 3388 4765 τόνδε
3445 4700 3800 4777 ουντεθειμένην

2202 4794 2296 4851 τὸν
2348 4794 2574 4869 τρόπον·
2635 4794 3176 4873 κοινολογησάμενος
3229 4798 3483 4874 Μεγίστῳ
3519 4801 3595 4871 τῷ
3638 4796 3806 4850 κοῖτω·

2202 4879 2322 4953 νίτῃ
2350 4878 2438 4935 καὶ
2475 4877 2713 4960 Μιχαὴλ
2744 4882 2823 4954 τῷ
2852 4881 3150 4957 Τζιρίθωνι
3193 4883 3543 4960 γραμμάτιον
3572 4876 3807 4942 συντίθησι

2206 4965 2488 5043 λοιδυρίας
2527 4964 2657 5044 ἔχον
2687 4970 2824 5025 κατὰ
2880 4974 2977 5027 τοῦ
3038 4973 3311 5049 βασινὲως
3371 4972 3637 5050 ἀπείρους,
3677 4969 3807 5025 Κων-

2207 5057 2482 5114 σταντίνου
2539 5062 2637 5114 τοῦ
2695 5057 2931 5132 Ῥοδίου,
2987 5060 3047 5125 ὅς
3104 5061 3555 5140 ὑπεγραμμάτευε
3602 5060 3674 5131 τῷ
3716 5058 3806 5110 Σα-

2211 5150 2387 5220 μωνᾷ,
2416 5149 2579 5203 τοῦτο
2629 5146 2934 5213 συνθέντος·
2993 5150 3127 5224 ὅπερ
3183 5151 3482 5227 γράψαντες
3533 5147 3613 5204 καὶ
3663 5159 3804 5218 σφρα-

2206 5235 2448 5315 γίσαντες
2481 5234 2534 5292 ἰν
2563 5255 2643 5310 τῳ
2671 5239 2989 5316 μιτατωρίιρ
3027 5233 3277 5316 ἶῤῥιψαν.
3330 5243 3440 5298 Τοῦ
3482 5238 3538 5296 Si
3574 5229 3802 5314 βασιλέως

2208 5322 2481 5400 δημοσίαν
2512 5322 2750 5401 πρόοδον
2779 5325 2832 5383 ἐν
2861 5315 2931 5403 τῇ
2970 5315 3198 5405 Μεγάλῃ
3234 5327 3533 5402 Ἐκκλησία
3551 5315 3804 5394 ποιησαμέ-

450 5415 809 5488 sponditque
834 5429 849 5470 :
871 5433 902 5466 «
927 5409 1197 5469 TibiSed
1218 5416 1417 5467 tamen
1430 5409 1478 5465 si
1504 5410 1566 5464 l3
1585 5408 1741 5466 Junii
1757 5409 1915 5467 diem
1929 5430 2093 5486 supe-

2205 5435 2322 5483 νου,
2354 5413 2451 5471 κᾶν
2485 5418 2566 5488 τῷ
2599 5417 2921 5494 μιτατωρίῳ
2953 5415 3317 5490 εἲσελοόντος,
3376 5420 3466 5476 καὶ
3495 5418 3543 5474 ἐν
3564 5415 3607 5490 ᾧ
3633 5408 3801 5486 ηὔχετο

1650 5508 2015 5595 XYLANDRI
2054 5514 2140 5571 ET
2177 5516 2394 5574 GOARI
2430 5515 2657 5575 NOTIE.
2874 5511 2879 5517 ⁷

528 5605 1206 5689 (35)-[ιθεοεόρὲαταχ-1ᾶ
1237 5607 1399 5677 enim
1419 5678 1433 5689 .
1457 5622 1666 5689 sensus
1703 5607 1936 5689 videtur
1982 5611 2107 5689 exi?
2212 5615 2471 5689 poisent,
2505 5616 2752 5689 maqimo
2778 5618 3143 5676 cubiculario.
3174 5620 3321 5676 ΧΠ..

456 5678 878 5764 εοεοιύθσῐεεο
916 5682 1196 5738 arctoam!
1234 5678 1475 5753 propria
1521 5678 1681 5737 duxi.
1730 5678 1893 5740 Alias
1940 5684 2104 5742 verbi

2285 5688 2399 5759 (36)
2428 5676 2615 5755 Quam
2629 5676 2836 5746 Latina
2860 5690 3122 5749 Ecclesia
3133 5691 3450 5751 saecularem
3473 5690 3639 5747 vocat.
3660 5680 3799 5739 Gen.
